{"host":"5cc4xbo9rb723k69","time":1610575217,"event":{"mods":["Act Like it!","Aspiration","Astrologer","Bartender","BaseMod","Bestiary","CapriCore","Conspire","Downfall","Duelist Mod","Friendly Minions","Gensokyo","Hermit","Hubris","Infinite Spire","Jedi Mod","Kiyohime????","Koishi","LagranYue(???·?)","Luminous","Mad Scientist","Mari Mod (Legacy)","Mari\u0027s V1 Patch","Marisa????????","Minty Spire (QoL Compilation)","Nova Terra(??·??)","Pale of the Ancients","Prisma Mod","Random Character Button","Reimu??????","Replay The Spire","Robot Space Explorer","Somnambulant","StSLib","The Alterego","The Animator","The Bladedancer","The Clintock","The Construct","The Cursed","The Disciple","The Exalted","The Gatherer","The Immortal","The Jungle","The Marked","The Mystic","The Problem Sleuth","The Runesmith","The Saiyan","The Senshi","The Servant 0.9.4","The Spell Scribe","TheArtist","Waifu the Spire","Yuri Mod","thorton","vexMod"],"gold_per_floor":[109,122,52,52,2,2,2],"floor_reached":6,"language":"DEU","playtime":1104,"items_purged":[],"score":36,"play_id":"50bb490e-2553-4d8b-bae9-e05afdcc7774","local_time":"20210113230017","is_ascension_mode":true,"campfire_choices":[],"circlet_count":0,"master_deck":["animator:Strike_GoblinSlayer","animator:Defend_GoblinSlayer","animator:Strike","animator:Strike","animator:Strike","animator:Defend","animator:Defend","animator:Defend","animator:LizardPriest","animator:DwarfShaman","animator:IchigoKurosaki","animator:IzunaHatsuse","animator:Cocytus","animator:Sonic","animator:Melzalgald","conspire:SpireCoStock"],"relics":["animator:LivingPicture","animator:TheMissingPiece","LagranYue:RandomDrawCardRelic"],"acts_visited":["Exordium"],"potions_floor_usage":[],"damage_taken":[{"damage":1,"enemies":"conspire:RoseBush","floor":1,"turns":3},{"damage":2,"enemies":"Jaw Worm","floor":2,"turns":5},{"damage":63,"enemies":"Gremlin Nob","floor":6,"turns":6}],"seed_played":"5724505625334200579","potions_obtained":[],"is_trial":false,"path_per_floor":["M","M","$","?","?","E"],"character_chosen":"THE_ANIMATOR","items_purchased":["animator:Sonic"],"campfire_rested":0,"item_purchase_floors":[3],"current_hp_per_floor":[65,63,63,63,63,0,0],"gold":2,"neow_bonus":"RANDOM_COLORLESS","is_daily":false,"chose_seed":false,"campfire_upgraded":0,"win_rate":0.0,"timestamp":1610575217,"path_taken":["M","M","$","?","?","E"],"items_purchased_type":["Card"],"build_version":"2020-12-22","purchased_purges":0,"victory":false,"max_hp_per_floor":[66,66,66,66,66,66,66],"card_choices":[{"not_picked":["animator:MisakiNakahara","animator:Zero"],"picked":"animator:IchigoKurosaki","floor":0},{"not_picked":["animator:MumenRider","animator:Scar"],"picked":"animator:IzunaHatsuse","floor":1},{"not_picked":["animator:Demiurge","animator:PandorasActor"],"picked":"animator:Cocytus","floor":2}],"player_experience":254573,"relics_obtained":[],"event_choices":[{"damage_healed":0,"gold_gain":0,"player_choice":"Invest 1","damage_taken":0,"max_hp_gain":0,"max_hp_loss":0,"event_name":"conspire:Investor","floor":5,"gold_loss":0}],"is_beta":false,"boss_relics":[],"items_purged_floors":[],"is_endless":false,"potions_floor_spawned":[],"killed_by":"Gremlin Nob","ascension_level":1}}