{"host":"ct28ocsd8g8yr2ah","time":1610552638,"event":{"mods":["BaseMod","Better Third Choice","Hermit","KinomotoSakuraMod(????)","Koishi","Marisa????????","Minty Spire (QoL Compilation)","Reimu??????","Remilia??????","StSLib","The Animator","The Gatherer","The Servant 0.9.4","Waifu the Spire","Youmu??????"],"gold_per_floor":[111,286,286,25,42,42,52,52,75,87,87,107,7,39,39,142,142,161,36,36,46,60,60,9,9,36,50,84,84,99,99,99,99,99],"floor_reached":33,"language":"RUS","playtime":1266,"items_purged":["Poor:ReiMu","Koishi:BasicStrike","Doubt"],"score":292,"play_id":"3db5117a-e29d-4e9b-9d1f-e4c64bd76191","local_time":"20210113204358","is_ascension_mode":false,"campfire_choices":[{"data":"Koishi:BloodcurdlingScream","floor":6,"key":"SMITH"},{"data":"Koishi:FadingMemory","floor":11,"key":"SMITH"},{"floor":15,"key":"REST"},{"floor":23,"key":"REST"},{"floor":25,"key":"REST"},{"floor":32,"key":"REST"}],"circlet_count":0,"master_deck":["Koishi:BasicStrike","Koishi:BasicStrike","Koishi:BasicDefend","Koishi:BasicDefend","Koishi:BasicDefend","Koishi:BasicDefend","Koishi:Provoke","Koishi:HauntingSlash","Koishi:JumpScare","Koishi:FadingMemory+1","Koishi:DreadfulBlow","Koishi:BloodcurdlingScream+1","Koishi:HeartAttack","Koishi:GrowingPain","Koishi:TremblingHands","Koishi:SilentAndRestless","Koishi:UnansweredLove","Koishi:SuperEgo","CurseOfTheBell","Koishi:EmbryosDream+1","Koishi:SilentAndRestless","Koishi:SubconsciousSweep","Koishi:CatchAndRose+1","Koishi:JumpScare","Koishi:UnseenTerror","Koishi:DreadfulBlow+1"],"relics":["Koishi:ImaginaryFriend","NeowsBlessing","YidongShenshe:ReiMu","Nunchaku","Calling Bell","PreservedInsect","Pantograph","Mango","Strawberry","Molten Egg 2","Nloth\u0027s Gift"],"acts_visited":["Exordium","TheCity"],"potions_floor_usage":[12,12,12,14,30,33],"damage_taken":[{"damage":0,"enemies":"Small Slimes","floor":1,"turns":1},{"damage":0,"enemies":"2 Louse","floor":5,"turns":1},{"damage":0,"enemies":"Cultist","floor":7,"turns":1},{"damage":1,"enemies":"3 Louse","floor":10,"turns":3},{"damage":41,"enemies":"Gremlin Gang","floor":12,"turns":7},{"damage":21,"enemies":"3 Sentries","floor":14,"turns":7},{"damage":10,"enemies":"Hexaghost","floor":16,"turns":9},{"damage":26,"enemies":"2 Thieves","floor":18,"turns":3},{"damage":19,"enemies":"Shell Parasite","floor":21,"turns":3},{"damage":2,"enemies":"Centurion and Healer","floor":22,"turns":7},{"damage":12,"enemies":"3 Cultists","floor":27,"turns":5},{"damage":29,"enemies":"Gremlin Leader","floor":28,"turns":5},{"damage":10,"enemies":"Sentry and Sphere","floor":30,"turns":5},{"damage":0,"enemies":"Centurion and Healer","floor":31,"turns":1},{"damage":96,"enemies":"Collector","floor":33,"turns":7}],"seed_played":"6181299204077737609","potions_obtained":[{"floor":1,"key":"PowerPotion"},{"floor":5,"key":"Dexterity Potion"},{"floor":10,"key":"Weak Potion"},{"floor":12,"key":"BlessingOfTheForge"},{"floor":27,"key":"Block Potion"},{"floor":28,"key":"Strength Potion"}],"is_trial":false,"path_per_floor":["M","?","?","$","M","R","M","?","T","M","R","M","$","E","R","B",null,"M","$","?","M","M","R","$","R","T","M","E","?","M","M","R","B"],"character_chosen":"KOISHI","items_purchased":["Koishi:FadingMemory","Koishi:DreadfulBlow","Koishi:JumpScare"],"campfire_rested":4,"item_purchase_floors":[4,4,24],"current_hp_per_floor":[60,60,60,60,60,60,60,60,60,59,59,21,21,1,19,16,74,51,51,51,35,37,59,59,74,81,74,51,51,46,46,70,0,0],"gold":99,"neow_bonus":"THREE_ENEMY_KILL","is_daily":false,"chose_seed":false,"campfire_upgraded":2,"win_rate":0.0,"timestamp":1610552638,"path_taken":["M","?","?","$","M","R","M","?","T","M","R","?","$","E","R","BOSS","M","$","?","M","?","R","$","R","T","M","E","?","?","M","R","BOSS"],"items_purchased_type":["Card","Card","Card"],"build_version":"2020-12-22","purchased_purges":3,"victory":false,"max_hp_per_floor":[60,60,60,60,60,60,60,60,60,60,60,60,60,60,60,60,74,74,74,74,74,74,74,74,74,81,81,81,81,81,81,81,81,81],"card_choices":[{"not_picked":["Koishi:UnconsciousUprising","Koishi:FidgetySnatcher"],"picked":"Koishi:JumpScare","floor":1},{"not_picked":["Koishi:DNAsFlaw","Koishi:StrangeCloudFist"],"picked":"Koishi:BloodcurdlingScream","floor":5},{"not_picked":["Koishi:PredatoryInstincts","Koishi:UnansweredLove"],"picked":"Koishi:HeartAttack","floor":7},{"not_picked":["Koishi:FleetingPhantom","Koishi:Catatonia"],"picked":"Koishi:TremblingHands","floor":10},{"not_picked":["Koishi:PhantomBarrier","Koishi:FleetingPhantom"],"picked":"Koishi:SilentAndRestless","floor":12},{"not_picked":["Koishi:SpiritedAway","Koishi:ConditionedTeleport"],"picked":"Koishi:UnansweredLove","floor":14},{"not_picked":["Koishi:FadingMemory","Koishi:Heartbroken"],"picked":"Koishi:SuperEgo","floor":16},{"not_picked":["Koishi:ApparitionsStalkTheNight+1","Koishi:FleetingPhantom"],"picked":"Koishi:EmbryosDream+1","floor":18},{"not_picked":["Koishi:SpiritedAway","Koishi:DreadfulBlow"],"picked":"Koishi:SubconsciousSweep","floor":21},{"not_picked":["Koishi:HeartfeltFancy+1","Koishi:TraumaticStroke+1"],"picked":"Koishi:CatchAndRose+1","floor":22},{"not_picked":["Koishi:BloodcurdlingScream+1","Koishi:ApparitionsStalkTheNight"],"picked":"Koishi:UnseenTerror","floor":27},{"not_picked":["Koishi:EmbersOfLove","Koishi:BramblyRoseGarden"],"picked":"Koishi:DreadfulBlow+1","floor":28},{"not_picked":["Koishi:RacingHeart+1","Koishi:DreadfulBlow+1"],"picked":"Koishi:ConditionedTeleport","floor":30}],"player_experience":521906,"relics_obtained":[{"floor":9,"key":"Nunchaku"},{"floor":14,"key":"StrikeDummy"},{"floor":17,"key":"PreservedInsect"},{"floor":17,"key":"Pantograph"},{"floor":17,"key":"Mango"},{"floor":26,"key":"Strawberry"},{"floor":28,"key":"Molten Egg 2"}],"event_choices":[{"damage_healed":0,"gold_gain":175,"player_choice":"AGREE","damage_taken":111,"max_hp_gain":0,"max_hp_loss":0,"event_name":"betterThird:BetterSerpent","floor":2,"gold_loss":0},{"damage_healed":0,"gold_gain":0,"player_choice":"Take Tiny Shrine away","damage_taken":0,"relics_obtained":["YidongShenshe:ReiMu"],"max_hp_gain":0,"max_hp_loss":0,"event_name":"yidonshenshe","floor":3,"gold_loss":0,"cards_obtained":["Poor:ReiMu"]},{"damage_healed":0,"gold_gain":0,"cards_transformed":["Koishi:BasicStrike"],"player_choice":"Transformed","damage_taken":0,"max_hp_gain":0,"max_hp_loss":0,"event_name":"Transmorgrifier","floor":8,"gold_loss":0,"cards_obtained":["Koishi:GrowingPain"]},{"damage_healed":0,"gold_gain":0,"player_choice":"Copied","damage_taken":0,"max_hp_gain":0,"max_hp_loss":0,"event_name":"Duplicator","floor":20,"gold_loss":0,"cards_obtained":["Koishi:SilentAndRestless"]},{"damage_healed":0,"gold_gain":0,"player_choice":"Traded Relic","damage_taken":0,"relics_obtained":["Nloth\u0027s Gift"],"max_hp_gain":0,"max_hp_loss":0,"event_name":"N\u0027loth","floor":29,"relics_lost":["StrikeDummy"],"gold_loss":0}],"is_beta":false,"boss_relics":[{"not_picked":["SlaversCollar","Fusion Hammer"],"picked":"Calling Bell"}],"items_purged_floors":[4,13,19],"is_endless":false,"potions_floor_spawned":[1,5,10,12,27,28,31],"killed_by":"Collector","ascension_level":0}}