{"host":"ji1fk25fd1ga4ji1","time":1610530064,"event":{"mods":["2.2 Compatiblity","BaseMod","Colored Map","DeckTracker","Minty Spire (QoL Compilation)","Permanent Neow","Quick Restart","StSLib","SuperFastMode"],"gold_per_floor":[115,126,76,87,12,12,87,120,120,120,120,120,154,170,170,265,265,280,298,317,317,61,61,79,79,103,115,115,115,115,115],"floor_reached":30,"language":"KOR","playtime":607,"items_purged":["Strike_R","Strike_R"],"score":250,"play_id":"92133905-d8c9-457f-bf74-8ca0c11a92a6","local_time":"20210113182744","is_ascension_mode":true,"campfire_choices":[{"data":"True Grit","floor":6.0,"key":"SMITH"},{"data":"Body Slam","floor":10.0,"key":"SMITH"},{"data":"Berserk","floor":12.0,"key":"SMITH"},{"data":"Double Tap","floor":15.0,"key":"SMITH"},{"floor":23,"key":"REST"},{"data":"Berserk","floor":25,"key":"SMITH"},{"data":"Metallicize","floor":29,"key":"SMITH"}],"circlet_count":0,"master_deck":["Strike_R","Defend_R","Defend_R","Defend_R","Bash","Body Slam+1","Inflame","True Grit+1","Berserk+1","Double Tap+1","Berserk+1","Shrug It Off","Metallicize+1"],"relics":["Burning Blood","Shuriken","Kunai","Bag of Preparation","SlaversCollar","Regal Pillow","MealTicket"],"acts_visited":["Exordium","TheCity"],"potions_floor_usage":[19],"damage_taken":[{"damage":4.0,"enemies":"Small Slimes","floor":1.0,"turns":5.0},{"damage":6.0,"enemies":"Jaw Worm","floor":2.0,"turns":4.0},{"damage":12.0,"enemies":"2 Louse","floor":4.0,"turns":4.0},{"damage":18.0,"enemies":"3 Sentries","floor":8.0,"turns":8.0},{"damage":9.0,"enemies":"Lagavulin","floor":13.0,"turns":5.0},{"damage":8.0,"enemies":"Blue Slaver","floor":14.0,"turns":3.0},{"damage":4.0,"enemies":"Slime Boss","floor":16.0,"turns":8.0},{"damage":32.0,"enemies":"Shell Parasite","floor":18.0,"turns":6.0},{"damage":20,"enemies":"2 Thieves","floor":19,"turns":4},{"damage":22,"enemies":"Snake Plant","floor":20,"turns":6},{"damage":9,"enemies":"Shelled Parasite and Fungi","floor":24,"turns":7},{"damage":16,"enemies":"Centurion and Healer","floor":27,"turns":7},{"damage":2,"enemies":"Sentry and Sphere","floor":30,"turns":3}],"seed_played":"3722598633105206045","potions_obtained":[{"floor":2.0,"key":"BlessingOfTheForge"},{"floor":14.0,"key":"ColorlessPotion"},{"floor":16.0,"key":"BlessingOfTheForge"},{"floor":18.0,"key":"Strength Potion"},{"floor":20,"key":"SteroidPotion"}],"is_trial":false,"path_per_floor":["M","M","?","M","$","R","?","E","T","R","?","R","E","M","R","B",null,"M","M","M","?","$","R","M","R","T","M","$","R","M"],"character_chosen":"IRONCLAD","items_purchased":["Regal Pillow"],"campfire_rested":1,"item_purchase_floors":[22],"current_hp_per_floor":[80,80,80,74,74,74,63,51,51,51,44,44,41,39,39,41,80,54,40,24,9,9,49,46,46,46,36,51,51,49,49],"gold":115,"neow_bonus":"TRANSFORM_CARD","is_daily":false,"chose_seed":false,"campfire_upgraded":6,"win_rate":0.0,"timestamp":1610530064,"path_taken":["M","M","?","M","$","R","?","E","T","R","?","R","E","?","R","BOSS","M","M","M","?","$","R","M","R","T","M","$","R","M"],"items_purchased_type":["Relic"],"build_version":"2020-12-22","purchased_purges":2,"victory":false,"max_hp_per_floor":[80,80,80,80,80,80,80,80,80,80,80,80,80,80,80,80,80,80,80,80,85,85,85,85,85,85,85,85,85,85,85],"card_choices":[{"not_picked":["Perfected Strike","Uppercut","Body Slam"],"picked":"SKIP","floor":1.0},{"not_picked":["Perfected Strike","Uppercut","Body Slam"],"picked":"SKIP","floor":1.0},{"not_picked":["Iron Wave","Hemokinesis"],"picked":"Inflame","floor":2.0},{"not_picked":["Bloodletting","Carnage"],"picked":"True Grit","floor":4.0},{"not_picked":["Perfected Strike","Heavy Blade"],"picked":"Berserk","floor":8.0},{"not_picked":["Reckless Charge","Battle Trance"],"picked":"Double Tap","floor":13.0},{"not_picked":["Clothesline","Warcry","Burning Pact"],"picked":"SKIP","floor":14.0},{"not_picked":["Brutality","Corruption"],"picked":"Berserk","floor":16.0},{"not_picked":["Sword Boomerang","Dark Embrace"],"picked":"Shrug It Off","floor":18.0},{"not_picked":["True Grit","Seeing Red","Armaments+1"],"picked":"SKIP","floor":19},{"not_picked":["Shrug It Off","Heavy Blade"],"picked":"Metallicize","floor":20},{"not_picked":["Clothesline","Spot Weakness","Rupture+1"],"picked":"SKIP","floor":24},{"not_picked":["Rupture+1","Flex","Fire Breathing+1"],"picked":"SKIP","floor":27}],"player_experience":473186,"relics_obtained":[{"floor":8.0,"key":"Shuriken"},{"floor":9.0,"key":"Kunai"},{"floor":13.0,"key":"Bag of Preparation"},{"floor":26,"key":"MealTicket"}],"event_choices":[{"cards_removed":["Strike_R"],"damage_healed":0.0,"max_hp_gain":0.0,"max_hp_loss":0.0,"gold_gain":0.0,"event_name":"The Cleric","player_choice":"Card Removal","floor":3.0,"gold_loss":50.0,"damage_taken":0.0},{"damage_healed":0.0,"max_hp_gain":0.0,"max_hp_loss":0.0,"gold_gain":75.0,"event_name":"World of Goop","player_choice":"Gather Gold","floor":7.0,"gold_loss":0.0,"damage_taken":11.0},{"cards_removed":["Strike_R"],"damage_healed":0.0,"max_hp_gain":0.0,"max_hp_loss":0.0,"gold_gain":0.0,"event_name":"Golden Wing","player_choice":"Card Removal","floor":11.0,"gold_loss":0.0,"damage_taken":7.0},{"damage_healed":0,"gold_gain":0,"player_choice":"Shed Blood","damage_taken":20,"max_hp_gain":5,"max_hp_loss":0,"event_name":"Forgotten Altar","floor":21,"gold_loss":0}],"is_beta":false,"boss_relics":[{"not_picked":["Coffee Dripper","Calling Bell"],"picked":"SlaversCollar"}],"items_purged_floors":[5,22],"is_endless":false,"potions_floor_spawned":[2,14,16,18,20],"killed_by":"Sentry and Sphere","ascension_level":1}}