{"host":"jggt5i9rbuoqvque","time":1610566303,"event":{"mods":["BaseMod","Colored Map","Minty Spire (QoL Compilation)","StSLib"],"gold_per_floor":[116,41,54,54,66,101,114,132,132,143,143,155,155,165,165,165,165],"floor_reached":16,"language":"KOR","playtime":419,"items_purged":["Decay"],"score":143,"play_id":"bb8dcd30-87bc-463d-ae42-1f97afb204e9","local_time":"20210114043143","is_ascension_mode":true,"campfire_choices":[{"data":"Bash","floor":11.0,"key":"SMITH"},{"data":"Pommel Strike","floor":13.0,"key":"SMITH"},{"data":"Heavy Blade","floor":15.0,"key":"SMITH"}],"circlet_count":0,"master_deck":["Strike_R","Strike_R","Strike_R","Strike_R+1","Strike_R+1","Defend_R","Defend_R","Defend_R","Defend_R","Bash+1","Dropkick","Heavy Blade+1","Pommel Strike+1","Battle Trance"],"relics":["Burning Blood","StoneCalendar","Lantern","Whetstone"],"acts_visited":["Exordium"],"potions_floor_usage":[16],"damage_taken":[{"damage":19.0,"enemies":"Cultist","floor":1.0,"turns":5.0},{"damage":10.0,"enemies":"2 Louse","floor":3.0,"turns":3.0},{"damage":7.0,"enemies":"Jaw Worm","floor":5.0,"turns":2.0},{"damage":35.0,"enemies":"Lagavulin","floor":6.0,"turns":7.0},{"damage":14.0,"enemies":"Lots of Slimes","floor":7.0,"turns":4.0},{"damage":0.0,"enemies":"3 Louse","floor":8.0,"turns":4.0},{"damage":4.0,"enemies":"Red Slaver","floor":10.0,"turns":4.0},{"damage":3.0,"enemies":"Blue Slaver","floor":12.0,"turns":2.0},{"damage":11.0,"enemies":"Exordium Wildlife","floor":14.0,"turns":3.0},{"damage":18,"enemies":"Slime Boss","floor":16,"turns":5}],"seed_played":"41438679154542835","potions_obtained":[{"floor":3.0,"key":"Energy Potion"},{"floor":6.0,"key":"Swift Potion"},{"floor":7.0,"key":"Dexterity Potion"},{"floor":10.0,"key":"Energy Potion"},{"floor":12.0,"key":"Dexterity Potion"},{"floor":14.0,"key":"Strength Potion"}],"is_trial":false,"path_per_floor":["M","$","M","$","M","E","M","M","T","M","R","M","R","M","R","B"],"character_chosen":"IRONCLAD","items_purchased":[],"campfire_rested":0,"item_purchase_floors":[],"current_hp_per_floor":[59,59,55,55,54,25,17,23,23,25,25,28,28,23,23,5,5],"gold":165,"neow_bonus":"ONE_RARE_RELIC","is_daily":false,"chose_seed":false,"campfire_upgraded":3,"win_rate":0.0,"timestamp":1610566303,"path_taken":["M","$","M","?","M","E","M","M","T","M","R","M","R","M","R","BOSS"],"items_purchased_type":[],"build_version":"2020-12-22","purchased_purges":1,"victory":false,"max_hp_per_floor":[80,80,80,80,80,80,80,80,80,80,80,80,80,80,80,80,80],"card_choices":[{"not_picked":["Pommel Strike","Armaments","Ghostly Armor"],"picked":"SKIP","floor":1.0},{"not_picked":["Havoc","Warcry","Sever Soul"],"picked":"SKIP","floor":3.0},{"not_picked":["Uppercut","Perfected Strike"],"picked":"Dropkick","floor":5.0},{"not_picked":["Thunderclap","Dropkick"],"picked":"Heavy Blade","floor":6.0},{"not_picked":["Flex","Anger","Perfected Strike"],"picked":"SKIP","floor":7.0},{"not_picked":["Barricade","Evolve","Headbutt"],"picked":"SKIP","floor":8.0},{"not_picked":["Warcry","Flex"],"picked":"Pommel Strike","floor":10.0},{"not_picked":["Warcry","Rage","Searing Blow"],"picked":"SKIP","floor":12.0},{"not_picked":["Havoc","Bloodletting"],"picked":"Battle Trance","floor":14.0}],"player_experience":330746,"relics_obtained":[{"floor":6.0,"key":"Lantern"},{"floor":9.0,"key":"Whetstone"}],"event_choices":[],"is_beta":false,"boss_relics":[],"items_purged_floors":[2],"is_endless":false,"potions_floor_spawned":[3,6,7,10,12,14],"killed_by":"Slime Boss","ascension_level":7}}