{"host":"1a3cjta80tad0aqj","time":1610536542,"event":{"mods":["2.2 Compatiblity","AchievementEnabler","BaseMod","Colored Map","DeckTracker","KOR Keyword Fix","Keyboard Shortcuts","Minty Spire (QoL Compilation)","Permanent Neow","Quick Restart","Random Character Button","StSLib","SuperFastMode","everything is the same but u backflip on backflip"],"gold_per_floor":[110,127,127,4,16,16,33,67,67,95,105,105,137,137,137,242,242,253,271,286,236,1,31,31,31,54,54,89,100,116,133,133,228,228,244,257,53,102,102,102,102,27,27,27,42,52,65,75,75,75],"floor_reached":51,"language":"KOR","playtime":2099,"items_purged":["Strike_P","Worship"],"score":802,"play_id":"765dd9b1-2658-4387-afdf-739510b9adb6","local_time":"20210113201542","is_ascension_mode":true,"campfire_choices":[{"data":"Eruption","floor":6.0,"key":"SMITH"},{"floor":12.0,"key":"REST"},{"floor":15.0,"key":"REST"},{"floor":24.0,"key":"REST"},{"data":"Blasphemy","floor":27.0,"key":"SMITH"},{"data":"Ragnarok","floor":32.0,"key":"SMITH"},{"data":"Adaptation","floor":40.0,"key":"SMITH"},{"data":"BowlingBash","floor":44.0,"key":"SMITH"},{"floor":49.0,"key":"REST"}],"circlet_count":0,"master_deck":["Eruption+1","Vigilance","Dramatic Entrance","FollowUp","Adaptation+1","CutThroughFate","FlurryOfBlows","BowlingBash+1","MentalFortress","Tantrum","Blasphemy+1","DeceiveReality","Meditate","WindmillStrike","ClearTheMind","Swivel","EmptyBody+1","EmptyFist+1","Ragnarok+1","Halt","MentalFortress+1","SashWhip+1","Master of Strategy","Injury","BowlingBash+1"],"relics":["PureWater","Orichalcum","White Beast Statue","Bird Faced Urn","Bronze Scales","Ornamental Fan","Pandora\u0027s Box","Pocketwatch","Bag of Marbles","Boot","Cursed Key","Membership Card","Torii","Pen Nib","Eternal Feather"],"acts_visited":["Exordium","TheCity","TheBeyond"],"potions_floor_usage":[50,50,50],"damage_taken":[{"damage":0.0,"enemies":"Jaw Worm","floor":1.0,"turns":1.0},{"damage":0.0,"enemies":"Small Slimes","floor":2.0,"turns":2.0},{"damage":1.0,"enemies":"Cultist","floor":5.0,"turns":3.0},{"damage":10.0,"enemies":"Large Slime","floor":7.0,"turns":2.0},{"damage":8.0,"enemies":"3 Sentries","floor":8.0,"turns":3.0},{"damage":8.0,"enemies":"Gremlin Nob","floor":10.0,"turns":4.0},{"damage":3.0,"enemies":"Looter","floor":11.0,"turns":2.0},{"damage":1.0,"enemies":"3 Sentries","floor":13.0,"turns":3.0},{"damage":36.0,"enemies":"Hexaghost","floor":16.0,"turns":5.0},{"damage":14.0,"enemies":"Shell Parasite","floor":18.0,"turns":4.0},{"damage":10.0,"enemies":"2 Thieves","floor":19.0,"turns":3.0},{"damage":12.0,"enemies":"Snake Plant","floor":20.0,"turns":3.0},{"damage":3.0,"enemies":"Slavers","floor":23.0,"turns":3.0},{"damage":0.0,"enemies":"Gremlin Leader","floor":28.0,"turns":3.0},{"damage":0.0,"enemies":"Centurion and Healer","floor":29.0,"turns":4.0},{"damage":0.0,"enemies":"Snecko","floor":30.0,"turns":3.0},{"damage":1.0,"enemies":"Chosen and Byrds","floor":31.0,"turns":3.0},{"damage":24.0,"enemies":"Champ","floor":33.0,"turns":5.0},{"damage":2.0,"enemies":"3 Darklings","floor":35.0,"turns":3.0},{"damage":1.0,"enemies":"3 Shapes","floor":36.0,"turns":2.0},{"damage":35.0,"enemies":"2 Orb Walkers","floor":38.0,"turns":4.0},{"damage":7.0,"enemies":"Spire Growth","floor":45.0,"turns":3.0},{"damage":0.0,"enemies":"4 Shapes","floor":46.0,"turns":1.0},{"damage":34.0,"enemies":"Sphere and 2 Shapes","floor":47.0,"turns":4.0},{"damage":18.0,"enemies":"Maw","floor":48.0,"turns":6.0},{"damage":30,"enemies":"Donu and Deca","floor":50,"turns":5}],"seed_played":"-2784490898782403048","potions_obtained":[{"floor":2.0,"key":"BlessingOfTheForge"},{"floor":5.0,"key":"Energy Potion"},{"floor":7.0,"key":"Explosive Potion"},{"floor":10.0,"key":"FearPotion"},{"floor":11.0,"key":"FearPotion"},{"floor":13.0,"key":"SpeedPotion"},{"floor":16.0,"key":"EssenceOfSteel"},{"floor":18.0,"key":"Energy Potion"},{"floor":19.0,"key":"SteroidPotion"},{"floor":20.0,"key":"DistilledChaos"},{"floor":23.0,"key":"Energy Potion"},{"floor":28.0,"key":"GamblersBrew"},{"floor":31.0,"key":"Regen Potion"},{"floor":38.0,"key":"GamblersBrew"},{"floor":45.0,"key":"Strength Potion"}],"is_trial":false,"path_per_floor":["M","M","?","$","M","R","M","E","T","E","M","R","E","?","R","B",null,"M","M","M","?","$","E","R","$","T","R","E","M","M","M","R","B",null,"M","M","$","?","?","R","?","$","T","R","M","M","M","M","R","B",null],"character_chosen":"WATCHER","items_purchased":["BottledMiracle","Ragnarok","Membership Card","Ambrosia","Pen Nib"],"campfire_rested":4,"item_purchase_floors":[4,22,37,37,42],"current_hp_per_floor":[72,72,65,65,64,64,54,46,46,38,35,56,55,37,58,26,72,60,52,44,44,44,43,64,64,64,64,66,70,72,71,71,49,72,70,71,71,36,63,63,63,63,63,63,56,58,29,17,50,26],"gold":75,"neow_bonus":"RANDOM_COLORLESS","is_daily":false,"chose_seed":false,"campfire_upgraded":5,"win_rate":0.0,"timestamp":1610536542,"path_taken":["M","M","?","$","M","R","M","E","T","E","M","R","E","?","R","BOSS","M","M","M","?","$","E","R","$","T","R","E","M","M","M","R","BOSS","M","?","$","?","?","R","?","$","T","R","M","M","M","M","R","BOSS"],"items_purchased_type":["Potion","Card","Relic","Potion","Relic"],"build_version":"2020-12-22","purchased_purges":2,"victory":true,"max_hp_per_floor":[72,72,72,72,72,72,72,72,72,72,72,72,72,72,72,72,72,72,72,72,72,72,72,72,72,72,72,72,72,72,72,72,72,72,72,72,72,72,63,63,63,63,63,63,63,63,63,63,63,63],"card_choices":[{"not_picked":["Deep Breath","Swift Strike"],"picked":"Dramatic Entrance","floor":0.0},{"not_picked":["LikeWater","Consecrate"],"picked":"FollowUp","floor":1.0},{"not_picked":["Protect","Meditate"],"picked":"Adaptation","floor":2.0},{"not_picked":["WaveOfTheHand","ThirdEye"],"picked":"CutThroughFate","floor":5.0},{"not_picked":["Prostrate","Halt"],"picked":"FlurryOfBlows","floor":7.0},{"not_picked":["BattleHymn","JustLucky","WheelKick"],"picked":"SKIP","floor":8.0},{"not_picked":["SashWhip","FlyingSleeves"],"picked":"BowlingBash","floor":10.0},{"not_picked":["SashWhip","Nirvana"],"picked":"MentalFortress","floor":11.0},{"not_picked":["Evaluate","JustLucky"],"picked":"Tantrum","floor":13.0},{"not_picked":["LessonLearned","Alpha"],"picked":"Blasphemy","floor":16.0},{"not_picked":["SandsOfTime","PathToVictory"],"picked":"EmptyBody+1","floor":18.0},{"not_picked":["FlyingSleeves+1","Tantrum","FollowUp+1"],"picked":"SKIP","floor":19.0},{"not_picked":["BowlingBash+1","CrushJoints"],"picked":"EmptyFist+1","floor":20.0},{"not_picked":["Prostrate","MentalFortress"],"picked":"Halt","floor":23.0},{"not_picked":["PathToVictory","Wallop"],"picked":"MentalFortress+1","floor":28.0},{"not_picked":["Brilliance","BowlingBash+1"],"picked":"SashWhip+1","floor":29.0},{"not_picked":["Pray","Consecrate","PathToVictory"],"picked":"SKIP","floor":30.0},{"not_picked":["CarveReality+1","BattleHymn","Worship+1"],"picked":"SKIP","floor":31.0},{"not_picked":["FlurryOfBlows","WreathOfFlame+1","ClearTheMind+1"],"picked":"SKIP","floor":35.0},{"not_picked":["ThirdEye","WreathOfFlame+1","WaveOfTheHand+1"],"picked":"SKIP","floor":36.0},{"not_picked":["Finesse","Good Instincts"],"picked":"Master of Strategy","floor":41.0},{"not_picked":["WheelKick","SandsOfTime","CutThroughFate"],"picked":"SKIP","floor":45.0},{"not_picked":["Sanctity+1","ThirdEye","LikeWater+1"],"picked":"SKIP","floor":46.0},{"not_picked":["Protect","CrushJoints+1"],"picked":"BowlingBash+1","floor":47.0},{"not_picked":["Collect+1","CrushJoints","Evaluate+1"],"picked":"SKIP","floor":48.0}],"player_experience":293714,"relics_obtained":[{"floor":8.0,"key":"Orichalcum"},{"floor":9.0,"key":"White Beast Statue"},{"floor":10.0,"key":"Bird Faced Urn"},{"floor":13.0,"key":"Bronze Scales"},{"floor":23.0,"key":"Pocketwatch"},{"floor":26.0,"key":"Bag of Marbles"},{"floor":28.0,"key":"Boot"},{"floor":38.0,"key":"Torii"},{"floor":43.0,"key":"Eternal Feather"}],"event_choices":[{"cards_removed":["Defend_P"],"damage_healed":0.0,"max_hp_gain":0.0,"max_hp_loss":0.0,"gold_gain":0.0,"event_name":"Golden Wing","player_choice":"Card Removal","floor":3.0,"gold_loss":0.0,"damage_taken":7.0},{"damage_healed":0.0,"max_hp_gain":0.0,"max_hp_loss":0.0,"gold_gain":0.0,"event_name":"Scrap Ooze","player_choice":"Success","floor":14.0,"gold_loss":0.0,"damage_taken":18.0,"relics_obtained":["Ornamental Fan"]},{"damage_healed":0.0,"max_hp_gain":0.0,"max_hp_loss":0.0,"gold_gain":0.0,"event_name":"The Joust","player_choice":"Bet on Owner","floor":21.0,"gold_loss":50.0,"damage_taken":0.0},{"damage_healed":0.0,"max_hp_gain":0.0,"max_hp_loss":0.0,"gold_gain":0.0,"event_name":"Mysterious Sphere","player_choice":"Fight","floor":38.0,"gold_loss":0.0,"damage_taken":0.0},{"damage_healed":63.0,"max_hp_gain":0.0,"max_hp_loss":9.0,"gold_gain":0.0,"event_name":"The Moai Head","player_choice":"Heal","floor":39.0,"gold_loss":0.0,"damage_taken":0.0},{"damage_healed":0.0,"max_hp_gain":0.0,"max_hp_loss":0.0,"gold_gain":0.0,"event_name":"SensoryStone","player_choice":"Memory 1","floor":41.0,"gold_loss":0.0,"damage_taken":0.0}],"is_beta":false,"boss_relics":[{"not_picked":["Calling Bell","Tiny House"],"picked":"Pandora\u0027s Box"},{"not_picked":["Velvet Choker","Runic Dome"],"picked":"Cursed Key"}],"items_purged_floors":[4,22],"is_endless":false,"potions_floor_spawned":[2,5,7,10,11,13,16,18,19,20,23,28,29,30,31,33,35,36,38,45,46,47,48],"ascension_level":2}}