{"host":"w3q5ijqu8eoknil3","time":1610527881,"event":{"mods":["AchievementEnabler","BaseMod","Block Reminder","Colored Powertips","Curses Come First","Minty Spire (QoL Compilation)","Quick Restart","Relic Stats","StSLib","ojb\u0027s Better Paths Mod","ojb\u0027s Info Mod","slay the spire mod where everything is the same but ironclad has a cowboy hat"],"gold_per_floor":[119,134,134,134,149,149,149],"floor_reached":6,"language":"ENG","playtime":276,"items_purged":[],"score":68,"play_id":"00f3c27d-a678-4a95-b299-1c64b87d9fcb","local_time":"20210113085121","is_ascension_mode":true,"campfire_choices":[],"circlet_count":0,"master_deck":["AscendersBane","Strike_G","Strike_G","Strike_G","Strike_G","Strike_G","Defend_G","Defend_G","Defend_G","Defend_G","Defend_G","Survivor","Neutralize","Blade Dance","Flying Knee","Poisoned Stab"],"relics":["Black Star"],"acts_visited":["Exordium"],"potions_floor_usage":[6],"damage_taken":[{"damage":9,"enemies":"Jaw Worm","floor":1,"turns":8},{"damage":0,"enemies":"Small Slimes","floor":2,"turns":4},{"damage":2,"enemies":"Cultist","floor":5,"turns":5},{"damage":55,"enemies":"Lagavulin","floor":6,"turns":11}],"seed_played":"9108010157357982918","potions_obtained":[{"floor":5,"key":"Dexterity Potion"}],"is_trial":false,"path_per_floor":["M","M","?","?","M","E"],"character_chosen":"THE_SILENT","items_purchased":[],"campfire_rested":0,"item_purchase_floors":[],"current_hp_per_floor":[50,50,50,55,53,0,0],"gold":149,"neow_bonus":"BOSS_RELIC","is_daily":false,"chose_seed":false,"campfire_upgraded":0,"win_rate":0.0,"timestamp":1610527881,"path_taken":["M","M","?","?","M","E"],"items_purchased_type":[],"build_version":"2020-12-22","purchased_purges":0,"victory":false,"max_hp_per_floor":[66,66,66,71,71,71,71],"relic_stats":{"counters":[4,28],"Black Star":0,"obtain_stats":[{"Black Star":0,"Ring of the Snake":0},{"Black Star":0,"Ring of the Snake":0},{"Black Star":0,"Ring of the Snake":0}]},"card_choices":[{"not_picked":["Quick Slash","Calculated Gamble"],"picked":"Blade Dance","floor":1},{"not_picked":["Blur","Blade Dance"],"picked":"Flying Knee","floor":2},{"not_picked":["Quick Slash","Well Laid Plans"],"picked":"Poisoned Stab","floor":5}],"player_experience":973936,"relics_obtained":[],"event_choices":[{"damage_healed":0,"gold_gain":0,"player_choice":"Ignored","damage_taken":0,"max_hp_gain":0,"max_hp_loss":0,"event_name":"Shining Light","floor":3,"gold_loss":0},{"damage_healed":0,"gold_gain":0,"player_choice":"Donut","damage_taken":0,"max_hp_gain":5,"max_hp_loss":0,"event_name":"Big Fish","floor":4,"gold_loss":0}],"is_beta":false,"boss_relics":[],"items_purged_floors":[],"is_endless":false,"potions_floor_spawned":[5],"killed_by":"Lagavulin","ascension_level":18}}