{"host":"qy7jow5usmjkdnnq","time":1610580460,"event":{"mods":["BaseMod","Colored Map","Downfall","Minty Spire (QoL Compilation)","Permanent Neow","Relic Stats","StSLib"],"gold_per_floor":[99,112,123,123,123,123,173,187,27,42,62,94,4,29,45,140,140,40,54,130,130,142,42,42,42,71,90,124,24,54,128,140,240,240,240,254,274,274,324,354,354,354,373,391,391,96,128,143,158,158,158,158,158],"floor_reached":52,"language":"ENG","playtime":6088,"items_purged":["bronze:Strike"],"score":1253,"play_id":"30856da1-fe19-4d7c-b968-578cd32d8814","local_time":"20210114002740","is_ascension_mode":true,"campfire_choices":[{"data":"Chrysalis","floor":1.0,"key":"SMITH"},{"floor":6.0,"key":"RECALL"},{"data":"bronze:HardenedForm","floor":18.0,"key":"SMITH"},{"data":"bronze:Mutator","floor":23.0,"key":"SMITH"},{"data":"bronze:RecursiveStrike","floor":29.0,"key":"SMITH"},{"floor":35.0,"key":"REST"},{"floor":45.0,"key":"REST"}],"circlet_count":0,"master_deck":["bronze:Replicate+1","bronze:Goto+1","Chrysalis+1","bronze:Return","bronze:WildBeam+1","bronze:GetLatest","bronze:InfiniteBeams","bronze:Iterate","bronze:Frontload+1","bronze:ForceShield+1","bronze:Assembly+1","bronze:HardenedForm+1","bronze:CloningBeam","bronze:RecursiveStrike+1","bronze:Fortify","bronze:ForLoop+1","bronze:Mutator+1","bronze:FineTuning+1","bronze:Invalidate+1","bronze:DelayedSlice","bronze:Optimize+1","bronze:BuggyMess+1","bronze:ChildClass+1","bronze:Shell+1","bronze:Overload+1","bronze:InfiniteLoop+1","bronze:Constructor+1","bronze:Constructor+1","bronze:InfiniteBeams+1","bronze:DelayedGuard+1","bronze:Philosophize+1","bronze:Iterate+1","bronze:SpaghettiCode+1"],"relics":["bronze:BronzeCore","downfall:BrokenWingStatue","bronze:ProtectiveGoggles","Toolbox","Toxic Egg 2","Guardian:PocketSentry","Pandora\u0027s Box","downfall:HeartBlessingRed","Meat on the Bone","Molten Egg 2","downfall:HeartBlessingGreen","Boot","Toy Ornithopter","downfall:HeartBlessingBlue","Tiny Chest","Blue Candle","Fusion Hammer","bronze:BottledCode","Mango","Thread and Needle","Pantograph","Gremlin Horn","hexamod:BolsterEngine","ClockworkSouvenir","The Courier"],"acts_visited":["Exordium","TheCity","TheBeyond","TheEnding"],"potions_floor_usage":[52,52],"damage_taken":[{"damage":0.0,"enemies":"Small Slimes","floor":2.0,"turns":4.0},{"damage":0.0,"enemies":"Cultist","floor":3.0,"turns":3.0},{"damage":0.0,"enemies":"2 Louse","floor":8.0,"turns":2.0},{"damage":0.0,"enemies":"downfall:FleeingMerchant","floor":9.0,"turns":4.0},{"damage":4.0,"enemies":"Blue Slaver","floor":10.0,"turns":2.0},{"damage":0.0,"enemies":"2 Fungi Beasts","floor":11.0,"turns":2.0},{"damage":0.0,"enemies":"Lagavulin","floor":12.0,"turns":4.0},{"damage":0.0,"enemies":"downfall:FleeingMerchant","floor":13.0,"turns":4.0},{"damage":16.0,"enemies":"Gremlin Nob","floor":14.0,"turns":3.0},{"damage":0.0,"enemies":"Exordium Wildlife","floor":15.0,"turns":4.0},{"damage":22.0,"enemies":"ArchetypeAct1Statuses","floor":16.0,"turns":7.0},{"damage":6.0,"enemies":"3 Byrds","floor":19.0,"turns":3.0},{"damage":0.0,"enemies":"downfall:FleeingMerchant","floor":20.0,"turns":2.0},{"damage":4.0,"enemies":"Spheric Guardian","floor":22.0,"turns":5.0},{"damage":3.0,"enemies":"Gremlin Leader","floor":26.0,"turns":5.0},{"damage":10.0,"enemies":"Centurion and Healer","floor":27.0,"turns":5.0},{"damage":12.0,"enemies":"Slavers","floor":28.0,"turns":3.0},{"damage":32.0,"enemies":"Gremlin Leader","floor":30.0,"turns":6.0},{"damage":3.0,"enemies":"Shelled Parasite and Fungi","floor":32.0,"turns":3.0},{"damage":12.0,"enemies":"downfall:Defect","floor":33.0,"turns":5.0},{"damage":0.0,"enemies":"Orb Walker","floor":36.0,"turns":4.0},{"damage":0.0,"enemies":"3 Darklings","floor":37.0,"turns":4.0},{"damage":0.0,"enemies":"3 Darklings","floor":39.0,"turns":3.0},{"damage":2.0,"enemies":"Nemesis","floor":40.0,"turns":5.0},{"damage":0.0,"enemies":"Writhing Mass","floor":43.0,"turns":4.0},{"damage":9.0,"enemies":"Spire Growth","floor":44.0,"turns":3.0},{"damage":0.0,"enemies":"Giant Head","floor":47.0,"turns":5.0},{"damage":7.0,"enemies":"Transient","floor":48.0,"turns":5.0},{"damage":0.0,"enemies":"Writhing Mass","floor":49.0,"turns":4.0},{"damage":2.0,"enemies":"downfall:Watcher","floor":50.0,"turns":12.0},{"damage":84,"enemies":"downfall:CharBossMerchant","floor":52,"turns":6}],"seed_played":"-6306233168370121826","potions_obtained":[{"floor":10.0,"key":"Dexterity Potion"},{"floor":14.0,"key":"Dexterity Potion"},{"floor":15.0,"key":"LiquidBronze"},{"floor":16.0,"key":"SteroidPotion"},{"floor":22.0,"key":"Energy Potion"},{"floor":26.0,"key":"Dexterity Potion"},{"floor":28.0,"key":"Ancient Potion"},{"floor":30.0,"key":"ColorlessPotion"},{"floor":32.0,"key":"EntropicBrew"},{"floor":33.0,"key":"Guardian:BlockOnCardUsePotion"},{"floor":39.0,"key":"Energy Potion"},{"floor":40.0,"key":"hexamod:SoulburnPotion"},{"floor":43.0,"key":"Dexterity Potion"}],"is_trial":false,"path_per_floor":["R","M","M","?","?","R","T","M","$","M","M","E","$","E","M","B",null,"R","M","$","?","M","R","T","?","E","M","E","R","E","T","M","B",null,"R","M","M","?","?","E","T","T","M","M","R","$","E","M","M","B",null,"E"],"character_chosen":"THE_AUTOMATON","items_purchased":["Toolbox","Meat on the Bone","hexamod:BolsterEngine","ClockworkSouvenir"],"campfire_rested":2,"item_purchase_floors":[9,20,46,46],"current_hp_per_floor":[63,63,63,63,63,63,63,63,63,59,59,59,59,43,43,21,63,63,57,57,57,53,53,53,53,50,40,40,50,30,30,44,37,73,73,73,73,63,77,77,77,77,77,68,77,77,77,70,70,75,77,0,0],"gold":158,"neow_bonus":"RANDOM_COLORLESS_2","is_daily":false,"chose_seed":false,"campfire_upgraded":4,"win_rate":0.0,"timestamp":1610580460,"path_taken":["R","M","M","?","?","R","T","M","$","M","?","E","$","E","M","BOSS","R","M","$","?","M","R","T","?","E","M","E","R","E","?","M","BOSS","R","M","M","?","?","E","T","?","M","M","R","?","E","M","M","BOSS","E"],"items_purchased_type":["Relic","Relic","Relic","Relic"],"build_version":"2020-12-22","purchased_purges":1,"victory":false,"max_hp_per_floor":[63,63,63,63,63,63,63,63,63,63,63,63,63,63,63,63,63,63,63,63,63,63,63,63,63,63,63,63,73,73,73,73,73,73,73,73,73,63,77,77,77,77,77,77,77,77,77,77,77,77,77,77,77],"relic_stats":{"Gremlin Horn":[0,0],"counters":[31,131],"Blue Candle":[0],"Pantograph":7,"Pandora\u0027s Box":["bronze:CloningBeam","bronze:RecursiveStrike","bronze:Fortify","bronze:ForLoop","bronze:Mutator","bronze:FineTuning","bronze:Invalidate"],"Tiny Chest":1,"Boot":[136],"obtain_stats":[{"bronze:BronzeCore":0,"Gremlin Horn":42,"downfall:HeartBlessingGreen":23,"Mango":39,"Boot":26,"ClockworkSouvenir":46,"downfall:BrokenWingStatue":4,"downfall:HeartBlessingBlue":29,"Pantograph":41,"Toolbox":9,"Tiny Chest":30,"Fusion Hammer":34,"Toxic Egg 2":12,"downfall:HeartBlessingRed":18,"Blue Candle":31,"Thread and Needle":40,"The Courier":47,"Guardian:PocketSentry":14,"bronze:BottledCode":38,"bronze:ProtectiveGoggles":7,"Pandora\u0027s Box":17,"Molten Egg 2":21,"hexamod:BolsterEngine":46,"Toy Ornithopter":28,"Meat on the Bone":20},{"bronze:BronzeCore":0,"Gremlin Horn":24,"downfall:HeartBlessingGreen":14,"Mango":23,"Boot":15,"ClockworkSouvenir":26,"downfall:BrokenWingStatue":2,"downfall:HeartBlessingBlue":17,"Pantograph":24,"Toolbox":4,"Tiny Chest":18,"Fusion Hammer":20,"Toxic Egg 2":7,"downfall:HeartBlessingRed":11,"Blue Candle":18,"Thread and Needle":24,"The Courier":27,"Guardian:PocketSentry":9,"bronze:BottledCode":22,"bronze:ProtectiveGoggles":2,"Pandora\u0027s Box":11,"Molten Egg 2":13,"hexamod:BolsterEngine":26,"Toy Ornithopter":17,"Meat on the Bone":13},{"bronze:BronzeCore":0,"Gremlin Horn":92,"downfall:HeartBlessingGreen":49,"Mango":87,"Boot":54,"ClockworkSouvenir":99,"downfall:BrokenWingStatue":7,"downfall:HeartBlessingBlue":62,"Pantograph":92,"Toolbox":13,"Tiny Chest":68,"Fusion Hammer":76,"Toxic Egg 2":21,"downfall:HeartBlessingRed":39,"Blue Candle":68,"Thread and Needle":92,"The Courier":104,"Guardian:PocketSentry":28,"bronze:BottledCode":84,"bronze:ProtectiveGoggles":7,"Pandora\u0027s Box":39,"Molten Egg 2":44,"hexamod:BolsterEngine":99,"Toy Ornithopter":62,"Meat on the Bone":44}],"Toy Ornithopter":17,"Meat on the Bone":36},"card_choices":[{"not_picked":["Secret Technique","Transmutation"],"picked":"Chrysalis","floor":0.0},{"not_picked":["bronze:Frontload","bronze:DelayedGuard"],"picked":"bronze:Return","floor":2.0},{"not_picked":["bronze:Shield","bronze:Shell"],"picked":"bronze:WildBeam","floor":3.0},{"not_picked":["bronze:Shell","bronze:Overheat"],"picked":"bronze:GetLatest","floor":8.0},{"not_picked":["bronze:WhirlingStrike","bronze:BitShift"],"picked":"bronze:InfiniteBeams","floor":9.0},{"not_picked":["bronze:OilSpill","bronze:Backtrace","bronze:Turbo"],"picked":"SKIP","floor":10.0},{"not_picked":["bronze:BronzeArmor","bronze:WhirlingStrike"],"picked":"bronze:Iterate","floor":11.0},{"not_picked":["bronze:Iterate","bronze:Backtrace"],"picked":"bronze:Frontload+1","floor":12.0},{"not_picked":["bronze:CloningBeam","bronze:Repulsor"],"picked":"bronze:ForceShield+1","floor":13.0},{"not_picked":["bronze:Frontload+1","bronze:Iterate","bronze:BitShift+1"],"picked":"SKIP","floor":14.0},{"not_picked":["bronze:BuggyMess+1","bronze:Overheat"],"picked":"bronze:Assembly+1","floor":15.0},{"not_picked":["bronze:CleanCode","bronze:RecursiveStrike"],"picked":"bronze:HardenedForm","floor":16.0},{"not_picked":["bronze:BugBarrage","bronze:CutThrough"],"picked":"bronze:DelayedSlice","floor":19.0},{"not_picked":["bronze:OilSpill","bronze:FineTuning+1"],"picked":"bronze:Optimize+1","floor":20.0},{"not_picked":["bronze:WhirlingStrike+1","bronze:Turbo+1"],"picked":"bronze:BuggyMess+1","floor":22.0},{"not_picked":["bronze:Frontload+1","bronze:Shell+1","bronze:BugBarrage+1"],"picked":"SKIP","floor":26.0},{"not_picked":["bronze:Turbo+1","bronze:ClassDefault","bronze:OilSpill+1"],"picked":"SKIP","floor":27.0},{"not_picked":["bronze:Turbo+1","bronze:ClassDefault","bronze:OilSpill+1"],"picked":"SKIP","floor":27.0},{"not_picked":["bronze:BronzeArmor+1","bronze:Mutator"],"picked":"bronze:ChildClass+1","floor":28.0},{"not_picked":["bronze:NullPointer+1","bronze:Frontload+1"],"picked":"bronze:Shell+1","floor":30.0},{"not_picked":["bronze:WildBeam+1","bronze:Invalidate+1"],"picked":"bronze:Overload+1","floor":32.0},{"not_picked":["bronze:RecursiveStrike+1","bronze:Verify"],"picked":"bronze:InfiniteLoop+1","floor":33.0},{"not_picked":["bronze:BronzeOrb+1","bronze:Flail+1"],"picked":"bronze:Constructor+1","floor":36.0},{"not_picked":["bronze:Overheat+1","bronze:OilSpill+1","bronze:Overload+1"],"picked":"SKIP","floor":37.0},{"not_picked":["bronze:BugBarrage+1","bronze:FineTuning+1"],"picked":"bronze:Constructor+1","floor":39.0},{"not_picked":["bronze:BronzeArmor+1","bronze:Boost+1"],"picked":"bronze:InfiniteBeams+1","floor":40.0},{"not_picked":["bronze:Separator+1","bronze:Overheat+1"],"picked":"bronze:DelayedGuard+1","floor":43.0},{"not_picked":["bronze:Invalidate+1","bronze:Frontload+1"],"picked":"bronze:Philosophize+1","floor":44.0},{"not_picked":["bronze:Fortify+1","bronze:DelayedSlice+1"],"picked":"bronze:Iterate+1","floor":47.0},{"not_picked":["bronze:ChosenStrike+1","bronze:DelayedSlice+1","bronze:Return+1"],"picked":"SKIP","floor":48.0},{"not_picked":["bronze:WhirlingStrike+1","bronze:OilSpill+1"],"picked":"bronze:SpaghettiCode+1","floor":49.0}],"player_experience":617738,"relics_obtained":[{"floor":7.0,"key":"bronze:ProtectiveGoggles"},{"floor":12.0,"key":"Toxic Egg 2"},{"floor":14.0,"key":"Guardian:PocketSentry"},{"floor":26.0,"key":"Boot"},{"floor":28.0,"key":"Toy Ornithopter"},{"floor":30.0,"key":"Tiny Chest"},{"floor":31.0,"key":"Blue Candle"},{"floor":39.0,"key":"Mango"},{"floor":40.0,"key":"Thread and Needle"},{"floor":41.0,"key":"Pantograph"},{"floor":42.0,"key":"Gremlin Horn"},{"floor":47.0,"key":"The Courier"}],"event_choices":[],"is_beta":false,"boss_relics":[{"not_picked":["Runic Dome","Tiny House"],"picked":"Pandora\u0027s Box"},{"not_picked":["Calling Bell","Black Star"],"picked":"Fusion Hammer"}],"items_purged_floors":[13],"is_endless":false,"potions_floor_spawned":[10,14,15,16,22,26,28,30,32,33,39,40,43,47],"killed_by":"downfall:CharBossMerchant","ascension_level":4}}