{"host":"s41rn2jhghpwfrvz","time":1610520953,"event":{"mods":["BaseMod","Minty Spire (QoL Compilation)","Quick Restart","Relic Stats","SuperFastMode"],"gold_per_floor":[118,168,179,104,117,150,150,162,162,191,207,34,34,60,60,134,134,149,166,184,207,207,207,217,247,247,275,294,324,114,139,139,212,212,228,7,27,47,59,85,85,119,119,139,171,181,181,191,191,191,191,191,191,33,58,58],"floor_reached":57,"language":"ENG","playtime":1401,"items_purged":["Evaluate","Hologram","Streamline"],"score":3938,"play_id":"cb9dbf0d-0fe0-4c53-9304-74cbc20728fa","local_time":"20210113085553","daily_mods":["SealedDeck","Vintage","Diverse"],"is_ascension_mode":true,"campfire_choices":[{"data":"Body Slam","floor":7,"key":"SMITH"},{"data":"Tactician","floor":13,"key":"SMITH"},{"data":"Acrobatics","floor":15,"key":"SMITH"},{"data":"Shrug It Off","floor":23,"key":"SMITH"},{"data":"Acrobatics","floor":32,"key":"SMITH"},{"floor":41,"key":"RECALL"},{"data":"Conserve Battery","floor":47,"key":"SMITH"},{"data":"Evolve","floor":49,"key":"SMITH"},{"data":"Conserve Battery","floor":53,"key":"SMITH"}],"circlet_count":0,"master_deck":["AscendersBane","Conserve Battery+1","Fire Breathing","Conserve Battery+1","Tactician+1","Acrobatics+1","Shrug It Off+1","Body Slam+1","Evolve+1","Acrobatics+1"],"relics":["Burning Blood","Paper Frog","Bag of Preparation","Bottled Lightning","Potion Belt","Darkstone Periapt","HornCleat","Matryoshka","Medical Kit","Molten Egg 2","Busted Crown","Toy Ornithopter","Red Skull","PreservedInsect","Strawberry","Omamori","Smiling Mask","Dream Catcher","Boot","Pear","StrikeDummy","Mercury Hourglass","Shuriken","TheAbacus","Toxic Egg 2","Centennial Puzzle","ClockworkSouvenir","Nunchaku","Vajra","Orichalcum","Lizard Tail","Lantern","Gambling Chip","Mummified Hand","Torii","Gremlin Horn","Anchor","Cauldron","Ornamental Fan"],"acts_visited":["Exordium","TheCity","TheBeyond","TheEnding"],"potions_floor_usage":[56,56,56],"damage_taken":[{"damage":0,"enemies":"2 Louse","floor":1,"turns":2},{"damage":0,"enemies":"Cultist","floor":3,"turns":3},{"damage":0,"enemies":"Jaw Worm","floor":5,"turns":3},{"damage":0,"enemies":"Lagavulin","floor":6,"turns":5},{"damage":0,"enemies":"Exordium Thugs","floor":8,"turns":3},{"damage":2,"enemies":"Gremlin Nob","floor":10,"turns":3},{"damage":0,"enemies":"Looter","floor":11,"turns":2},{"damage":0,"enemies":"Lagavulin","floor":14,"turns":5},{"damage":0,"enemies":"Slime Boss","floor":16,"turns":4},{"damage":0,"enemies":"3 Byrds","floor":18,"turns":4},{"damage":0,"enemies":"2 Thieves","floor":19,"turns":3},{"damage":0,"enemies":"Centurion and Healer","floor":20,"turns":2},{"damage":0,"enemies":"Snecko","floor":24,"turns":4},{"damage":0,"enemies":"Slavers","floor":25,"turns":4},{"damage":0,"enemies":"Book of Stabbing","floor":27,"turns":2},{"damage":0,"enemies":"Chosen and Byrds","floor":28,"turns":2},{"damage":0,"enemies":"Gremlin Leader","floor":29,"turns":3},{"damage":0,"enemies":"Book of Stabbing","floor":31,"turns":1},{"damage":0,"enemies":"Automaton","floor":33,"turns":1},{"damage":0,"enemies":"3 Darklings","floor":35,"turns":1},{"damage":0,"enemies":"3 Shapes","floor":37,"turns":1},{"damage":0,"enemies":"Spire Growth","floor":38,"turns":1},{"damage":0,"enemies":"Maw","floor":39,"turns":1},{"damage":0,"enemies":"Reptomancer","floor":40,"turns":1},{"damage":0,"enemies":"Giant Head","floor":42,"turns":1},{"damage":0,"enemies":"Sphere and 2 Shapes","floor":44,"turns":1},{"damage":0,"enemies":"Reptomancer","floor":45,"turns":1},{"damage":0,"enemies":"Writhing Mass","floor":46,"turns":1},{"damage":0,"enemies":"Spire Growth","floor":48,"turns":1},{"damage":0,"enemies":"Awakened One","floor":50,"turns":2},{"damage":0,"enemies":"Donu and Deca","floor":51,"turns":1},{"damage":0,"enemies":"Shield and Spear","floor":55,"turns":1},{"damage":0,"enemies":"The Heart","floor":56,"turns":4}],"seed_played":"401178019611730124","potions_obtained":[{"floor":1,"key":"Strength Potion"},{"floor":5,"key":"EssenceOfSteel"},{"floor":6,"key":"ElixirPotion"},{"floor":11,"key":"BloodPotion"},{"floor":18,"key":"Energy Potion"},{"floor":27,"key":"DistilledChaos"},{"floor":35,"key":"SkillPotion"},{"floor":48,"key":"SpeedPotion"},{"floor":54,"key":"SkillPotion"},{"floor":54,"key":"GamblersBrew"},{"floor":55,"key":"Swift Potion"}],"is_trial":true,"path_per_floor":["M","?","M","$","M","E","R","M","T","E","M","$","R","E","R","B",null,"M","M","M","T","?","R","M","E","T","E","M","E","$","E","R","B",null,"M","$","M","M","M","E","R","E","T","M","E","M","R","M","R","B","B",null,"R","$","E","B",null],"character_chosen":"IRONCLAD","items_purchased":["Medical Kit","TheAbacus","ClockworkSouvenir","Cauldron"],"campfire_rested":0,"item_purchase_floors":[12,30,36,54],"current_hp_per_floor":[74,74,75,75,75,75,75,75,75,75,75,75,75,75,75,75,75,75,75,75,82,82,82,82,82,92,92,92,92,92,92,92,92,92,92,92,92,92,92,92,92,92,92,92,92,92,92,92,92,92,92,92,92,92,92,92],"gold":58,"neow_bonus":"","is_daily":false,"chose_seed":false,"campfire_upgraded":8,"win_rate":0.0,"timestamp":1610520953,"path_taken":["M","?","M","$","M","E","R","M","T","E","M","$","R","E","R","BOSS","M","M","M","?","?","R","?","E","T","E","M","E","$","E","R","BOSS","M","$","M","M","M","E","R","E","T","M","E","M","R","M","R","BOSS","BOSS","R","$","E","BOSS"],"items_purchased_type":["Relic","Relic","Relic","Relic"],"build_version":"2020-12-22","purchased_purges":3,"victory":true,"max_hp_per_floor":[75,75,75,75,75,75,75,75,75,75,75,75,75,75,75,75,75,75,75,75,82,82,82,82,82,92,92,92,92,92,92,92,92,92,92,92,92,92,92,92,92,92,92,92,92,92,92,92,92,92,92,92,92,92,92,92],"relic_stats":{"Darkstone Periapt":0,"Torii":0,"Gremlin Horn":[5,5],"counters":[33,74],"PreservedInsect":502,"Bag of Preparation":[62],"Orichalcum":[0],"Medical Kit":[4],"Smiling Mask":125,"Boot":[0],"Burning Blood":9,"Mercury Hourglass":[114],"Dream Catcher":0,"Centennial Puzzle":[0],"Nunchaku":[4],"Lizard Tail":0,"Busted Crown":20,"TheAbacus":[1758],"Shuriken":[15],"Mummified Hand":[14],"Ornamental Fan":[16],"Gambling Chip":[0],"obtain_stats":[{"Darkstone Periapt":8,"Lantern":42,"Torii":45,"Gremlin Horn":46,"Vajra":38,"Bag of Preparation":3,"Smiling Mask":24,"Boot":26,"Burning Blood":0,"ClockworkSouvenir":36,"Dream Catcher":25,"Centennial Puzzle":35,"Nunchaku":37,"Lizard Tail":40,"HornCleat":10,"Matryoshka":11,"TheAbacus":30,"Mummified Hand":44,"Strawberry":21,"Gambling Chip":43,"Toxic Egg 2":31,"Red Skull":19,"Paper Frog":1,"Potion Belt":6,"Pear":26,"PreservedInsect":20,"Omamori":21,"Orichalcum":39,"Medical Kit":12,"Mercury Hourglass":28,"Cauldron":54,"Anchor":48,"Busted Crown":17,"Shuriken":29,"Ornamental Fan":55,"Molten Egg 2":14,"Bottled Lightning":5,"StrikeDummy":27,"Toy Ornithopter":18},{"Darkstone Periapt":5,"Lantern":25,"Torii":27,"Gremlin Horn":28,"Vajra":22,"Bag of Preparation":2,"Smiling Mask":13,"Boot":14,"Burning Blood":0,"ClockworkSouvenir":20,"Dream Catcher":14,"Centennial Puzzle":20,"Nunchaku":21,"Lizard Tail":24,"HornCleat":6,"Matryoshka":7,"TheAbacus":17,"Mummified Hand":26,"Strawberry":12,"Gambling Chip":25,"Toxic Egg 2":18,"Red Skull":11,"Paper Frog":1,"Potion Belt":4,"Pear":14,"PreservedInsect":12,"Omamori":12,"Orichalcum":23,"Medical Kit":7,"Mercury Hourglass":16,"Cauldron":31,"Anchor":29,"Busted Crown":9,"Shuriken":17,"Ornamental Fan":32,"Molten Egg 2":8,"Bottled Lightning":3,"StrikeDummy":15,"Toy Ornithopter":10},{"Darkstone Periapt":16,"Lantern":62,"Torii":64,"Gremlin Horn":65,"Vajra":59,"Bag of Preparation":5,"Smiling Mask":43,"Boot":47,"Burning Blood":0,"ClockworkSouvenir":57,"Dream Catcher":47,"Centennial Puzzle":57,"Nunchaku":58,"Lizard Tail":61,"HornCleat":19,"Matryoshka":21,"TheAbacus":54,"Mummified Hand":63,"Strawberry":39,"Gambling Chip":62,"Toxic Egg 2":55,"Red Skull":37,"Paper Frog":2,"Potion Belt":13,"Pear":47,"PreservedInsect":39,"Omamori":39,"Orichalcum":60,"Medical Kit":21,"Mercury Hourglass":51,"Cauldron":69,"Anchor":66,"Busted Crown":30,"Shuriken":54,"Ornamental Fan":70,"Molten Egg 2":26,"Bottled Lightning":8,"StrikeDummy":49,"Toy Ornithopter":34}],"Toy Ornithopter":0},"card_choices":[{"not_picked":["Dagger Throw","Quick Slash","ClearTheMind"],"picked":"SKIP","floor":6},{"not_picked":["Masterful Stab","ThirdEye"],"picked":"Evolve","floor":10},{"not_picked":["Vengeance","Flying Knee+1","ThirdEye"],"picked":"SKIP","floor":14},{"not_picked":["Poisoned Stab+1"],"picked":"SKIP","floor":25},{"not_picked":["Rage+1"],"picked":"SKIP","floor":27},{"not_picked":[],"picked":"Acrobatics","floor":29},{"not_picked":["Iron Wave+1"],"picked":"SKIP","floor":31},{"not_picked":["Dagger Throw+1"],"picked":"SKIP","floor":40},{"not_picked":["Gash+1"],"picked":"SKIP","floor":42},{"not_picked":["Gash+1"],"picked":"SKIP","floor":45},{"not_picked":["EmptyBody+1"],"picked":"SKIP","floor":55}],"player_experience":1720043,"relics_obtained":[{"floor":1,"key":"Paper Frog"},{"floor":3,"key":"Bag of Preparation"},{"floor":5,"key":"Bottled Lightning"},{"floor":6,"key":"Potion Belt"},{"floor":8,"key":"Darkstone Periapt"},{"floor":10,"key":"HornCleat"},{"floor":11,"key":"Matryoshka"},{"floor":14,"key":"Molten Egg 2"},{"floor":18,"key":"Toy Ornithopter"},{"floor":19,"key":"Red Skull"},{"floor":20,"key":"PreservedInsect"},{"floor":21,"key":"Strawberry"},{"floor":21,"key":"Omamori"},{"floor":24,"key":"Smiling Mask"},{"floor":25,"key":"Dream Catcher"},{"floor":26,"key":"Boot"},{"floor":26,"key":"Pear"},{"floor":27,"key":"StrikeDummy"},{"floor":28,"key":"Mercury Hourglass"},{"floor":29,"key":"Shuriken"},{"floor":31,"key":"Toxic Egg 2"},{"floor":35,"key":"Centennial Puzzle"},{"floor":37,"key":"Nunchaku"},{"floor":38,"key":"Vajra"},{"floor":39,"key":"Orichalcum"},{"floor":40,"key":"Lizard Tail"},{"floor":42,"key":"Lantern"},{"floor":43,"key":"Gambling Chip"},{"floor":44,"key":"Mummified Hand"},{"floor":45,"key":"Torii"},{"floor":46,"key":"Gremlin Horn"},{"floor":48,"key":"Anchor"},{"floor":55,"key":"Ornamental Fan"}],"event_choices":[{"damage_healed":0,"gold_gain":50,"player_choice":"Pray","damage_taken":0,"max_hp_gain":0,"max_hp_loss":0,"event_name":"Golden Shrine","floor":2,"gold_loss":0},{"damage_healed":0,"gold_gain":0,"player_choice":"Got Potions","damage_taken":0,"max_hp_gain":0,"max_hp_loss":0,"event_name":"Lab","floor":22,"gold_loss":0}],"is_beta":false,"boss_relics":[{"not_picked":["Black Blood","Cursed Key"],"picked":"Busted Crown"},{"not_picked":["Astrolabe","Velvet Choker","Sozu"]}],"items_purged_floors":[4,30,36],"is_endless":false,"potions_floor_spawned":[1,5,6,11,18,19,27,29,35,39,44,45,48,55],"ascension_level":20}}