{"host":"utcbn1j9ebmpc40m","time":1610565954,"event":{"mods":["BaseMod","Better Match","Minty Spire (QoL Compilation)","Poor People Problems","StSLib","SuperFastMode","The IronCluck"],"gold_per_floor":[111,123,123,123,141,181,207,219,256,268,280,292,304,360,372,515,527,564,491,517,302,318,318,107,107,107,123,123,123,142,142,142,245,245,264,264,264,264,281,281,281,300,352,352,372,372,121,156,156,156],"floor_reached":51,"language":"ENG","playtime":1233,"items_purged":[],"score":993,"play_id":"7656861e-e637-41c9-95c9-ca7fb516095f","local_time":"20210113142554","is_ascension_mode":true,"campfire_choices":[{"floor":8,"key":"REST"},{"data":"Armaments","floor":10,"key":"SMITH"},{"data":"Spot Weakness","floor":13,"key":"SMITH"},{"floor":15,"key":"REST"},{"floor":23,"key":"REST"},{"data":"Limit Break","floor":25,"key":"SMITH"},{"data":"Body Slam","floor":28,"key":"SMITH"},{"floor":32,"key":"REST"},{"floor":40,"key":"REST"},{"data":"Bandage Up","floor":44,"key":"SMITH"},{"data":"Juggernaut","floor":46,"key":"SMITH"},{"data":"Body Slam","floor":49,"key":"SMITH"}],"circlet_count":0,"master_deck":["Strike_R","Strike_R","Strike_R","Defend_R","Defend_R","Defend_R","Armaments+1","Rage+1","Anger+1","Battle Trance","Spot Weakness+1","Reaper","Juggernaut+1","Body Slam+1","Heavy Blade+1","Limit Break+1","Seeing Red+1","Bandage Up+1","Body Slam+1","Rage+1","Corruption","Blood for Blood+1","Inflame+1","Infernal Blade+1","Madness","Madness","Entrench+1","Heavy Blade+1","Power Through+1"],"relics":["Burning Blood","MawBank","Happy Flower","Centennial Puzzle","Runic Pyramid","Vajra","PreservedInsect","Regal Pillow","Nloth\u0027s Gift","Astrolabe","Boot","Akabeko","HornCleat","Meat on the Bone"],"acts_visited":["Exordium","TheCity","TheBeyond"],"potions_floor_usage":[6,7,16,33,33,45,50],"damage_taken":[{"damage":1,"enemies":"2 Louse","floor":1,"turns":4},{"damage":8,"enemies":"Small Slimes","floor":2,"turns":5},{"damage":2,"enemies":"Jaw Worm","floor":5,"turns":4},{"damage":10,"enemies":"3 Sentries","floor":6,"turns":7},{"damage":12,"enemies":"Exordium Thugs","floor":7,"turns":5},{"damage":12,"enemies":"Lagavulin","floor":14,"turns":5},{"damage":27,"enemies":"The Guardian","floor":16,"turns":7},{"damage":8,"enemies":"Spheric Guardian","floor":18,"turns":4},{"damage":22,"enemies":"2 Thieves","floor":20,"turns":3},{"damage":9,"enemies":"Snecko","floor":22,"turns":4},{"damage":20,"enemies":"Centurion and Healer","floor":27,"turns":4},{"damage":42,"enemies":"Snake Plant","floor":30,"turns":4},{"damage":88,"enemies":"Collector","floor":33,"turns":9},{"damage":11,"enemies":"Orb Walker","floor":35,"turns":3},{"damage":17,"enemies":"3 Shapes","floor":39,"turns":2},{"damage":0,"enemies":"Sphere and 2 Shapes","floor":42,"turns":3},{"damage":3,"enemies":"Transient","floor":45,"turns":5},{"damage":31,"enemies":"Nemesis","floor":48,"turns":5},{"damage":71,"enemies":"Time Eater","floor":50,"turns":7}],"seed_played":"-7838796477433477569","potions_obtained":[{"floor":2,"key":"Fire Potion"},{"floor":6,"key":"Weak Potion"},{"floor":14,"key":"SkillPotion"},{"floor":27,"key":"ElixirPotion"},{"floor":30,"key":"LiquidMemories"},{"floor":33,"key":"FearPotion"},{"floor":35,"key":"FearPotion"},{"floor":48,"key":"CultistPotion"}],"is_trial":false,"path_per_floor":["M","M","?","?","M","E","M","R","T","R","?","?","R","E","R","B",null,"M","?","M","$","M","R","$","R","T","M","R","?","M","$","R","B",null,"M","?","?","?","M","R","?","M","T","R","M","R","$","E","R","B",null],"character_chosen":"IRONCLAD","items_purchased":["Limit Break","PreservedInsect","BloodPotion","Spot Weakness","Bandage Up","HornCleat"],"campfire_rested":5,"item_purchase_floors":[21,21,24,24,24,47],"current_hp_per_floor":[77,75,59,59,63,59,53,74,74,74,67,67,67,61,74,53,69,67,67,51,51,53,74,74,74,74,69,69,69,42,42,74,12,59,63,63,54,54,62,74,74,74,74,74,74,74,74,73,73,53],"gold":156,"neow_bonus":"THREE_CARDS","is_daily":false,"chose_seed":false,"campfire_upgraded":7,"win_rate":0.0,"timestamp":1610565954,"path_taken":["M","M","?","?","M","E","M","R","T","R","?","?","R","E","R","BOSS","M","?","M","?","M","R","$","R","T","?","R","?","M","$","R","BOSS","M","?","?","?","?","R","?","?","T","R","M","R","?","E","R","BOSS"],"items_purchased_type":["Card","Relic","Potion","Card","Card","Relic"],"build_version":"2020-12-22","purchased_purges":0,"victory":true,"max_hp_per_floor":[80,80,80,74,74,74,74,74,74,74,74,74,74,74,74,74,74,74,74,74,74,74,74,74,74,74,74,74,74,74,74,74,74,74,74,74,74,74,74,74,74,74,74,74,74,74,74,74,74,74],"card_choices":[{"not_picked":["Metallicize","Anger"],"picked":"Armaments","floor":0},{"not_picked":["Thunderclap","Anger"],"picked":"Rage","floor":1},{"not_picked":["Wild Strike","Warcry"],"picked":"Anger","floor":2},{"not_picked":["Rupture","Anger"],"picked":"Battle Trance","floor":5},{"not_picked":["Sword Boomerang","Wild Strike","Clash"],"picked":"SKIP","floor":6},{"not_picked":["Pummel","True Grit"],"picked":"Spot Weakness","floor":7},{"not_picked":["Clash","Cleave"],"picked":"Reaper","floor":14},{"not_picked":["Berserk","Double Tap"],"picked":"Juggernaut","floor":16},{"not_picked":["Feel No Pain","Twin Strike"],"picked":"Body Slam","floor":18},{"not_picked":["Perfected Strike","Searing Blow"],"picked":"Heavy Blade+1","floor":20},{"not_picked":["Twin Strike+1","Armaments"],"picked":"Seeing Red+1","floor":22},{"not_picked":["Havoc","Warcry"],"picked":"Body Slam","floor":27},{"not_picked":["Hemokinesis","Seeing Red"],"picked":"Rage+1","floor":30},{"not_picked":["Limit Break","Immolate"],"picked":"Corruption","floor":33},{"not_picked":["Cleave","Iron Wave+1","Searing Blow"],"picked":"SKIP","floor":35},{"not_picked":["Flex","Wild Strike"],"picked":"Entrench+1","floor":39},{"not_picked":["Burning Pact","True Grit+1"],"picked":"Heavy Blade+1","floor":42},{"not_picked":["Armaments","Intimidate"],"picked":"Power Through+1","floor":45},{"not_picked":["Second Wind+1","Iron Wave+1","Blood for Blood"],"picked":"SKIP","floor":48}],"player_experience":470450,"relics_obtained":[{"floor":6,"key":"MawBank"},{"floor":9,"key":"Happy Flower"},{"floor":14,"key":"Centennial Puzzle"},{"floor":26,"key":"Regal Pillow"},{"floor":43,"key":"Akabeko"},{"floor":48,"key":"Meat on the Bone"}],"event_choices":[{"damage_healed":0,"gold_gain":0,"player_choice":"Entered Light","damage_taken":16,"max_hp_gain":0,"max_hp_loss":0,"event_name":"Shining Light","floor":3,"gold_loss":0,"cards_upgraded":["Anger","Rage"]},{"damage_healed":0,"gold_gain":0,"player_choice":"Lose Max HP","damage_taken":0,"relics_obtained":["Golden Idol"],"max_hp_gain":0,"max_hp_loss":6,"event_name":"Golden Idol","floor":4,"gold_loss":0},{"cards_removed":["Defend_R"],"damage_healed":0,"gold_gain":0,"player_choice":"Card Removal","damage_taken":7,"max_hp_gain":0,"max_hp_loss":0,"event_name":"Golden Wing","floor":11,"gold_loss":0},{"damage_healed":0,"gold_gain":0,"player_choice":"Ignored","damage_taken":0,"max_hp_gain":0,"max_hp_loss":0,"event_name":"Liars Game","floor":12,"gold_loss":0},{"damage_healed":0,"gold_gain":0,"player_choice":"Obtained Relic","damage_taken":0,"relics_obtained":["Vajra"],"max_hp_gain":0,"max_hp_loss":0,"event_name":"Addict","floor":19,"gold_loss":85},{"damage_healed":0,"gold_gain":0,"player_choice":"Traded Relic","damage_taken":0,"relics_obtained":["Nloth\u0027s Gift"],"max_hp_gain":0,"max_hp_loss":0,"event_name":"N\u0027loth","floor":29,"relics_lost":["Golden Idol"],"gold_loss":0},{"damage_healed":0,"gold_gain":0,"player_choice":"Ignored","damage_taken":0,"max_hp_gain":0,"max_hp_loss":0,"event_name":"Mysterious Sphere","floor":36,"gold_loss":0},{"damage_healed":0,"gold_gain":0,"player_choice":"Embrace Madness","damage_taken":9,"max_hp_gain":0,"max_hp_loss":0,"event_name":"Winding Halls","floor":37,"gold_loss":0,"cards_obtained":["Madness","Madness"]},{"cards_removed":["Strike_R"],"damage_healed":0,"gold_gain":0,"player_choice":"Removed Attack","damage_taken":0,"max_hp_gain":0,"max_hp_loss":0,"event_name":"Falling","floor":38,"gold_loss":0},{"damage_healed":0,"gold_gain":0,"player_choice":"Gave Potion","damage_taken":0,"relics_obtained":["Boot"],"max_hp_gain":0,"max_hp_loss":0,"event_name":"WeMeetAgain","floor":41,"gold_loss":0}],"is_beta":false,"boss_relics":[{"not_picked":["Mark of Pain","Pandora\u0027s Box"],"picked":"Runic Pyramid"},{"not_picked":["Cursed Key","Sozu"],"picked":"Astrolabe"}],"items_purged_floors":[],"is_endless":false,"potions_floor_spawned":[2,6,14,27,30,33,35,48],"ascension_level":8}}