{"host":"qojc688juf5ijsln","time":1610541714,"event":{"mods":["AchievementEnabler","BaseMod","BetterRewards","Colored Powertips","Highlight Path","Minty Spire (QoL Compilation)","Quick Restart","Shop Mod","StSLib"],"gold_per_floor":[114,14,14,14,32,32,32,64,64,64,81,156,167,184,184,282,282,297,47,146,146,157,157,173,173,173,199,199,199,222,238,238,238,238],"floor_reached":33,"language":"ZHS","playtime":1488,"items_purged":["Strike_B","Strike_B"],"score":255,"play_id":"ee9f7762-eb18-495b-b746-ed3ce872996b","local_time":"20210113204154","is_ascension_mode":true,"campfire_choices":[{"data":"Defragment","floor":6.0,"key":"SMITH"},{"data":"Strike_B","floor":10.0,"key":"PURGE"},{"floor":15.0,"key":"REST"},{"data":"Dualcast","floor":23.0,"key":"PURGE"},{"floor":25,"key":"REST"},{"data":"Defend_B","floor":29,"key":"PURGE"},{"floor":32,"key":"REST"}],"circlet_count":0,"master_deck":["Defend_B","Defend_B+1","Zap+1","Defragment+1","Capacitor","Glacier","Core Surge","Heatsinks","Storm"],"relics":["Cracked Core","Peace Pipe","Unceasing Top","Cables","Kunai","Mummified Hand","Snecko Eye","Toxic Egg 2","Centennial Puzzle","Red Mask","Lantern"],"acts_visited":["Exordium","TheCity"],"potions_floor_usage":[],"damage_taken":[{"damage":1.0,"enemies":"Jaw Worm","floor":1.0,"turns":4.0},{"damage":1.0,"enemies":"Cultist","floor":5.0,"turns":3.0},{"damage":11.0,"enemies":"Lagavulin","floor":8.0,"turns":7.0},{"damage":1.0,"enemies":"Small Slimes","floor":11.0,"turns":3.0},{"damage":3.0,"enemies":"3 Louse","floor":13.0,"turns":3.0},{"damage":0.0,"enemies":"2 Fungi Beasts","floor":14.0,"turns":4.0},{"damage":12.0,"enemies":"Slime Boss","floor":16.0,"turns":24.0},{"damage":0.0,"enemies":"Chosen","floor":18.0,"turns":4.0},{"damage":0.0,"enemies":"3 Byrds","floor":22.0,"turns":5.0},{"damage":50.0,"enemies":"3 Cultists","floor":24.0,"turns":8.0},{"damage":1,"enemies":"Masked Bandits","floor":27,"turns":6},{"damage":27,"enemies":"Centurion and Healer","floor":31,"turns":19},{"damage":50,"enemies":"Collector","floor":33,"turns":25}],"seed_played":"6930679335820443307","potions_obtained":[{"floor":1.0,"key":"GamblersBrew"},{"floor":16.0,"key":"Strength Potion"},{"floor":31,"key":"EntropicBrew"}],"is_trial":false,"path_per_floor":["M","$","?","T","M","R","?","E","T","R","M","?","M","M","R","B",null,"M","$","?","?","M","R","M","R","T","?","?","R","T","M","R","B"],"character_chosen":"DEFECT","items_purchased":["Defragment","Capacitor","Toxic Egg 2"],"campfire_rested":3,"item_purchase_floors":[0,0,19],"current_hp_per_floor":[74,74,74,74,73,73,58,47,47,47,46,35,32,32,54,42,75,75,75,75,75,75,75,25,47,47,46,46,46,46,19,41,0,0],"gold":238,"neow_bonus":"","is_daily":false,"chose_seed":false,"campfire_upgraded":1,"win_rate":0.0,"timestamp":1610541714,"path_taken":["M","$","?","?","?","R","?","E","T","R","M","?","M","M","R","BOSS","M","$","?","?","M","R","M","R","T","?","?","R","?","?","R","BOSS"],"items_purchased_type":["Card","Card","Relic"],"build_version":"2020-12-22","purchased_purges":2,"victory":false,"max_hp_per_floor":[75,75,75,75,75,75,75,75,75,75,75,75,75,75,75,75,75,75,75,75,75,75,75,75,75,75,75,75,75,75,75,75,75,75],"card_choices":[{"not_picked":["Chaos","Lockon","Go for the Eyes"],"picked":"SKIP","floor":1.0},{"not_picked":["Conserve Battery","Rip and Tear","Genetic Algorithm"],"picked":"SKIP","floor":5.0},{"not_picked":["Coolheaded","Leap","Stack"],"picked":"SKIP","floor":8.0},{"not_picked":["Go for the Eyes","Barrage","Hello World"],"picked":"SKIP","floor":11.0},{"not_picked":["Hologram","Streamline"],"picked":"Glacier","floor":13.0},{"not_picked":["Gash","Rebound","Ball Lightning"],"picked":"SKIP","floor":14.0},{"not_picked":["Electrodynamics","Seek"],"picked":"Core Surge","floor":16.0},{"not_picked":["Stack","Ball Lightning","Melter+1"],"picked":"SKIP","floor":18.0},{"not_picked":["Static Discharge+1","Cold Snap","Compile Driver"],"picked":"SKIP","floor":22.0},{"not_picked":["Chaos+1","Consume+1"],"picked":"Heatsinks","floor":24.0},{"not_picked":["Steam Power+1","Cold Snap"],"picked":"Storm","floor":27},{"not_picked":["Compile Driver","Coolheaded+1","Steam+1"],"picked":"SKIP","floor":31}],"player_experience":135051,"relics_obtained":[{"floor":4.0,"key":"Cables"},{"floor":8.0,"key":"Kunai"},{"floor":9.0,"key":"Mummified Hand"},{"floor":26,"key":"Centennial Puzzle"},{"floor":27,"key":"Red Mask"},{"floor":30,"key":"Lantern"}],"event_choices":[{"cards_removed":["Strike_B"],"damage_healed":0.0,"max_hp_gain":0.0,"max_hp_loss":0.0,"gold_gain":0.0,"event_name":"Living Wall","player_choice":"Forget","floor":3.0,"gold_loss":0.0,"damage_taken":0.0},{"damage_healed":0.0,"max_hp_gain":0.0,"max_hp_loss":0.0,"gold_gain":0.0,"event_name":"Shining Light","player_choice":"Entered Light","floor":7.0,"gold_loss":0.0,"damage_taken":15.0,"cards_upgraded":["Zap","Defend_B"]},{"damage_healed":0.0,"max_hp_gain":0.0,"max_hp_loss":0.0,"gold_gain":75.0,"event_name":"World of Goop","player_choice":"Gather Gold","floor":12.0,"gold_loss":0.0,"damage_taken":11.0},{"damage_healed":0.0,"max_hp_gain":0.0,"max_hp_loss":0.0,"gold_gain":99.0,"event_name":"Nest","player_choice":"Stole From Cult","floor":20.0,"gold_loss":0.0,"damage_taken":0.0},{"cards_removed":["Defend_B"],"damage_healed":0.0,"max_hp_gain":0.0,"max_hp_loss":0.0,"gold_gain":0.0,"event_name":"Back to Basics","player_choice":"Elegance","floor":21.0,"gold_loss":0.0,"damage_taken":0.0},{"damage_healed":0,"gold_gain":0,"player_choice":"Fought Bandits","damage_taken":0,"max_hp_gain":0,"max_hp_loss":0,"event_name":"Masked Bandits","floor":27,"gold_loss":0},{"damage_healed":0,"gold_gain":0,"player_choice":"Ignored","damage_taken":0,"max_hp_gain":0,"max_hp_loss":0,"event_name":"Ghosts","floor":28,"gold_loss":0}],"is_beta":false,"boss_relics":[{"not_picked":["Tiny House","SlaversCollar"],"picked":"Snecko Eye"}],"items_purged_floors":[0,2],"is_endless":false,"potions_floor_spawned":[1,8,16,22,31],"killed_by":"Collector","ascension_level":1}}