{"host":"8o45mh5p3pp1o2mi","time":1610501935,"event":{"mods":["BaseMod","Better Match","Better Third Choice","BetterRewards","Minty Spire (QoL Compilation)","Rare Cards Sparkle","Relic Stats","Replay The Spire","Shop Mod","StSLib","everything is the same but u backflip on backflip"],"gold_per_floor":[112,112,183,183,104,136,153,185,185,185,243,243,278,289,289,389,389,401,341,351,369,389,421,431,262,285,36,36,36,52,62,62,157,157,177,177,177,197,251,261,261,287,287,287,316,316,350,363,363,363,363,363,34,66,66],"floor_reached":56,"language":"ENG","playtime":5153,"items_purged":["Defend_G","Defend_G","Strike_G"],"score":1591,"play_id":"f8c94299-f32c-4ec0-8e66-67608addafaf","local_time":"20210113013855","is_ascension_mode":true,"campfire_choices":[{"floor":10,"key":"REST"},{"floor":12,"key":"RECALL"},{"data":"Cloak And Dagger","floor":15,"key":"SMITH"},{"data":"Accuracy","floor":32,"key":"SMITH"},{"floor":41,"key":"REST"},{"data":"1","floor":44,"key":"LIFT"},{"data":"2","floor":46,"key":"LIFT"},{"floor":49,"key":"REST"},{"data":"3","floor":52,"key":"LIFT"}],"circlet_count":0,"master_deck":["Survivor","Neutralize","Accuracy","Hidden Blade","Backflip","Accuracy+1","Footwork","Scrawl","Cloak And Dagger","Sucker Punch","Terror","Backstab","Draining Mist","Backflip","Venomology","Cloak And Dagger+1","Atom Bomb","Burst","Dodge and Roll","Masterful Stab+1","Sneak Up","Infinite Blades","ReplayTheSpireMod:Scrap Shanks","Prepared","Blade Dance","Sickly","Footwork+1","Dash","Storm of Steel","ReplayTheSpireMod:Shiv Toss+1","ReplayTheSpireMod:Speed Training","Dodge and Roll+1","Masterful Stab","Choke","Prepared+1","ReplayTheSpireMod:Shiv Toss+1","ReplayTheSpireMod:The Works","Metamorphosis","Reflex+1"],"relics":["Ring of the Snake","Thread and Needle","MerchantsRug","Divine Protection","Quantum Egg","ReplayFunnel","Philosopher\u0027s Stone","Ring of Peace","Black Star","TungstenRod","Girya","Centennial Puzzle","Nunchaku","Anchor","Regal Pillow","Pet Ghost","Unceasing Top","Bronze Scales","Bag of Marbles","Gremlin Food","ReplayTheSpireMod:Shallot"],"acts_visited":["Exordium","TheCity","TheBeyond","TheEnding"],"potions_floor_usage":[6,8,13,18,20,22,23,24,31,33,33,39,39,47,50,50,54,55,55,55],"damage_taken":[{"damage":0,"enemies":"Small Slimes","floor":1,"turns":3},{"damage":19,"enemies":"Gremlin Nob","floor":6,"turns":4},{"damage":0,"enemies":"2 Louse","floor":7,"turns":4},{"damage":0,"enemies":"Lagavulin","floor":8,"turns":5},{"damage":0,"enemies":"3 Sentries","floor":13,"turns":9},{"damage":0,"enemies":"Jaw Worm","floor":14,"turns":4},{"damage":20,"enemies":"Fading Forest","floor":16,"turns":11},{"damage":8,"enemies":"3 Byrds","floor":18,"turns":3},{"damage":0,"enemies":"Chosen","floor":20,"turns":4},{"damage":10,"enemies":"3 Cultists","floor":21,"turns":5},{"damage":0,"enemies":"Snake Plant","floor":22,"turns":4},{"damage":18,"enemies":"Gremlin Leader","floor":23,"turns":7},{"damage":9,"enemies":"Centurion and Healer","floor":24,"turns":4},{"damage":0,"enemies":"Shelled Parasite and Fungi","floor":30,"turns":5},{"damage":0,"enemies":"3 Cultists","floor":31,"turns":5},{"damage":27,"enemies":"Automaton","floor":33,"turns":7},{"damage":8,"enemies":"3 Darklings","floor":35,"turns":5},{"damage":0,"enemies":"3 Shapes","floor":38,"turns":4},{"damage":32,"enemies":"2 Orb Walkers","floor":39,"turns":6},{"damage":0,"enemies":"Transient","floor":40,"turns":5},{"damage":0,"enemies":"R_Hoarder","floor":42,"turns":6},{"damage":0,"enemies":"Nemesis","floor":45,"turns":5},{"damage":0,"enemies":"Giant Head","floor":47,"turns":5},{"damage":0,"enemies":"Spire Growth","floor":48,"turns":4},{"damage":25,"enemies":"Awakened One","floor":50,"turns":8},{"damage":27,"enemies":"Shield and Spear","floor":54,"turns":6},{"damage":43,"enemies":"The Heart","floor":55,"turns":6}],"seed_played":"2600333822149292444","potions_obtained":[{"floor":3,"key":"DistilledChaos"},{"floor":3,"key":"Ancient Potion"},{"floor":6,"key":"Explosive Potion"},{"floor":8,"key":"Adrenaline Potion"},{"floor":18,"key":"BlessingOfTheForge"},{"floor":23,"key":"LifebloodPotion"},{"floor":30,"key":"SkillPotion"},{"floor":33,"key":"Elixir"},{"floor":40,"key":"Dexterity Potion"},{"floor":48,"key":"Flashbang"},{"floor":54,"key":"Elixir"}],"is_trial":false,"path_per_floor":["M","?","?","?","$","E","M","E","T","R","?","R","E","M","R","B",null,"M","?","M","M","M","E","M","$","T","$","?","?","M","M","R","B",null,"M","?","?","M","?","M","R","E","T","R","E","R","E","M","R","B",null,"R","$","E","B",null],"character_chosen":"THE_SILENT","items_purchased":["Accuracy","Hidden Blade","Backflip","MealTicket","MerchantsRug","Cloak And Dagger","Sucker Punch","Infinite Blades","ReplayTheSpireMod:Scrap Shanks","Prepared","Bronze Scales","Bag of Marbles","ReplayTheSpireMod:The Works","Metamorphosis"],"campfire_rested":3,"item_purchase_floors":[0,0,0,0,0,5,5,25,27,27,53,53,53,53],"current_hp_per_floor":[70,70,70,32,47,28,28,28,28,49,49,49,49,49,49,43,70,62,62,62,52,52,41,32,47,47,62,62,62,62,62,62,35,77,69,69,69,69,37,37,58,58,58,58,58,58,58,58,73,48,73,73,73,46,3],"gold":66,"neow_bonus":"","is_daily":false,"chose_seed":false,"campfire_upgraded":2,"win_rate":0.0,"timestamp":1610501935,"path_taken":["M","?","?","?","$","E","M","E","T","R","?","R","E","?","R","BOSS","M","?","M","M","M","E","M","$","T","$","?","?","M","M","R","BOSS","M","?","?","M","?","M","R","E","T","R","E","R","E","M","R","BOSS","R","$","E","BOSS"],"items_purchased_type":["Card","Card","Card","Relic","Relic","Card","Card","Card","Card","Card","Relic","Relic","Card","Card"],"build_version":"2020-12-22","purchased_purges":3,"victory":true,"max_hp_per_floor":[70,70,70,70,70,70,70,70,70,70,70,70,70,70,70,70,70,70,70,70,70,70,77,77,77,77,77,77,77,77,77,77,77,77,77,73,73,73,73,73,73,73,73,73,73,73,73,73,73,73,73,73,73,73,73],"relic_stats":{"Centennial Puzzle":[9],"Nunchaku":[14],"Regal Pillow":0,"counters":[27,144],"Bronze Scales":[60],"Black Star":4,"obtain_stats":[{"ReplayFunnel":13,"Divine Protection":6,"Regal Pillow":45,"Replay:PocketPolymizer":8,"Pet Ghost":47,"Dream Catcher":3,"Centennial Puzzle":42,"Nunchaku":43,"Strawberry":23,"Ring of Peace":29,"MealTicket":0,"Philosopher\u0027s Stone":17,"Ring of the Snake":0,"Runic Pyramid":0,"Gremlin Food":54,"MerchantsRug":0,"Girya":42,"Quantum Egg":9,"Thread and Needle":0,"Anchor":45,"ReplayTheSpireMod:Shallot":54,"Bronze Scales":53,"Simple Rune":4,"Black Star":34,"Bag of Marbles":53,"TungstenRod":39,"Unceasing Top":47},{"ReplayFunnel":5,"Divine Protection":2,"Regal Pillow":22,"Replay:PocketPolymizer":4,"Pet Ghost":23,"Dream Catcher":1,"Centennial Puzzle":21,"Nunchaku":21,"Strawberry":12,"Ring of Peace":13,"MealTicket":0,"Philosopher\u0027s Stone":7,"Ring of the Snake":0,"Runic Pyramid":0,"Gremlin Food":26,"MerchantsRug":0,"Girya":21,"Quantum Egg":4,"Thread and Needle":0,"Anchor":22,"ReplayTheSpireMod:Shallot":26,"Bronze Scales":25,"Simple Rune":1,"Black Star":16,"Bag of Marbles":25,"TungstenRod":19,"Unceasing Top":23},{"ReplayFunnel":25,"Divine Protection":7,"Regal Pillow":115,"Replay:PocketPolymizer":16,"Pet Ghost":120,"Dream Catcher":3,"Centennial Puzzle":110,"Nunchaku":110,"Strawberry":63,"Ring of Peace":67,"MealTicket":0,"Philosopher\u0027s Stone":40,"Ring of the Snake":0,"Runic Pyramid":0,"Gremlin Food":138,"MerchantsRug":0,"Girya":110,"Quantum Egg":16,"Thread and Needle":0,"Anchor":115,"ReplayTheSpireMod:Shallot":138,"Bronze Scales":132,"Simple Rune":3,"Black Star":84,"Bag of Marbles":132,"TungstenRod":99,"Unceasing Top":120}],"TungstenRod":30,"Unceasing Top":[7],"Ring of the Snake":[54]},"card_choices":[{"not_picked":["Poisoned Stab","Underhanded Strike","Dagger Spray"],"picked":"SKIP","floor":1},{"not_picked":["PiercingWail","Quick Slash"],"picked":"Footwork","floor":3},{"not_picked":["Hidden Blade","Backflip"],"picked":"Terror","floor":6},{"not_picked":["Outmaneuver","Dagger Throw"],"picked":"Backstab","floor":7},{"not_picked":["Heel Hook","Bouncing Flask"],"picked":"Draining Mist","floor":8},{"not_picked":["All Out Attack","Draining Mist"],"picked":"Venomology","floor":13},{"not_picked":["Masterful Stab","Deadly Poison"],"picked":"Cloak And Dagger","floor":14},{"not_picked":["Venomology","After Image"],"picked":"Burst","floor":16},{"not_picked":["Backflip+1","Deflect+1"],"picked":"Dodge and Roll","floor":18},{"not_picked":["PiercingWail","Acrobatics","Dagger Spray"],"picked":"SKIP","floor":20},{"not_picked":["Backflip","Poison Darts"],"picked":"Masterful Stab+1","floor":21},{"not_picked":["Replay:Poison Smokescreen+1","Bane","Acrobatics"],"picked":"SKIP","floor":22},{"not_picked":["Outmaneuver","Reflex+1"],"picked":"Sneak Up","floor":23},{"not_picked":["Prepared","Deflect","Sucker Punch"],"picked":"SKIP","floor":24},{"not_picked":["Hidden Blade","Heel Hook"],"picked":"Footwork+1","floor":30},{"not_picked":["PiercingWail","Dagger Spray+1","Skewer"],"picked":"SKIP","floor":31},{"not_picked":["A Thousand Cuts","Phantasmal Killer"],"picked":"Storm of Steel","floor":33},{"not_picked":["Acrobatics+1","Blur+1"],"picked":"ReplayTheSpireMod:Shiv Toss+1","floor":35},{"not_picked":["Sneak Up","Toxin Wave+1"],"picked":"ReplayTheSpireMod:Speed Training","floor":38},{"not_picked":["Slice","PiercingWail+1"],"picked":"Dodge and Roll+1","floor":39},{"not_picked":["Bane","Quick Slash","PiercingWail+1"],"picked":"SKIP","floor":40},{"not_picked":["Calculated Gamble+1","Flying Knee","Outmaneuver"],"picked":"SKIP","floor":42},{"not_picked":["Slice","Masterful Stab+1","Eviscerate+1"],"picked":"SKIP","floor":45},{"not_picked":["Bouncing Flask","Envenom"],"picked":"Prepared+1","floor":47},{"not_picked":["Skewer","Riddle With Holes+1","Backflip+1"],"picked":"SKIP","floor":48},{"not_picked":["ReplayTheSpireMod:Exploit Weakness","Underhanded Strike+1"],"picked":"ReplayTheSpireMod:Shiv Toss+1","floor":49},{"not_picked":["Acrobatics","Deadly Poison+1"],"picked":"Reflex+1","floor":54}],"player_experience":63456,"relics_obtained":[{"floor":3,"key":"Dream Catcher"},{"floor":6,"key":"Divine Protection"},{"floor":8,"key":"Replay:PocketPolymizer"},{"floor":9,"key":"Quantum Egg"},{"floor":13,"key":"ReplayFunnel"},{"floor":23,"key":"Strawberry"},{"floor":29,"key":"Ring of Peace"},{"floor":39,"key":"TungstenRod"},{"floor":42,"key":"Girya"},{"floor":42,"key":"Centennial Puzzle"},{"floor":43,"key":"Nunchaku"},{"floor":45,"key":"Anchor"},{"floor":45,"key":"Regal Pillow"},{"floor":47,"key":"Pet Ghost"},{"floor":47,"key":"Unceasing Top"},{"floor":54,"key":"Gremlin Food"},{"floor":54,"key":"ReplayTheSpireMod:Shallot"}],"event_choices":[{"damage_healed":0,"gold_gain":58,"player_choice":"Gained Gold","damage_taken":0,"max_hp_gain":0,"max_hp_loss":0,"event_name":"Golden Wing","floor":11,"gold_loss":0},{"damage_healed":0,"gold_gain":0,"player_choice":"Read","damage_taken":0,"max_hp_gain":0,"max_hp_loss":0,"event_name":"The Library","floor":28,"gold_loss":0,"cards_obtained":["Blade Dance"]},{"damage_healed":0,"gold_gain":0,"player_choice":"Max HP","damage_taken":0,"max_hp_gain":0,"max_hp_loss":4,"event_name":"Winding Halls","floor":36,"gold_loss":0},{"cards_removed":["Strike_G"],"damage_healed":0,"gold_gain":0,"player_choice":"Removed Attack","damage_taken":0,"max_hp_gain":0,"max_hp_loss":0,"event_name":"Falling","floor":37,"gold_loss":0},{"damage_healed":0,"gold_gain":0,"player_choice":"Fight","damage_taken":0,"max_hp_gain":0,"max_hp_loss":0,"event_name":"Mysterious Sphere","floor":39,"gold_loss":0}],"is_beta":false,"boss_relics":[{"not_picked":["Coffee Dripper","Velvet Choker"],"picked":"Philosopher\u0027s Stone"},{"not_picked":["Astrolabe","Replay:Wanted Poster"],"picked":"Black Star"}],"items_purged_floors":[0,25,27],"is_endless":false,"potions_floor_spawned":[6,8,16,18,23,30,33,35,40,48,54],"ascension_level":3}}