{"host":"ordk2y2ebcetabk6","time":1610569363,"event":{"mods":["AlwaysNeverKeys","Astrologer","Bard","BaseMod","Better Debug","Colored Map","Colored Powertips","Dark Map","Hermit","Highlight Path","Minty Spire (QoL Compilation)","Permanent Neow","Rare Cards Sparkle","StSLib","The Todo","TheBandit","TheLocksmith","TheVelvet","Wandering Minibosses","Wide Potions","thorton"],"gold_per_floor":[112,127,127,127,147,147,97,97,120,135,135,146,146,165,165,267,267,285,210,221,239,239,239,439,439,439,454,470,470,193,239,239,336,336,377,209,221,221,237,237,280,280,280,280,280],"floor_reached":44,"language":"ENG","playtime":1335,"items_purged":["Strike_P","Strike_P"],"score":430,"play_id":"3cefd759-4f65-4f44-a2b2-6c882937aa30","local_time":"20210113132243","is_ascension_mode":false,"campfire_choices":[{"data":"Consecrate","floor":6,"key":"SMITH"},{"data":"Consecrate","floor":11,"key":"SMITH"},{"data":"Perseverance","floor":13,"key":"SMITH"},{"data":"WindmillStrike","floor":15,"key":"SMITH"},{"data":"Wish","floor":23,"key":"SMITH"},{"data":"Eruption","floor":25,"key":"SMITH"},{"data":"Protect","floor":29,"key":"SMITH"},{"data":"CarveReality","floor":32,"key":"SMITH"},{"data":"Brilliance","floor":40,"key":"SMITH"},{"data":"Mayhem","floor":42,"key":"SMITH"}],"circlet_count":0,"master_deck":["Defend_P","Eruption+1","Vigilance","Consecrate+1","Consecrate+1","Perseverance+1","WindmillStrike+1","Wish+1","SandsOfTime+1","Protect+1","CutThroughFate+1","CarveReality+1","Brilliance+1","Mayhem+1","DeceiveReality+1"],"relics":["PureWater","Art of War","Cursed Key","MutagenicStrength","Membership Card","Damaru","Empty Cage","thethorton:BrokenCalculator","InkBottle"],"acts_visited":["Exordium","TheCity","TheBeyond"],"potions_floor_usage":[10,18,21,21,37,37,44],"damage_taken":[{"damage":1,"enemies":"2 Louse","floor":1,"turns":3},{"damage":3,"enemies":"Small Slimes","floor":2,"turns":4},{"damage":2,"enemies":"Cultist","floor":5,"turns":3},{"damage":0,"enemies":"Gremlin Gang","floor":10,"turns":3},{"damage":0,"enemies":"Large Slime","floor":12,"turns":2},{"damage":0,"enemies":"3 Louse","floor":14,"turns":2},{"damage":10,"enemies":"The Guardian","floor":16,"turns":11},{"damage":0,"enemies":"3 Byrds","floor":18,"turns":3},{"damage":0,"enemies":"Chosen","floor":20,"turns":5},{"damage":9,"enemies":"3 Cultists","floor":21,"turns":3},{"damage":0,"enemies":"Centurion and Healer","floor":27,"turns":3},{"damage":4,"enemies":"Snake Plant","floor":28,"turns":4},{"damage":1,"enemies":"Cultist and Chosen","floor":31,"turns":3},{"damage":38,"enemies":"Champ","floor":33,"turns":7},{"damage":4,"enemies":"Orb Walker","floor":35,"turns":4},{"damage":11,"enemies":"3 Darklings","floor":37,"turns":2},{"damage":12,"enemies":"Writhing Mass","floor":39,"turns":4},{"damage":7,"enemies":"Reptomancer","floor":41,"turns":5},{"damage":58,"enemies":"Maw","floor":44,"turns":4}],"seed_played":"-3422147182628303773","potions_obtained":[{"floor":1,"key":"Strength Potion"},{"floor":10,"key":"SteroidPotion"},{"floor":16,"key":"Swift Potion"},{"floor":18,"key":"SpeedPotion"},{"floor":28,"key":"Explosive Potion"},{"floor":33,"key":"Swift Potion"},{"floor":41,"key":"StancePotion"}],"is_trial":false,"path_per_floor":["M","M","?","?","M","R","?","?","T","M","R","M","R","M","R","B",null,"M","$","M","M","?","R","?","R","T","M","M","R","$","M","R","B",null,"M","$","M","?","M","R","E","R","T","M"],"character_chosen":"WATCHER","items_purchased":["Membership Card","Damaru","thethorton:BrokenCalculator","Mayhem"],"campfire_rested":0,"item_purchase_floors":[30,30,36,36],"current_hp_per_floor":[71,68,68,73,71,71,71,71,71,71,71,71,71,71,71,61,77,77,77,77,68,68,68,68,68,68,68,64,64,64,63,63,25,77,73,73,62,62,50,50,43,43,43,0,0],"gold":280,"neow_bonus":"THREE_CARDS","is_daily":false,"chose_seed":false,"campfire_upgraded":10,"win_rate":0.0,"timestamp":1610569363,"path_taken":["M","M","?","?","M","R","?","?","T","M","R","?","R","?","R","BOSS","M","$","M","M","?","R","?","R","T","M","?","R","$","M","R","BOSS","M","$","M","?","M","R","E","R","T","M"],"items_purchased_type":["Relic","Relic","Relic","Card"],"build_version":"2020-12-22","purchased_purges":2,"victory":false,"max_hp_per_floor":[72,72,72,77,77,77,77,77,77,77,77,77,77,77,77,77,77,77,77,77,77,77,77,77,77,77,77,77,77,77,77,77,77,77,77,77,77,77,77,77,77,77,77,77,77],"card_choices":[{"not_picked":["Collect","Evaluate"],"picked":"Consecrate","floor":0},{"not_picked":["Swivel","Adaptation"],"picked":"Consecrate","floor":1},{"not_picked":["Wallop","FollowUp","EmptyBody"],"picked":"SKIP","floor":2},{"not_picked":["Crescendo","ReachHeaven"],"picked":"Perseverance","floor":5},{"not_picked":["Crescendo","WaveOfTheHand","EmptyBody"],"picked":"SKIP","floor":10},{"not_picked":["CrushJoints","Sanctity","JustLucky"],"picked":"SKIP","floor":12},{"not_picked":["ThirdEye","InnerPeace","PathToVictory"],"picked":"SKIP","floor":14},{"not_picked":["Vault","SpiritShield"],"picked":"Wish","floor":16},{"not_picked":["EmptyFist","ThirdEye","SashWhip"],"picked":"SKIP","floor":18},{"not_picked":["FlyingSleeves","Protect"],"picked":"SandsOfTime+1","floor":20},{"not_picked":["Crescendo","Tantrum"],"picked":"Protect","floor":21},{"not_picked":["PathToVictory+1","Scrawl"],"picked":"CutThroughFate+1","floor":27},{"not_picked":["SignatureMove+1","Sanctity","Tantrum"],"picked":"SKIP","floor":28},{"not_picked":["CarveReality","ClearTheMind","Prostrate"],"picked":"SKIP","floor":31},{"not_picked":["ClearTheMind","Prostrate"],"picked":"CarveReality","floor":31},{"not_picked":["Ragnarok","Scrawl"],"picked":"Brilliance","floor":33},{"not_picked":["ThirdEye","InnerPeace","EmptyBody+1"],"picked":"SKIP","floor":35},{"not_picked":["Sanctity","CutThroughFate","Protect+1"],"picked":"SKIP","floor":37},{"not_picked":["EmptyBody+1","ForeignInfluence"],"picked":"DeceiveReality+1","floor":39},{"not_picked":["Evaluate","ClearTheMind+1","FlurryOfBlows"],"picked":"SKIP","floor":41}],"player_experience":1151151,"relics_obtained":[{"floor":9,"key":"Art of War"},{"floor":41,"key":"InkBottle"}],"event_choices":[{"cards_removed":["Strike_P"],"damage_healed":0,"gold_gain":0,"player_choice":"Forget","damage_taken":0,"max_hp_gain":0,"max_hp_loss":0,"event_name":"Living Wall","floor":3,"gold_loss":0},{"damage_healed":0,"gold_gain":0,"player_choice":"Donut","damage_taken":0,"max_hp_gain":5,"max_hp_loss":0,"event_name":"Big Fish","floor":4,"gold_loss":0},{"cards_removed":["Strike_P"],"damage_healed":0,"gold_gain":0,"player_choice":"Card Removal","damage_taken":0,"max_hp_gain":0,"max_hp_loss":0,"event_name":"The Cleric","floor":7,"gold_loss":50},{"damage_healed":0,"gold_gain":0,"player_choice":"2 cards matched","damage_taken":0,"max_hp_gain":0,"max_hp_loss":0,"event_name":"Match and Keep!","floor":8,"gold_loss":0,"cards_obtained":["WindmillStrike","Evaluate"]},{"damage_healed":0,"gold_gain":0,"player_choice":"Inject Mutagens","damage_taken":0,"relics_obtained":["MutagenicStrength"],"max_hp_gain":0,"max_hp_loss":0,"event_name":"Drug Dealer","floor":22,"gold_loss":0},{"damage_healed":0,"gold_gain":200,"player_choice":"Gold","damage_taken":0,"max_hp_gain":0,"max_hp_loss":0,"event_name":"Wheel of Change","floor":24,"gold_loss":0},{"cards_removed":["Defend_P"],"damage_healed":0,"gold_gain":0,"player_choice":"Removed Skill","damage_taken":0,"max_hp_gain":0,"max_hp_loss":0,"event_name":"Falling","floor":38,"gold_loss":0}],"is_beta":false,"boss_relics":[{"not_picked":["Ectoplasm","thethorton:GreedFountain"],"picked":"Cursed Key"},{"not_picked":["Pandora\u0027s Box","Black Star"],"picked":"Empty Cage"}],"items_purged_floors":[19,30],"is_endless":false,"potions_floor_spawned":[1,10,16,18,28,33,41],"killed_by":"Maw","ascension_level":0}}