{"host":"j4g6ia6asvpyu2b0","time":1610543427,"event":{"mods":["BaseMod","Colored Map","Minty Spire (QoL Compilation)","Permanent Neow","Quick Restart","Relic Stats","StSLib","Unceasing Turn Reminder"],"gold_per_floor":[115,115,139,160,180,180,180,180],"floor_reached":7,"language":"ENG","playtime":191,"items_purged":[],"score":67,"play_id":"e8ba7204-b2ab-437c-9b3c-ec898656de5d","local_time":"20210113061027","is_ascension_mode":true,"campfire_choices":[{"data":"Creative AI","floor":6,"key":"SMITH"}],"circlet_count":0,"master_deck":["AscendersBane","Strike_B","Strike_B","Strike_B","Strike_B","Defend_B","Defend_B","Defend_B","Defend_B","Zap","Dualcast","Creative AI+1","Capacitor","Chill","Coolheaded","Barrage"],"relics":["Cracked Core","Golden Idol"],"acts_visited":["Exordium"],"potions_floor_usage":[7],"damage_taken":[{"damage":1,"enemies":"2 Louse","floor":1,"turns":2},{"damage":0,"enemies":"Small Slimes","floor":3,"turns":5},{"damage":9,"enemies":"Jaw Worm","floor":4,"turns":5},{"damage":8,"enemies":"Looter","floor":5,"turns":3},{"damage":54,"enemies":"Gremlin Nob","floor":7,"turns":4}],"seed_played":"2900318328652474389","potions_obtained":[{"floor":1,"key":"DuplicationPotion"},{"floor":3,"key":"FearPotion"},{"floor":5,"key":"CultistPotion"}],"is_trial":false,"path_per_floor":["M","?","M","M","M","R","E"],"character_chosen":"DEFECT","items_purchased":[],"campfire_rested":0,"item_purchase_floors":[],"current_hp_per_floor":[67,49,49,40,32,32,0,0],"gold":180,"neow_bonus":"ONE_RANDOM_RARE_CARD","is_daily":false,"chose_seed":false,"campfire_upgraded":1,"win_rate":0.0,"timestamp":1610543427,"path_taken":["M","?","M","M","M","R","E"],"items_purchased_type":[],"build_version":"2020-12-22","purchased_purges":0,"victory":false,"max_hp_per_floor":[75,75,75,75,75,75,75,75],"relic_stats":{"counters":[5,19],"Golden Idol":13,"obtain_stats":[{"Golden Idol":2,"Cracked Core":0},{"Golden Idol":1,"Cracked Core":0},{"Golden Idol":2,"Cracked Core":0}]},"card_choices":[{"not_picked":["Reinforced Body","Streamline"],"picked":"Capacitor","floor":1},{"not_picked":["Ball Lightning","Cold Snap"],"picked":"Chill","floor":3},{"not_picked":["Beam Cell","Heatsinks"],"picked":"Coolheaded","floor":4},{"not_picked":["Leap","Recycle"],"picked":"Barrage","floor":5}],"player_experience":830943,"relics_obtained":[],"event_choices":[{"damage_healed":0,"gold_gain":0,"player_choice":"Take Damage","damage_taken":18,"relics_obtained":["Golden Idol"],"max_hp_gain":0,"max_hp_loss":0,"event_name":"Golden Idol","floor":2,"gold_loss":0}],"is_beta":false,"boss_relics":[],"items_purged_floors":[],"is_endless":false,"potions_floor_spawned":[1,3,5],"killed_by":"Gremlin Nob","ascension_level":11}}