{"host":"l60rmjjsfi0fipmi","time":1610567511,"event":{"mods":["BaseMod","Colored Map","DeckTracker","Hermit","Highlight Path","Jorbs\u0027s Wanderer Trilogy","Minty Spire (QoL Compilation)","StSLib","The Cursed"],"gold_per_floor":[109,109,128,146,64,95,170,170,170,170,170,117,128,139,139,234,234,252,264,264,264],"floor_reached":20,"language":"ENG","playtime":1051,"items_purged":[],"score":200,"play_id":"78cfdf8b-8013-4b36-94b5-642136725b28","local_time":"20210113145151","is_ascension_mode":true,"campfire_choices":[{"data":"Shrug It Off","floor":8,"key":"SMITH"},{"data":"Reaper","floor":10,"key":"SMITH"},{"data":"Clothesline","floor":15,"key":"SMITH"}],"circlet_count":0,"master_deck":["Strike_R","Strike_R","Strike_R","Strike_R","Strike_R","Defend_R","Defend_R","Defend_R","Defend_R","Bash+1","Cleave","Shrug It Off+1","Fire Breathing","Reaper+1","Clothesline+1","Flex","Exhume","Double Tap","Demon Form","Iron Wave"],"relics":["Burning Blood","Question Card","Letter Opener","GremlinMask","Mark of Pain"],"acts_visited":["Exordium","TheCity"],"potions_floor_usage":[13,16,16,19,20,20],"damage_taken":[{"damage":10,"enemies":"Small Slimes","floor":1,"turns":3},{"damage":4,"enemies":"Jaw Worm","floor":3,"turns":4},{"damage":1,"enemies":"2 Louse","floor":4,"turns":2},{"damage":24,"enemies":"3 Sentries","floor":6,"turns":6},{"damage":39,"enemies":"Gremlin Gang","floor":13,"turns":7},{"damage":8,"enemies":"Looter","floor":14,"turns":3},{"damage":48,"enemies":"Hexaghost","floor":16,"turns":11},{"damage":26,"enemies":"Shell Parasite","floor":18,"turns":5},{"damage":31,"enemies":"Chosen","floor":19,"turns":6},{"damage":54,"enemies":"Centurion and Healer","floor":20,"turns":7}],"seed_played":"-12492239819789083","potions_obtained":[{"floor":3,"key":"Weak Potion"},{"floor":6,"key":"EssenceOfSteel"},{"floor":14,"key":"Explosive Potion"},{"floor":16,"key":"PowerPotion"},{"floor":19,"key":"EntropicBrew"}],"is_trial":false,"path_per_floor":["M","?","M","M","$","E","?","R","T","R","?","$","M","M","R","B",null,"M","M","M"],"character_chosen":"IRONCLAD","items_purchased":["Reaper","Flex"],"campfire_rested":0,"item_purchase_floors":[5,12],"current_hp_per_floor":[76,81,83,85,85,78,67,67,67,67,67,67,49,47,47,15,85,65,40,0,0],"gold":264,"neow_bonus":"UPGRADE_CARD","is_daily":false,"chose_seed":false,"campfire_upgraded":3,"win_rate":0.0,"timestamp":1610567511,"path_taken":["M","?","M","M","$","E","?","R","T","R","?","$","?","M","R","BOSS","M","M","?"],"items_purchased_type":["Card","Card"],"build_version":"2020-12-22","purchased_purges":0,"victory":false,"max_hp_per_floor":[80,85,85,85,85,85,85,85,85,85,85,85,85,85,85,85,85,85,85,85,85],"card_choices":[{"not_picked":["Wild Strike","Iron Wave"],"picked":"Cleave","floor":1},{"not_picked":["Heavy Blade","Wild Strike"],"picked":"Shrug It Off","floor":3},{"not_picked":["Heavy Blade","Whirlwind"],"picked":"Fire Breathing","floor":4},{"not_picked":["Bloodletting","Twin Strike"],"picked":"Clothesline","floor":6},{"not_picked":["Clothesline","Anger","Second Wind"],"picked":"Exhume","floor":13},{"not_picked":["Thunderclap","Shrug It Off","Cleave"],"picked":"Double Tap","floor":14},{"not_picked":["Berserk","Fiend Fire","Immolate"],"picked":"Demon Form","floor":16},{"not_picked":["Shrug It Off","Warcry","Carnage","Wild Strike"],"picked":"SKIP","floor":18},{"not_picked":["Sword Boomerang","Heavy Blade","Blood for Blood"],"picked":"Iron Wave","floor":19}],"player_experience":376928,"relics_obtained":[{"floor":6,"key":"Question Card"},{"floor":9,"key":"Letter Opener"}],"event_choices":[{"damage_healed":0,"gold_gain":0,"player_choice":"Donut","damage_taken":0,"max_hp_gain":5,"max_hp_loss":0,"event_name":"Big Fish","floor":2,"gold_loss":0},{"damage_healed":0,"gold_gain":75,"player_choice":"Gather Gold","damage_taken":11,"max_hp_gain":0,"max_hp_loss":0,"event_name":"World of Goop","floor":7,"gold_loss":0},{"damage_healed":0,"gold_gain":0,"player_choice":"Trade","damage_taken":0,"relics_obtained":["GremlinMask"],"max_hp_gain":0,"max_hp_loss":0,"event_name":"FaceTrader","floor":11,"gold_loss":0}],"is_beta":false,"boss_relics":[{"not_picked":["Sozu","Runic Dome"],"picked":"Mark of Pain"}],"items_purged_floors":[],"is_endless":false,"potions_floor_spawned":[3,6,14,16,19],"killed_by":"Centurion and Healer","ascension_level":3}}