{"host":"1ekl8hlbnopmdapi","time":1610577338,"event":{"mods":["AchievementEnabler","BaseMod","Colored Map","Colored Powertips","DeckTracker","Googly Eyes","Highlight Path","Minty Spire (QoL Compilation)","Relic Sorter","StSLib"],"gold_per_floor":[215,215,215,235,247,247,280,297,321,321,341,413,194,211,211,307,307,323,305,106,125,141,141,155,70,117,117,117],"floor_reached":27,"language":"ENG","playtime":992,"items_purged":[],"score":260,"play_id":"88be62d6-44fa-4eca-a33d-5d36657f64de","local_time":"20210113173538","is_ascension_mode":true,"campfire_choices":[{"floor":6,"key":"RECALL"},{"floor":10,"key":"REST"},{"floor":15,"key":"REST"},{"data":"Wish","floor":23,"key":"SMITH"}],"circlet_count":0,"master_deck":["Strike_P","Strike_P","Strike_P","Strike_P","Defend_P+1","Defend_P","Defend_P","Defend_P+1","Eruption","Vigilance","Sanctity","SandsOfTime","MentalFortress","BowlingBash","CutThroughFate","DeceiveReality","Weave","Wish+1","Ragnarok","Perseverance+1","CarveReality","ClearTheMind","WindmillStrike+1","SashWhip+1"],"relics":["PureWater","Pantograph","Damaru","Vajra","Blood Vial","SlaversCollar","Oddly Smooth Stone","Happy Flower","War Paint"],"acts_visited":["Exordium","TheCity"],"potions_floor_usage":[7,7,18,21,22],"damage_taken":[{"damage":2,"enemies":"Jaw Worm","floor":1,"turns":3},{"damage":6,"enemies":"Cultist","floor":4,"turns":5},{"damage":0,"enemies":"Small Slimes","floor":5,"turns":3},{"damage":35,"enemies":"3 Sentries","floor":7,"turns":7},{"damage":9,"enemies":"3 Louse","floor":8,"turns":4},{"damage":20,"enemies":"Exordium Thugs","floor":11,"turns":3},{"damage":0,"enemies":"Blue Slaver","floor":14,"turns":3},{"damage":59,"enemies":"The Guardian","floor":16,"turns":10},{"damage":10,"enemies":"Shell Parasite","floor":18,"turns":5},{"damage":17,"enemies":"2 Thieves","floor":19,"turns":4},{"damage":0,"enemies":"Snecko","floor":21,"turns":5},{"damage":0,"enemies":"Sentry and Sphere","floor":22,"turns":2},{"damage":51,"enemies":"Snake Plant","floor":24,"turns":6},{"damage":9,"enemies":"Centurion and Healer","floor":27,"turns":1}],"seed_played":"-3943237055648022128","potions_obtained":[{"floor":4,"key":"LiquidMemories"},{"floor":5,"key":"DuplicationPotion"},{"floor":7,"key":"DuplicationPotion"},{"floor":8,"key":"GamblersBrew"},{"floor":21,"key":"DistilledChaos"}],"is_trial":false,"path_per_floor":["M","?","T","M","M","R","E","M","T","R","M","?","$","M","R","B",null,"M","M","$","M","M","R","M","?","T","M"],"character_chosen":"WATCHER","items_purchased":["Blood Vial","Weave","Oddly Smooth Stone","ClearTheMind"],"campfire_rested":2,"item_purchase_floors":[13,13,20,20],"current_hp_per_floor":[70,75,75,69,69,69,34,25,25,48,28,28,28,30,53,18,77,67,52,52,54,56,56,7,7,7,0,0],"gold":117,"neow_bonus":"HUNDRED_GOLD","is_daily":false,"chose_seed":false,"campfire_upgraded":1,"win_rate":0.0,"timestamp":1610577338,"path_taken":["M","?","?","M","?","R","E","M","T","R","M","?","$","M","R","BOSS","M","M","$","M","M","R","M","?","T","M"],"items_purchased_type":["Relic","Card","Relic","Card"],"build_version":"2020-12-22","purchased_purges":0,"victory":false,"max_hp_per_floor":[72,77,77,77,77,77,77,77,77,77,77,77,77,77,77,77,77,77,77,77,77,77,77,77,77,77,77,77],"card_choices":[{"not_picked":["JustLucky","EmptyFist"],"picked":"Sanctity","floor":1},{"not_picked":["ThirdEye","Fasting2"],"picked":"SandsOfTime","floor":4},{"not_picked":["LikeWater","Consecrate"],"picked":"MentalFortress","floor":5},{"not_picked":["WreathOfFlame","PathToVictory"],"picked":"BowlingBash","floor":7},{"not_picked":["Protect","Wireheading"],"picked":"CutThroughFate","floor":8},{"not_picked":["CrushJoints","Tantrum"],"picked":"DeceiveReality","floor":11},{"not_picked":["ThirdEye","FlurryOfBlows"],"picked":"Wish","floor":14},{"not_picked":["DeusExMachina","MasterReality"],"picked":"Ragnarok","floor":16},{"not_picked":["PathToVictory","Crescendo+1"],"picked":"Perseverance+1","floor":18},{"not_picked":["Halt","Pray"],"picked":"CarveReality","floor":19},{"not_picked":["Pray","Study","BowlingBash"],"picked":"SKIP","floor":21},{"not_picked":["BattleHymn","Halt"],"picked":"WindmillStrike+1","floor":22},{"not_picked":["WaveOfTheHand","ForeignInfluence+1"],"picked":"SashWhip+1","floor":24}],"player_experience":448491,"relics_obtained":[{"floor":3,"key":"Pantograph"},{"floor":7,"key":"Damaru"},{"floor":9,"key":"Vajra"},{"floor":26,"key":"War Paint"}],"event_choices":[{"damage_healed":0,"gold_gain":0,"player_choice":"Donut","damage_taken":0,"max_hp_gain":5,"max_hp_loss":0,"event_name":"Big Fish","floor":2,"gold_loss":0},{"damage_healed":0,"gold_gain":72,"player_choice":"Gained Gold","damage_taken":0,"max_hp_gain":0,"max_hp_loss":0,"event_name":"Golden Wing","floor":12,"gold_loss":0},{"damage_healed":0,"gold_gain":0,"player_choice":"Obtained Relic","damage_taken":0,"relics_obtained":["Happy Flower"],"max_hp_gain":0,"max_hp_loss":0,"event_name":"Addict","floor":25,"gold_loss":85}],"is_beta":false,"boss_relics":[{"not_picked":["Snecko Eye","Cursed Key"],"picked":"SlaversCollar"}],"items_purged_floors":[],"is_endless":false,"potions_floor_spawned":[4,5,7,8,21],"killed_by":"Centurion and Healer","ascension_level":4}}