{"host":"rolltorest","time":1610524579,"event":{"mods":["BaseMod","Minty Spire (QoL Compilation)","Relic Stats","Slay the Relics Exporter","StSLib"],"gold_per_floor":[118,130,130,205,224,257,257,278,329,365,365,365,72,92,92,188,188,204,225,95,110,110,160,208,208,217,82,127,151,37,55,55,157,157,170,236,257,289,86,86,129,153,153,193,193,193,209,243,243,243,243,243,243,16,51,51],"floor_reached":57,"language":"ENG","playtime":3088,"items_purged":["Writhe","Wild Strike"],"score":2799,"play_id":"164d3f0a-a8d0-40ea-b004-cdf333f11789","local_time":"20210112235619","is_ascension_mode":true,"campfire_choices":[{"data":"Immolate","floor":7,"key":"SMITH"},{"floor":15,"key":"REST"},{"data":"Double Tap","floor":25,"key":"SMITH"},{"data":"Dark Embrace","floor":32,"key":"SMITH"},{"data":"Fiend Fire","floor":40,"key":"SMITH"},{"floor":49,"key":"RECALL"},{"data":"Fiend Fire","floor":53,"key":"SMITH"}],"circlet_count":0,"master_deck":["AscendersBane","Bash","Battle Trance","Dark Embrace+1","Rage","Clothesline","Dual Wield","Combust","Double Tap+1","Clothesline","Immolate+1","Burning Pact+1","Intimidate","Shockwave","True Grit","Reaper","Rage","Pommel Strike+1","Flame Barrier","Fiend Fire+1","Burning Pact","Ghostly","Ghostly","Ghostly","Reaper","Seeing Red","Seeing Red","Disarm","Reaper","Feed","Shrug It Off+1","Fiend Fire+1","Power Through","Pummel","Seeing Red","Evolve","Warcry"],"relics":["Pandora\u0027s Box","Golden Idol","Ornamental Fan","Vajra","Red Skull","Dead Branch","Membership Card","Dream Catcher","Cursed Key","CeramicFish","Red Mask","Anchor","Du-Vu Doll","Lee\u0027s Waffle","Busted Crown","Champion Belt","Centennial Puzzle","Potion Belt","Bronze Scales","OrangePellets","Lantern","Art of War"],"acts_visited":["Exordium","TheCity","TheBeyond","TheEnding"],"potions_floor_usage":[10,33,50,50,56,56,56],"damage_taken":[{"damage":3,"enemies":"Small Slimes","floor":1,"turns":3},{"damage":9,"enemies":"Jaw Worm","floor":2,"turns":3},{"damage":0,"enemies":"Cultist","floor":5,"turns":2},{"damage":11,"enemies":"3 Sentries","floor":6,"turns":2},{"damage":1,"enemies":"2 Fungi Beasts","floor":8,"turns":2},{"damage":8,"enemies":"Gremlin Nob","floor":10,"turns":3},{"damage":8,"enemies":"Looter","floor":14,"turns":2},{"damage":6,"enemies":"Hexaghost","floor":16,"turns":7},{"damage":11,"enemies":"Shell Parasite","floor":18,"turns":3},{"damage":22,"enemies":"2 Thieves","floor":19,"turns":2},{"damage":9,"enemies":"Chosen and Byrds","floor":21,"turns":5},{"damage":11,"enemies":"Book of Stabbing","floor":23,"turns":4},{"damage":2,"enemies":"Masked Bandits","floor":24,"turns":4},{"damage":24,"enemies":"Slavers","floor":28,"turns":4},{"damage":14,"enemies":"Sentry and Sphere","floor":29,"turns":6},{"damage":4,"enemies":"Snake Plant","floor":31,"turns":2},{"damage":97,"enemies":"Collector","floor":33,"turns":10},{"damage":0,"enemies":"Orb Walker","floor":35,"turns":4},{"damage":23,"enemies":"2 Orb Walkers","floor":36,"turns":5},{"damage":0,"enemies":"3 Darklings","floor":37,"turns":3},{"damage":2,"enemies":"Writhing Mass","floor":38,"turns":4},{"damage":6,"enemies":"Reptomancer","floor":41,"turns":7},{"damage":0,"enemies":"Jaw Worm Horde","floor":42,"turns":4},{"damage":0,"enemies":"Nemesis","floor":44,"turns":5},{"damage":7,"enemies":"Sphere and 2 Shapes","floor":47,"turns":7},{"damage":2,"enemies":"Maw","floor":48,"turns":7},{"damage":23,"enemies":"Awakened One","floor":50,"turns":10},{"damage":28,"enemies":"Time Eater","floor":51,"turns":11},{"damage":28,"enemies":"Shield and Spear","floor":55,"turns":9},{"damage":79,"enemies":"The Heart","floor":56,"turns":8}],"seed_played":"2137831494686038097","potions_obtained":[{"floor":2,"key":"ElixirPotion"},{"floor":5,"key":"FairyPotion"},{"floor":6,"key":"GamblersBrew"},{"floor":10,"key":"SmokeBomb"},{"floor":12,"key":"SkillPotion"},{"floor":36,"key":"ColorlessPotion"},{"floor":38,"key":"ColorlessPotion"},{"floor":47,"key":"Regen Potion"},{"floor":55,"key":"SpeedPotion"}],"is_trial":false,"path_per_floor":["M","M","?","?","M","E","R","M","T","E","?","?","$","M","R","B",null,"M","M","$","M","?","E","?","R","T","$","E","M","$","M","R","B",null,"M","?","M","M","$","R","E","M","T","E","?","?","M","M","R","B","B",null,"R","$","E","B",null],"character_chosen":"IRONCLAD","items_purchased":["Membership Card","Shockwave","Dream Catcher","Flame Barrier","Fiend Fire","Seeing Red","Anchor","Lee\u0027s Waffle","Swift Potion","Centennial Puzzle","Fiend Fire","Evolve","OrangePellets","Lantern","Warcry","PowerPotion"],"campfire_rested":1,"item_purchase_floors":[13,13,13,20,20,27,27,30,30,39,39,54,54,54,54,54],"current_hp_per_floor":[65,56,56,45,45,34,34,33,33,25,14,14,14,6,26,20,56,49,27,27,30,30,19,28,28,28,28,10,23,41,37,37,6,32,41,27,44,42,42,42,44,47,47,47,47,47,50,53,53,56,48,54,54,54,50,16],"gold":51,"neow_bonus":"BOSS_RELIC","is_daily":false,"chose_seed":false,"campfire_upgraded":5,"win_rate":0.0,"timestamp":1610524579,"path_taken":["M","M","?","?","?","E","R","M","T","E","?","?","$","M","R","BOSS","M","M","$","?","?","E","?","R","T","$","E","M","$","M","R","BOSS","M","?","M","M","$","R","E","M","T","E","?","?","M","?","R","BOSS","BOSS","R","$","E","BOSS"],"items_purchased_type":["Relic","Card","Relic","Card","Card","Card","Relic","Relic","Potion","Relic","Card","Card","Relic","Relic","Card","Potion"],"build_version":"2020-12-18","purchased_purges":2,"victory":true,"max_hp_per_floor":[75,75,68,68,68,68,68,68,68,68,68,68,68,68,68,68,68,68,68,68,68,34,34,34,34,34,34,34,34,41,41,41,41,41,44,44,44,44,44,44,44,47,47,47,47,47,50,53,53,56,56,56,56,56,56,56],"relic_stats":{"Lee\u0027s Waffle":18,"counters":[30,148],"Golden Idol":217,"Dead Branch":[578],"CeramicFish":126,"Cursed Key":1,"OrangePellets":[4],"Dream Catcher":1,"Centennial Puzzle":[21],"Busted Crown":20,"Ornamental Fan":[160],"Bronze Scales":[289],"Pandora\u0027s Box":["Battle Trance","Dark Embrace","Rage","Clothesline","Dual Wield","Wild Strike","Combust","Double Tap","Berserk"],"Art of War":[1],"Champion Belt":[50],"obtain_stats":[{"Potion Belt":41,"Lee\u0027s Waffle":30,"Lantern":54,"Golden Idol":3,"Dead Branch":11,"CeramicFish":23,"Vajra":9,"Cursed Key":17,"Burning Blood":0,"Du-Vu Doll":28,"OrangePellets":54,"Dream Catcher":13,"Anchor":27,"Centennial Puzzle":39,"Busted Crown":34,"Ornamental Fan":6,"Bronze Scales":44,"Pandora\u0027s Box":0,"Red Mask":24,"Art of War":55,"Membership Card":13,"Champion Belt":36,"Red Skull":10},{"Potion Belt":22,"Lee\u0027s Waffle":15,"Lantern":28,"Golden Idol":2,"Dead Branch":6,"CeramicFish":12,"Vajra":5,"Cursed Key":8,"Burning Blood":0,"Du-Vu Doll":14,"OrangePellets":28,"Dream Catcher":6,"Anchor":13,"Centennial Puzzle":21,"Busted Crown":17,"Ornamental Fan":4,"Bronze Scales":24,"Pandora\u0027s Box":0,"Red Mask":13,"Art of War":29,"Membership Card":6,"Champion Belt":19,"Red Skull":6},{"Potion Belt":87,"Lee\u0027s Waffle":52,"Lantern":131,"Golden Idol":6,"Dead Branch":15,"CeramicFish":38,"Vajra":12,"Cursed Key":24,"Burning Blood":0,"Du-Vu Doll":46,"OrangePellets":131,"Dream Catcher":15,"Anchor":42,"Centennial Puzzle":80,"Busted Crown":64,"Ornamental Fan":10,"Bronze Scales":96,"Pandora\u0027s Box":0,"Red Mask":42,"Art of War":140,"Membership Card":15,"Champion Belt":73,"Red Skull":15}]},"card_choices":[{"not_picked":["Sword Boomerang","Twin Strike"],"picked":"Clothesline","floor":1},{"not_picked":["Clash","Ghostly Armor"],"picked":"Immolate","floor":2},{"not_picked":["Body Slam","Hemokinesis","Dual Wield"],"picked":"SKIP","floor":5},{"not_picked":["Flame Barrier","Uppercut"],"picked":"Burning Pact","floor":6},{"not_picked":["Hemokinesis","Warcry","Twin Strike"],"picked":"SKIP","floor":8},{"not_picked":["Warcry","Brutality"],"picked":"Intimidate","floor":10},{"not_picked":["Clash","Anger","Entrench"],"picked":"SKIP","floor":14},{"not_picked":["Heavy Blade","Dark Embrace"],"picked":"True Grit","floor":15},{"not_picked":["Fiend Fire","Brutality"],"picked":"Reaper","floor":16},{"not_picked":["Infernal Blade","Anger"],"picked":"Rage","floor":18},{"not_picked":["Wild Strike","Dark Embrace"],"picked":"Pommel Strike+1","floor":19},{"not_picked":["True Grit","Intimidate+1"],"picked":"Burning Pact","floor":21},{"not_picked":["Flex","Iron Wave+1"],"picked":"Reaper","floor":23},{"not_picked":["Cleave","Body Slam"],"picked":"Seeing Red","floor":24},{"not_picked":["Shockwave","Heavy Blade"],"picked":"Disarm","floor":28},{"not_picked":["Power Through","Second Wind"],"picked":"Reaper","floor":29},{"not_picked":["Flex","Iron Wave+1","Body Slam"],"picked":"SKIP","floor":31},{"not_picked":["Double Tap","Exhume"],"picked":"Feed","floor":33},{"not_picked":["Body Slam+1"],"picked":"SKIP","floor":35},{"not_picked":["Dual Wield+1"],"picked":"SKIP","floor":37},{"not_picked":[],"picked":"Shrug It Off+1","floor":38},{"not_picked":[],"picked":"Power Through","floor":41},{"not_picked":["Heavy Blade"],"picked":"SKIP","floor":42},{"not_picked":[],"picked":"Pummel","floor":44},{"not_picked":["Wild Strike"],"picked":"SKIP","floor":47},{"not_picked":[],"picked":"Seeing Red","floor":48},{"not_picked":["Inflame"],"picked":"SKIP","floor":55}],"player_experience":1713670,"relics_obtained":[{"floor":6,"key":"Ornamental Fan"},{"floor":9,"key":"Vajra"},{"floor":10,"key":"Red Skull"},{"floor":23,"key":"CeramicFish"},{"floor":24,"key":"Red Mask"},{"floor":28,"key":"Du-Vu Doll"},{"floor":36,"key":"Champion Belt"},{"floor":41,"key":"Potion Belt"},{"floor":44,"key":"Bronze Scales"},{"floor":55,"key":"Art of War"}],"event_choices":[{"damage_healed":0,"gold_gain":0,"player_choice":"Lose Max HP","damage_taken":0,"relics_obtained":["Golden Idol"],"max_hp_gain":0,"max_hp_loss":7,"event_name":"Golden Idol","floor":3,"gold_loss":0},{"damage_healed":0,"gold_gain":75,"player_choice":"Gather Gold","damage_taken":11,"max_hp_gain":0,"max_hp_loss":0,"event_name":"World of Goop","floor":4,"gold_loss":0},{"damage_healed":0,"gold_gain":0,"player_choice":"Success","damage_taken":11,"relics_obtained":["Dead Branch"],"max_hp_gain":0,"max_hp_loss":0,"event_name":"Scrap Ooze","floor":11,"gold_loss":0},{"damage_healed":0,"gold_gain":0,"player_choice":"Got Potions","damage_taken":0,"max_hp_gain":0,"max_hp_loss":0,"event_name":"Lab","floor":12,"gold_loss":0},{"damage_healed":0,"gold_gain":0,"player_choice":"Became a Ghost","damage_taken":0,"max_hp_gain":0,"max_hp_loss":34,"event_name":"Ghosts","floor":22,"gold_loss":0,"cards_obtained":["Ghostly","Ghostly","Ghostly"]},{"damage_healed":0,"gold_gain":0,"player_choice":"Fought Bandits","damage_taken":0,"max_hp_gain":0,"max_hp_loss":0,"event_name":"Masked Bandits","floor":24,"gold_loss":0},{"damage_healed":0,"gold_gain":0,"player_choice":"Fight","damage_taken":0,"max_hp_gain":0,"max_hp_loss":0,"event_name":"Mysterious Sphere","floor":36,"gold_loss":0},{"cards_removed":["Berserk"],"damage_healed":0,"gold_gain":0,"player_choice":"Removed Power","damage_taken":0,"max_hp_gain":0,"max_hp_loss":0,"event_name":"Falling","floor":45,"gold_loss":0},{"damage_healed":0,"gold_gain":0,"player_choice":"Forge","damage_taken":0,"max_hp_gain":0,"max_hp_loss":0,"event_name":"Accursed Blacksmith","floor":46,"gold_loss":0,"cards_upgraded":["Burning Pact"]}],"is_beta":true,"boss_relics":[{"not_picked":["Mark of Pain","Velvet Choker"],"picked":"Cursed Key"},{"not_picked":["Tiny House","Black Star"],"picked":"Busted Crown"}],"items_purged_floors":[27,39],"is_endless":false,"potions_floor_spawned":[2,5,6,10,18,21,24,28,29,36,38,41,47,55],"ascension_level":20}}