{"host":"9fpqyohhfgykisug","time":1610550143,"event":{"mods":["BaseMod","Block Reminder","DeckTracker","Highlight Path","Minty Spire (QoL Compilation)","Permanent Neow","Quick Restart"],"gold_per_floor":[111,111,111,286,286,286,329,343,343,62,76,91,110,110,110,239,239,255,9,33,33,56,56,95,95,118,142,160,185,198,198,198],"floor_reached":31,"language":"PTB","playtime":1945,"items_purged":["Injury"],"score":259,"play_id":"3b2d0677-aa3f-4abd-bd39-3d8039490459","local_time":"20210113120223","is_ascension_mode":false,"campfire_choices":[{"data":"Eviscerate","floor":6,"key":"SMITH"},{"floor":15,"key":"REST"},{"floor":23,"key":"REST"},{"floor":25,"key":"REST"}],"circlet_count":0,"master_deck":["Strike_G","Strike_G","Strike_G","Strike_G","Strike_G+1","Defend_G","Defend_G","Defend_G+1","Defend_G","Defend_G","Survivor","Neutralize","Eviscerate+1","Backflip","Quick Slash","Blade Dance","Finisher","Predator","Doppelganger","Sucker Punch","Burst","Dagger Spray+1","Reflex","Infinite Blades","Flying Knee","Prepared","Blade Dance","Endless Agony+1","Dagger Throw","Dagger Throw+1","Outmaneuver+1","Leg Sweep+1","Dodge and Roll"],"relics":["Runic Dome","Golden Idol","Pear","Bag of Marbles","Strange Spoon","HoveringKite","Dream Catcher","Potion Belt"],"acts_visited":["Exordium","TheCity"],"potions_floor_usage":[7,13,16,24,28,30],"damage_taken":[{"damage":2,"enemies":"2 Louse","floor":1,"turns":4},{"damage":52,"enemies":"3 Sentries","floor":7,"turns":10},{"damage":0,"enemies":"Jaw Worm","floor":8,"turns":2},{"damage":0,"enemies":"Small Slimes","floor":11,"turns":2},{"damage":5,"enemies":"Red Slaver","floor":12,"turns":2},{"damage":0,"enemies":"Lots of Slimes","floor":13,"turns":3},{"damage":10,"enemies":"Hexaghost","floor":16,"turns":8},{"damage":0,"enemies":"Spheric Guardian","floor":18,"turns":3},{"damage":23,"enemies":"Shell Parasite","floor":20,"turns":5},{"damage":24,"enemies":"Centurion and Healer","floor":22,"turns":6},{"damage":54,"enemies":"Slavers","floor":24,"turns":6},{"damage":31,"enemies":"Shelled Parasite and Fungi","floor":27,"turns":4},{"damage":0,"enemies":"Snecko","floor":28,"turns":3},{"damage":5,"enemies":"Cultist and Chosen","floor":29,"turns":4},{"damage":6,"enemies":"Snake Plant","floor":30,"turns":5},{"damage":7,"enemies":"Centurion and Healer","floor":31,"turns":1}],"seed_played":"-5268411735741750442","potions_obtained":[{"floor":1,"key":"AttackPotion"},{"floor":7,"key":"EssenceOfSteel"},{"floor":8,"key":"Strength Potion"},{"floor":16,"key":"FearPotion"},{"floor":20,"key":"Fire Potion"},{"floor":22,"key":"FairyPotion"},{"floor":24,"key":"LiquidBronze"},{"floor":30,"key":"AttackPotion"}],"is_trial":false,"path_per_floor":["M","?","?","?","?","R","E","M","T","$","M","M","M","?","R","B",null,"M","$","M","?","M","R","E","R","T","M","M","M","M","M"],"character_chosen":"THE_SILENT","items_purchased":["Blade Dance","Finisher","Strange Spoon","Reflex","Infinite Blades","Flying Knee"],"campfire_rested":3,"item_purchase_floors":[10,10,10,19,19,19],"current_hp_per_floor":[68,68,68,68,54,54,12,12,12,12,12,7,7,7,31,21,80,80,80,57,49,25,49,24,48,48,17,17,12,6,0,0],"gold":198,"neow_bonus":"BOSS_RELIC","is_daily":false,"chose_seed":false,"campfire_upgraded":1,"win_rate":0.0,"timestamp":1610550143,"path_taken":["M","?","?","?","?","R","E","M","T","$","M","?","M","?","R","BOSS","M","$","M","?","?","R","E","R","T","M","M","M","?","M"],"items_purchased_type":["Card","Card","Relic","Card","Card","Card"],"build_version":"2020-12-22","purchased_purges":1,"victory":false,"max_hp_per_floor":[70,70,70,70,70,70,80,80,80,80,80,80,80,80,80,80,80,80,80,80,80,80,80,80,80,80,80,80,80,80,80,80],"card_choices":[{"not_picked":["Flying Knee","Underhanded Strike"],"picked":"Eviscerate","floor":1},{"not_picked":["Sucker Punch","Flechettes"],"picked":"Backflip","floor":7},{"not_picked":["Riddle With Holes","Slice"],"picked":"Quick Slash","floor":8},{"not_picked":["Bouncing Flask","Terror"],"picked":"Predator","floor":11},{"not_picked":["Sucker Punch","Flying Knee"],"picked":"Doppelganger","floor":12},{"not_picked":["Poisoned Stab","Quick Slash"],"picked":"Sucker Punch","floor":13},{"not_picked":["After Image","Envenom"],"picked":"Burst","floor":16},{"not_picked":["Caltrops","Flying Knee"],"picked":"Dagger Spray+1","floor":18},{"not_picked":["Noxious Fumes","Deadly Poison"],"picked":"Prepared","floor":20},{"not_picked":["Escape Plan+1","Eviscerate"],"picked":"Blade Dance","floor":22},{"not_picked":["Dodge and Roll+1","Glass Knife"],"picked":"Endless Agony+1","floor":24},{"not_picked":["Backflip","Deflect+1"],"picked":"Dagger Throw","floor":25},{"not_picked":["Sucker Punch","Masterful Stab+1"],"picked":"Dagger Throw+1","floor":27},{"not_picked":["Deadly Poison+1","Poisoned Stab"],"picked":"Outmaneuver+1","floor":28},{"not_picked":["Outmaneuver","Sucker Punch+1"],"picked":"Leg Sweep+1","floor":29},{"not_picked":["Outmaneuver","Quick Slash"],"picked":"Dodge and Roll","floor":30}],"player_experience":37349,"relics_obtained":[{"floor":7,"key":"Pear"},{"floor":9,"key":"Bag of Marbles"},{"floor":24,"key":"Dream Catcher"},{"floor":26,"key":"Potion Belt"}],"event_choices":[{"damage_healed":0,"gold_gain":0,"player_choice":"Ignored","damage_taken":0,"max_hp_gain":0,"max_hp_loss":0,"event_name":"Golden Wing","floor":2,"gold_loss":0},{"damage_healed":0,"gold_gain":0,"player_choice":"Take Wound","damage_taken":0,"relics_obtained":["Golden Idol"],"max_hp_gain":0,"max_hp_loss":0,"event_name":"Golden Idol","floor":3,"gold_loss":0,"cards_obtained":["Injury"]},{"damage_healed":0,"gold_gain":175,"player_choice":"AGREE","damage_taken":0,"max_hp_gain":0,"max_hp_loss":0,"event_name":"Liars Game","floor":4,"gold_loss":0,"cards_obtained":["Doubt"]},{"damage_healed":0,"gold_gain":0,"player_choice":"Entered Light","damage_taken":14,"max_hp_gain":0,"max_hp_loss":0,"event_name":"Shining Light","floor":5,"gold_loss":0,"cards_upgraded":["Strike_G","Defend_G"]},{"cards_removed":["Doubt"],"damage_healed":0,"gold_gain":0,"player_choice":"Forget","damage_taken":0,"max_hp_gain":0,"max_hp_loss":0,"event_name":"Living Wall","floor":14,"gold_loss":0},{"damage_healed":0,"gold_gain":0,"player_choice":"Damaged","damage_taken":8,"max_hp_gain":0,"max_hp_loss":0,"event_name":"Wheel of Change","floor":21,"gold_loss":0}],"is_beta":false,"boss_relics":[{"not_picked":["Astrolabe","Sozu"],"picked":"HoveringKite"}],"items_purged_floors":[19],"is_endless":false,"potions_floor_spawned":[1,7,8,16,20,22,24,30],"killed_by":"Centurion and Healer","ascension_level":0}}