{"host":"vfg9szunmpjwj08o","time":1610543475,"event":{"mods":["Act Like it!","BaseMod","Challenge The Spire","Colored Map","Colored Powertips","Conspire","Dark Map","Fox Events","Minty Spire (QoL Compilation)","StSLib","Waifu the Spire"],"gold_per_floor":[117,117,0,14,62,96,96,96,196,196,208,208,236,254,254,331,331,349,349,199,199,199,233,233,233,233,244,244,244],"floor_reached":28,"language":"ENG","playtime":998,"items_purged":["Strike_B","Strike_B"],"score":569,"play_id":"11a6ce18-3302-44ab-bb4c-5009b940ac3c","local_time":"20210113141115","is_ascension_mode":true,"campfire_choices":[{"data":"Zap","floor":7.0,"key":"SMITH"},{"data":"Dualcast","floor":10.0,"key":"SMITH"},{"data":"Defragment","floor":12.0,"key":"SMITH"},{"data":"Chaos","floor":15,"key":"SMITH"},{"floor":25,"key":"REST"}],"circlet_count":1,"master_deck":["AscendersBane","Strike_B","Defend_B","Defend_B","Defend_B","Defend_B","Zap+1","Dualcast+1","Gash","Sunder","conspire:Rain","Self Repair","Defragment+1","conspire:Rain","Hologram","Go for the Eyes","Chaos+1","Reboot","Gash","Coolheaded","Defragment","Dramatic Entrance","Compile Driver","Capacitor"],"relics":["Cracked Core","NeowsBlessing","Circlet","Strawberry","Prayer Wheel","Meat on the Bone","Gambling Chip","Black Star","Enchiridion","Singing Bowl","Nunchaku"],"acts_visited":["Exordium","TheCity"],"potions_floor_usage":[16,16],"damage_taken":[{"damage":0.0,"enemies":"Small Slimes","floor":1.0,"turns":1.0},{"damage":0.0,"enemies":"2 Louse","floor":4.0,"turns":1.0},{"damage":0.0,"enemies":"Colosseum Slavers","floor":5.0,"turns":1.0},{"damage":36.0,"enemies":"Gremlin Nob","floor":6.0,"turns":4.0},{"damage":2.0,"enemies":"Jaw Worm","floor":11.0,"turns":2.0},{"damage":35.0,"enemies":"3 Sentries","floor":13.0,"turns":6.0},{"damage":13,"enemies":"Exordium Thugs","floor":14,"turns":5},{"damage":0,"enemies":"Slime Boss","floor":16,"turns":4},{"damage":0,"enemies":"conspire:FuzzyDice","floor":18,"turns":8},{"damage":47,"enemies":"Book of Stabbing","floor":23,"turns":5},{"damage":18,"enemies":"Shell Parasite","floor":27,"turns":5},{"damage":40,"enemies":"Shelled Parasite and Fungi","floor":28,"turns":3}],"seed_played":"7775819815679781559","potions_obtained":[{"floor":4.0,"key":"PotionOfCapacity"},{"floor":6.0,"key":"GamblersBrew"},{"floor":11.0,"key":"SteroidPotion"},{"floor":14,"key":"AttackPotion"},{"floor":23,"key":"AttackPotion"}],"is_trial":false,"path_per_floor":["M","?","$","M","?","E","R","?","T","R","M","R","E","M","R","B",null,"M","?","$","?","?","E","?","R","T","M","M"],"character_chosen":"DEFECT","items_purchased":["Sunder","Coolheaded"],"campfire_rested":1,"item_purchase_floors":[3,20],"current_hp_per_floor":[64,64,64,64,64,42,42,42,42,42,40,40,24,30,30,49,71,78,57,57,57,49,23,11,35,35,36,0,0],"gold":244,"neow_bonus":"THREE_ENEMY_KILL","is_daily":false,"chose_seed":false,"campfire_upgraded":4,"win_rate":0.0,"timestamp":1610543475,"path_taken":["M","?","$","M","?","E","R","?","T","R","?","R","E","M","R","BOSS","M","?","$","?","?","E","?","R","T","?","M"],"items_purchased_type":["Card","Card"],"build_version":"2020-12-22","purchased_purges":2,"victory":false,"max_hp_per_floor":[71,71,71,71,71,78,78,78,78,78,78,78,78,78,78,78,78,78,78,78,78,78,80,80,80,80,80,80,80],"card_choices":[{"not_picked":["Steam","Aggregate"],"picked":"Gash","floor":1.0},{"not_picked":["Force Field","Coolheaded"],"picked":"conspire:Rain","floor":4.0},{"not_picked":["Streamline","Turbo"],"picked":"Self Repair","floor":5.0},{"not_picked":["Leap","Auto Shields","Ball Lightning"],"picked":"SKIP","floor":6.0},{"not_picked":["Rebound","Compile Driver"],"picked":"Defragment","floor":11.0},{"not_picked":["Rebound","Beam Cell"],"picked":"conspire:Rain","floor":11.0},{"not_picked":["Stack","Turbo"],"picked":"Hologram","floor":13.0},{"not_picked":["Stack","Consume"],"picked":"Go for the Eyes","floor":14},{"not_picked":["Gash","Melter"],"picked":"Chaos","floor":14},{"not_picked":["Meteor Strike","Hyperbeam"],"picked":"Reboot","floor":16},{"not_picked":["Rebound","Tempest"],"picked":"Gash","floor":18},{"not_picked":["Hologram","Ball Lightning","Steam"],"picked":"SKIP","floor":18},{"not_picked":["Go for the Eyes","Barrage","Conserve Battery"],"picked":"Singing Bowl","floor":23},{"not_picked":["Go for the Eyes","Steam Power"],"picked":"Compile Driver","floor":27},{"not_picked":["Rebound","Static Discharge"],"picked":"Capacitor","floor":27}],"player_experience":1060989,"relics_obtained":[{"floor":5.0,"key":"foxEvents:LuckyCharm"},{"floor":6.0,"key":"Strawberry"},{"floor":9.0,"key":"Meat on the Bone"},{"floor":13.0,"key":"Gambling Chip"},{"floor":19,"key":"Enchiridion"},{"floor":23,"key":"Singing Bowl"},{"floor":23,"key":"Nunchaku"}],"event_choices":[{"cards_removed":["Strike_B"],"damage_healed":0.0,"max_hp_gain":0.0,"max_hp_loss":0.0,"gold_gain":0.0,"event_name":"Living Wall","player_choice":"Forget","floor":2.0,"gold_loss":0.0,"damage_taken":0.0},{"damage_healed":0.0,"max_hp_gain":0.0,"max_hp_loss":0.0,"gold_gain":0.0,"event_name":"WeMeetAgain","player_choice":"Gave Potion","floor":8.0,"gold_loss":0.0,"damage_taken":0.0,"relics_obtained":["Prayer Wheel"]},{"damage_healed":0,"gold_gain":0,"player_choice":"Obtained Book","damage_taken":21,"max_hp_gain":0,"max_hp_loss":0,"event_name":"Cursed Tome","floor":19,"gold_loss":0},{"damage_healed":0,"gold_gain":0,"player_choice":"Read","damage_taken":0,"max_hp_gain":0,"max_hp_loss":0,"event_name":"The Library","floor":21,"gold_loss":0,"cards_obtained":["Defragment"]},{"damage_healed":0,"gold_gain":0,"player_choice":"CARD ","damage_taken":12,"max_hp_gain":0,"max_hp_loss":0,"event_name":"Knowing Skull","floor":24,"potions_obtained":[],"gold_loss":0,"cards_obtained":["Dramatic Entrance"]}],"is_beta":false,"boss_relics":[{"not_picked":["Velvet Choker","Tiny House"],"picked":"Black Star"}],"items_purged_floors":[3,20],"is_endless":false,"potions_floor_spawned":[4,6,11,14,23],"killed_by":"Shelled Parasite and Fungi","ascension_level":19}}