{"host":"fnk117zi8wf5078t","time":1610524907,"event":{"mods":["AchievementEnabler","BaseMod","Colored Map","Minty Spire (QoL Compilation)","Rare Cards Sparkle","SuperFastMode","everything is the same but u backflip on backflip"],"gold_per_floor":[17,17,17,35,58,58,96,96,96,115,129,153,171,192,192,192,192],"floor_reached":16,"language":"KOR","playtime":538,"items_purged":[],"score":212,"play_id":"92aca9bc-bf63-4ba5-a905-c4ba2025b108","local_time":"20210113170147","is_ascension_mode":true,"campfire_choices":[{"data":"Injury","floor":6,"key":"PURGE"},{"floor":8,"key":"REST"},{"floor":15,"key":"REST"}],"circlet_count":0,"master_deck":["AscendersBane","Strike_R","Strike_R","Strike_R","Strike_R","Strike_R","Defend_R","Defend_R","Defend_R","Defend_R","Bash","Pommel Strike","Double Tap","Fire Breathing","Rampage","Limit Break","Dual Wield"],"relics":["Burning Blood","Peace Pipe","Golden Idol","Torii","Self Forming Clay","Bird Faced Urn"],"acts_visited":["Exordium"],"potions_floor_usage":[7,13,16],"damage_taken":[{"damage":5,"enemies":"Small Slimes","floor":1,"turns":3},{"damage":1,"enemies":"Cultist","floor":4,"turns":3},{"damage":6,"enemies":"2 Louse","floor":5,"turns":2},{"damage":40,"enemies":"Lagavulin","floor":7,"turns":7},{"damage":9,"enemies":"Exordium Thugs","floor":10,"turns":4},{"damage":10,"enemies":"3 Louse","floor":11,"turns":4},{"damage":12,"enemies":"Looter","floor":12,"turns":3},{"damage":2,"enemies":"Lots of Slimes","floor":13,"turns":3},{"damage":19,"enemies":"2 Fungi Beasts","floor":14,"turns":4},{"damage":48,"enemies":"The Guardian","floor":16,"turns":12}],"seed_played":"-4727128008991530550","potions_obtained":[{"floor":4,"key":"ElixirPotion"},{"floor":7,"key":"Ancient Potion"},{"floor":11,"key":"BlessingOfTheForge"},{"floor":12,"key":"Explosive Potion"},{"floor":14,"key":"ElixirPotion"}],"is_trial":false,"path_per_floor":["M","?","?","M","M","R","E","R","T","M","M","M","M","M","R","B"],"character_chosen":"IRONCLAD","items_purchased":[],"campfire_rested":2,"item_purchase_floors":[],"current_hp_per_floor":[69,69,51,56,56,56,22,44,44,41,37,31,35,22,44,0,0],"gold":192,"neow_bonus":"ONE_RARE_RELIC","is_daily":false,"chose_seed":false,"campfire_upgraded":0,"win_rate":0.0,"timestamp":1610524907,"path_taken":["M","?","?","M","M","R","E","R","T","M","M","M","M","M","R","BOSS"],"items_purchased_type":[],"build_version":"2020-12-22","purchased_purges":0,"victory":false,"max_hp_per_floor":[75,75,75,75,75,75,75,75,75,75,75,75,75,75,75,75,75],"card_choices":[{"not_picked":["Wild Strike","Armaments"],"picked":"Pommel Strike","floor":1},{"not_picked":["Clothesline","Flex","Feel No Pain"],"picked":"SKIP","floor":4},{"not_picked":["Wild Strike","Perfected Strike","Shrug It Off"],"picked":"SKIP","floor":5},{"not_picked":["Rage","Clothesline"],"picked":"Double Tap","floor":7},{"not_picked":["Iron Wave","Anger"],"picked":"Fire Breathing","floor":10},{"not_picked":["Clash","Armaments","Warcry"],"picked":"SKIP","floor":11},{"not_picked":["Clothesline","Uppercut"],"picked":"Rampage","floor":12},{"not_picked":["Havoc","Headbutt"],"picked":"Limit Break","floor":13},{"not_picked":["Wild Strike","True Grit"],"picked":"Dual Wield","floor":14}],"player_experience":387294,"relics_obtained":[{"floor":7,"key":"Self Forming Clay"},{"floor":9,"key":"Bird Faced Urn"}],"event_choices":[{"damage_healed":0,"gold_gain":0,"player_choice":"Take Wound","damage_taken":0,"relics_obtained":["Golden Idol"],"max_hp_gain":0,"max_hp_loss":0,"event_name":"Golden Idol","floor":2,"gold_loss":0,"cards_obtained":["Injury"]},{"damage_healed":0,"gold_gain":0,"player_choice":"Success","damage_taken":18,"relics_obtained":["Torii"],"max_hp_gain":0,"max_hp_loss":0,"event_name":"Scrap Ooze","floor":3,"gold_loss":0}],"is_beta":false,"boss_relics":[],"items_purged_floors":[],"is_endless":false,"potions_floor_spawned":[4,7,11,12,14],"killed_by":"The Guardian","ascension_level":20}}