{"host":"t7mx8yfj1no5p62f","time":1610545954,"event":{"mods":["BaseMod","Bestiary","Colored Map","Colored Powertips","Minty Spire (QoL Compilation)","Relic Stats","StSLib"],"gold_per_floor":[110,110,123,137,137,137,148,173,173,173,2,64,84,109,109,187,187,206,217,217,227,227,227,256,256,310,329,343,358,258,292,292,292,292],"floor_reached":33,"language":"ENG","playtime":1254,"items_purged":["Pain","Decay"],"score":619,"play_id":"db956754-7d4f-46e5-b599-c1205c256247","local_time":"20210113085234","is_ascension_mode":true,"campfire_choices":[{"data":"Compile Driver","floor":6.0,"key":"SMITH"},{"data":"Lockon","floor":10.0,"key":"SMITH"},{"data":"Beam Cell","floor":15.0,"key":"SMITH"},{"data":"Defragment","floor":23,"key":"SMITH"},{"data":"Doom and Gloom","floor":25,"key":"SMITH"},{"floor":32,"key":"REST"}],"circlet_count":0,"master_deck":["AscendersBane","Strike_B","Strike_B","Strike_B","Strike_B","Defend_B+1","Defend_B","Defend_B","Defend_B","Zap","Dualcast","Compile Driver+1","Conserve Battery+1","Auto Shields","Lockon+1","Undo+1","Doom and Gloom+1","Cold Snap+1","Compile Driver+1","Defragment+1","Beam Cell+1","Seek+1","Darkness+1","Hologram+1","Reinforced Body+1","Undo+1","Turbo+1","Leap+1"],"relics":["Cracked Core","NeowsBlessing","WarpedTongs","Toxic Egg 2","Du-Vu Doll","Mango","Vajra","Cursed Key","Darkstone Periapt","Whetstone"],"acts_visited":["Exordium","TheCity"],"potions_floor_usage":[18,31],"damage_taken":[{"damage":0.0,"enemies":"Small Slimes","floor":1.0,"turns":1.0},{"damage":0.0,"enemies":"Cultist","floor":3.0,"turns":1.0},{"damage":1.0,"enemies":"2 Louse","floor":4.0,"turns":1.0},{"damage":3.0,"enemies":"Blue Slaver","floor":7.0,"turns":4.0},{"damage":30.0,"enemies":"Gremlin Nob","floor":8.0,"turns":4.0},{"damage":8.0,"enemies":"Lagavulin Event","floor":12.0,"turns":5.0},{"damage":0.0,"enemies":"Red Slaver","floor":13.0,"turns":3.0},{"damage":9.0,"enemies":"Lagavulin","floor":14.0,"turns":6.0},{"damage":1.0,"enemies":"Slime Boss","floor":16.0,"turns":6.0},{"damage":0,"enemies":"3 Byrds","floor":18,"turns":2},{"damage":0,"enemies":"2 Thieves","floor":19,"turns":3},{"damage":6,"enemies":"Cultist and Chosen","floor":21,"turns":5},{"damage":8,"enemies":"Gremlin Leader","floor":24,"turns":8},{"damage":0,"enemies":"3 Cultists","floor":27,"turns":4},{"damage":0,"enemies":"Snecko","floor":28,"turns":4},{"damage":8,"enemies":"Snake Plant","floor":29,"turns":4},{"damage":30,"enemies":"Slavers","floor":31,"turns":4},{"damage":58,"enemies":"Collector","floor":33,"turns":8}],"seed_played":"-8446247342263011263","potions_obtained":[{"floor":3.0,"key":"EssenceOfSteel"},{"floor":4.0,"key":"LiquidBronze"},{"floor":8.0,"key":"FocusPotion"},{"floor":14.0,"key":"SpeedPotion"},{"floor":18,"key":"Explosive Potion"},{"floor":21,"key":"PotionOfCapacity"}],"is_trial":false,"path_per_floor":["M","?","M","M","?","R","M","E","T","R","$","?","M","E","R","B",null,"M","M","?","M","?","R","E","R","T","M","M","M","$","E","R","B"],"character_chosen":"DEFECT","items_purchased":["Doom and Gloom","Cold Snap"],"campfire_rested":1,"item_purchase_floors":[11,11],"current_hp_per_floor":[64,64,64,63,42,42,39,9,9,9,9,15,15,6,6,5,65,65,65,65,59,59,59,51,51,57,57,57,49,49,19,46,0,0],"gold":292,"neow_bonus":"THREE_ENEMY_KILL","is_daily":false,"chose_seed":false,"campfire_upgraded":5,"win_rate":0.0,"timestamp":1610545954,"path_taken":["M","?","M","?","?","R","M","E","T","R","$","?","M","E","R","BOSS","M","M","?","M","?","R","E","R","T","?","M","M","$","E","R","BOSS"],"items_purchased_type":["Card","Card"],"build_version":"2020-12-22","purchased_purges":2,"victory":false,"max_hp_per_floor":[71,71,71,71,71,71,71,71,71,71,71,85,85,85,85,85,85,85,85,85,85,85,85,85,85,91,91,91,91,91,91,91,91,91],"relic_stats":{"Darkstone Periapt":6,"counters":[18,73],"Whetstone":["Cold Snap","Compile Driver"],"Cursed Key":1,"obtain_stats":[{"Du-Vu Doll":9,"Darkstone Periapt":24,"NeowsBlessing":0,"Vajra":14,"Mango":12,"Whetstone":31,"Toxic Egg 2":8,"Cracked Core":0,"Cursed Key":17,"WarpedTongs":2},{"Du-Vu Doll":5,"Darkstone Periapt":13,"NeowsBlessing":0,"Vajra":8,"Mango":6,"Whetstone":17,"Toxic Egg 2":5,"Cracked Core":0,"Cursed Key":9,"WarpedTongs":1},{"Du-Vu Doll":11,"Darkstone Periapt":49,"NeowsBlessing":0,"Vajra":25,"Mango":16,"Whetstone":65,"Toxic Egg 2":11,"Cracked Core":0,"Cursed Key":31,"WarpedTongs":1}],"WarpedTongs":[71]},"card_choices":[{"not_picked":["Beam Cell","Chaos"],"picked":"Compile Driver","floor":1.0},{"not_picked":["Static Discharge","Redo"],"picked":"Conserve Battery","floor":3.0},{"not_picked":["Fusion","Turbo"],"picked":"Auto Shields","floor":4.0},{"not_picked":["Consume","Go for the Eyes"],"picked":"Lockon","floor":7.0},{"not_picked":["Compile Driver","FTL"],"picked":"Undo+1","floor":8.0},{"not_picked":["Leap+1","Cold Snap"],"picked":"Compile Driver","floor":12.0},{"not_picked":["Beam Cell","Self Repair"],"picked":"Defragment","floor":13.0},{"not_picked":["Rebound","Go for the Eyes"],"picked":"Beam Cell","floor":14.0},{"not_picked":["Meteor Strike","Multi-Cast+1"],"picked":"Seek+1","floor":16.0},{"not_picked":["Hologram+1","Go for the Eyes+1"],"picked":"Darkness+1","floor":18},{"not_picked":["Hello World","Barrage+1"],"picked":"Hologram+1","floor":19},{"not_picked":["Streamline","Beam Cell","Conserve Battery+1"],"picked":"SKIP","floor":21},{"not_picked":["Aggregate+1","Coolheaded+1"],"picked":"Undo+1","floor":24},{"not_picked":["Blizzard","Scrape"],"picked":"Turbo+1","floor":27},{"not_picked":["Turbo+1","Doom and Gloom"],"picked":"Leap+1","floor":28},{"not_picked":["Turbo+1","Rebound","Steam+1"],"picked":"SKIP","floor":29},{"not_picked":["Amplify+1","Ball Lightning","Rebound"],"picked":"SKIP","floor":31}],"player_experience":1749838,"relics_obtained":[{"floor":8.0,"key":"Toxic Egg 2"},{"floor":9.0,"key":"Du-Vu Doll"},{"floor":12.0,"key":"Mango"},{"floor":14.0,"key":"Vajra"},{"floor":24,"key":"Darkstone Periapt"},{"floor":31,"key":"Whetstone"}],"event_choices":[{"damage_healed":0.0,"max_hp_gain":0.0,"max_hp_loss":0.0,"gold_gain":0.0,"event_name":"Accursed Blacksmith","player_choice":"Rummage","floor":2.0,"gold_loss":0.0,"damage_taken":0.0,"relics_obtained":["WarpedTongs"],"cards_obtained":["Pain"]},{"damage_healed":0.0,"max_hp_gain":0.0,"max_hp_loss":0.0,"gold_gain":0.0,"event_name":"Shining Light","player_choice":"Entered Light","floor":5.0,"gold_loss":0.0,"damage_taken":21.0,"cards_upgraded":["Defend_B","Conserve Battery"]},{"damage_healed":0.0,"max_hp_gain":0.0,"max_hp_loss":0.0,"gold_gain":0.0,"event_name":"Dead Adventurer","player_choice":"Searched \u00272\u0027 times","floor":12.0,"gold_loss":0.0,"damage_taken":0.0},{"damage_healed":0,"gold_gain":0,"player_choice":"Read","damage_taken":0,"max_hp_gain":0,"max_hp_loss":0,"event_name":"The Library","floor":20,"gold_loss":0,"cards_obtained":["Reinforced Body"]},{"damage_healed":0,"gold_gain":0,"player_choice":"Leave","damage_taken":0,"max_hp_gain":0,"max_hp_loss":0,"event_name":"FaceTrader","floor":22,"gold_loss":0}],"is_beta":false,"boss_relics":[{"not_picked":["Runic Dome","Snecko Eye"],"picked":"Cursed Key"}],"items_purged_floors":[11,30],"is_endless":false,"potions_floor_spawned":[3,4,8,14,18,21,27,29],"killed_by":"Collector","ascension_level":20}}