{"host":"rolltorest","time":1610505098,"event":{"mods":["BaseMod","Minty Spire (QoL Compilation)","Relic Stats","Slay the Relics Exporter","StSLib","The Bladedancer"],"gold_per_floor":[109,109,109,34,34,65,14,44,113,124,151,165,165,191,191,265,265,276,36,49,69,82,82,82],"floor_reached":23,"language":"ENG","playtime":537,"items_purged":["blademaster:Strike"],"score":511,"play_id":"aef61f3d-93e2-40eb-a6d1-128eff5e648d","local_time":"20210112183138","is_ascension_mode":true,"campfire_choices":[{"data":"blademaster:RagingBlow","floor":13,"key":"SMITH"},{"data":"blademaster:FlockOfBlades","floor":15,"key":"SMITH"}],"circlet_count":0,"master_deck":["AscendersBane","blademaster:Strike","blademaster:Strike","blademaster:Strike","blademaster:Defend","blademaster:Defend","blademaster:Defend","blademaster:RagingBlow+1","blademaster:HighVoltage","blademaster:Breeze+1","blademaster:FuriousStrike","blademaster:Cut","blademaster:ThunderSlash","blademaster:Thrust","blademaster:Safeguard","blademaster:FlockOfBlades+1","blademaster:LightningDraw","blademaster:WindSlash","blademaster:CloudOfSteel","blademaster:RollingTyphoon","blademaster:Overcharge+1","blademaster:DeadlyDance"],"relics":["blademaster:DancersAmulet","NeowsBlessing","StoneCalendar","Pantograph","Question Card","Ice Cream","Shuriken","Philosopher\u0027s Stone"],"acts_visited":["Exordium","TheCity"],"potions_floor_usage":[23],"damage_taken":[{"damage":0,"enemies":"Small Slimes","floor":1,"turns":1},{"damage":0,"enemies":"3 Sentries","floor":6,"turns":2},{"damage":0,"enemies":"Gremlin Nob","floor":8,"turns":1},{"damage":7,"enemies":"2 Louse","floor":10,"turns":2},{"damage":33,"enemies":"Lagavulin","floor":11,"turns":6},{"damage":0,"enemies":"Jaw Worm","floor":12,"turns":1},{"damage":8,"enemies":"3 Sentries","floor":14,"turns":4},{"damage":22,"enemies":"The Guardian","floor":16,"turns":10},{"damage":17,"enemies":"Shell Parasite","floor":18,"turns":3},{"damage":0,"enemies":"3 Byrds","floor":20,"turns":2},{"damage":27,"enemies":"Snake Plant","floor":21,"turns":3},{"damage":16,"enemies":"Shelled Parasite and Fungi","floor":22,"turns":2},{"damage":17,"enemies":"Slavers","floor":23,"turns":2}],"seed_played":"-9050134145956978418","potions_obtained":[{"floor":1,"key":"BlessingOfTheForge"},{"floor":8,"key":"Dexterity Potion"},{"floor":21,"key":"DuplicationPotion"}],"is_trial":false,"path_per_floor":["M","?","?","?","$","E","$","E","T","M","E","M","R","E","R","B",null,"M","$","M","M","M","E"],"character_chosen":"THE_BLADEMASTER","items_purchased":["blademaster:Cut","blademaster:CloudOfSteel"],"campfire_rested":0,"item_purchase_floors":[7,19],"current_hp_per_floor":[64,64,69,69,69,69,69,69,69,62,29,29,29,21,21,24,63,52,52,58,37,27,10,10],"gold":82,"neow_bonus":"THREE_ENEMY_KILL","is_daily":false,"chose_seed":false,"campfire_upgraded":2,"win_rate":0.0,"timestamp":1610505098,"path_taken":["M","?","?","?","$","E","?","E","T","M","E","?","R","E","R","BOSS","M","$","M","?","M","E"],"items_purchased_type":["Card","Card"],"build_version":"2020-12-18","purchased_purges":1,"victory":false,"max_hp_per_floor":[71,71,76,76,76,76,76,76,76,76,76,76,76,76,76,76,76,76,76,76,76,76,76,76],"relic_stats":{"counters":[13,39],"Shuriken":[16],"Pantograph":25,"StoneCalendar":[52],"Question Card":20,"obtain_stats":[{"Ice Cream":11,"NeowsBlessing":0,"blademaster:StrongPerk":11,"Shuriken":14,"Pantograph":8,"StoneCalendar":6,"Philosopher\u0027s Stone":17,"blademaster:StanceHealPerk":6,"blademaster:OnAttackedChargePerk":14,"blademaster:DancersAmulet":0,"blademaster:DextrousPerk":8,"Question Card":9},{"Ice Cream":5,"NeowsBlessing":0,"blademaster:StrongPerk":5,"Shuriken":7,"Pantograph":3,"StoneCalendar":2,"Philosopher\u0027s Stone":8,"blademaster:StanceHealPerk":2,"blademaster:OnAttackedChargePerk":7,"blademaster:DancersAmulet":0,"blademaster:DextrousPerk":3,"Question Card":3},{"Ice Cream":12,"NeowsBlessing":0,"blademaster:StrongPerk":12,"Shuriken":17,"Pantograph":4,"StoneCalendar":3,"Philosopher\u0027s Stone":27,"blademaster:StanceHealPerk":3,"blademaster:OnAttackedChargePerk":17,"blademaster:DancersAmulet":0,"blademaster:DextrousPerk":4,"Question Card":4}]},"card_choices":[{"not_picked":["blademaster:TraverseCut","blademaster:Quickness"],"picked":"blademaster:Breeze","floor":1},{"not_picked":["blademaster:BloodyBlow","blademaster:EyeOfTheStorm"],"picked":"blademaster:FuriousStrike","floor":6},{"not_picked":["blademaster:LeechingStrike","blademaster:BrainBloom","blademaster:ParryingStrike"],"picked":"SKIP","floor":8},{"not_picked":["blademaster:DragonStrike","blademaster:BloodyBlow","blademaster:DancingEdge"],"picked":"blademaster:ThunderSlash","floor":10},{"not_picked":["blademaster:Gust","blademaster:EyeOfTheStorm","blademaster:Momentum"],"picked":"blademaster:Thrust","floor":11},{"not_picked":["blademaster:SlyStabs","blademaster:AirSlash","blademaster:Sunder"],"picked":"blademaster:Safeguard","floor":12},{"not_picked":["blademaster:Meditate","blademaster:Cut","blademaster:EyeOfTheTornado"],"picked":"blademaster:FlockOfBlades","floor":14},{"not_picked":["blademaster:ColdBlood","blademaster:Blindside","blademaster:StanceMastery"],"picked":"blademaster:LightningDraw","floor":16},{"not_picked":["blademaster:BladeMastery","blademaster:AwakeningDefend","blademaster:Stormstrike"],"picked":"blademaster:WindSlash","floor":18},{"not_picked":["blademaster:Sharpen","blademaster:ChargingUp","blademaster:Stormstrike+1"],"picked":"blademaster:RollingTyphoon","floor":20},{"not_picked":["blademaster:Stability","blademaster:Stormstrike","blademaster:LightningDraw"],"picked":"blademaster:Overcharge+1","floor":21},{"not_picked":["blademaster:IcyWind","blademaster:AspectOfWind","blademaster:TraverseCut"],"picked":"blademaster:DeadlyDance","floor":22}],"player_experience":1766809,"relics_obtained":[{"floor":6,"key":"StoneCalendar"},{"floor":6,"key":"blademaster:StanceHealPerk"},{"floor":8,"key":"Pantograph"},{"floor":8,"key":"blademaster:DextrousPerk"},{"floor":9,"key":"Question Card"},{"floor":11,"key":"Ice Cream"},{"floor":11,"key":"blademaster:StrongPerk"},{"floor":14,"key":"Shuriken"},{"floor":14,"key":"blademaster:OnAttackedChargePerk"}],"event_choices":[{"damage_healed":0,"gold_gain":0,"player_choice":"Grow","damage_taken":0,"max_hp_gain":0,"max_hp_loss":0,"event_name":"Living Wall","floor":2,"gold_loss":0,"cards_upgraded":["blademaster:Breeze"]},{"damage_healed":0,"gold_gain":0,"player_choice":"Donut","damage_taken":0,"max_hp_gain":5,"max_hp_loss":0,"event_name":"Big Fish","floor":3,"gold_loss":0},{"cards_removed":["blademaster:Defend"],"damage_healed":0,"gold_gain":0,"player_choice":"Card Removal","damage_taken":0,"max_hp_gain":0,"max_hp_loss":0,"event_name":"The Cleric","floor":4,"gold_loss":75}],"is_beta":true,"boss_relics":[{"not_picked":["Busted Crown","Astrolabe"],"picked":"Philosopher\u0027s Stone"}],"items_purged_floors":[19],"is_endless":false,"potions_floor_spawned":[1,8,12,21,22],"killed_by":"Slavers","ascension_level":18}}