{"host":"2xjkbrmvrd7iq7pu","time":1610520848,"event":{"mods":["AchievementEnabler","Act Like it!","Arknights The Spire","BaseMod","Downfall","Gensokyo","Gremlin Mod","GungeonMod","KinomotoSakuraMod(ƒæ÷Æ±æ”£)","Lobotomy","Minty Spire (QoL Compilation)","Reimu£®≤©¿ˆ¡È√Œ£©","Replay The Spire","StSLib","The Alterego","The Bug Knight","The Cursed","Yakumo Yukari mod"],"gold_per_floor":[118,170,189,199,199,199,199],"floor_reached":6,"language":"ZHS","playtime":270,"items_purged":[],"score":38,"play_id":"efa26299-dee6-4a00-9e80-322120611bd7","local_time":"20210113145408","is_ascension_mode":true,"campfire_choices":[],"circlet_count":0,"master_deck":["ats:Strike C","ats:Strike G","ats:Strike S","ats:Strike V","ats:Armor Crushing Shot","ats:Defend","ats:Defend+1","ats:Defend","ats:Defend","ats:Emotion Absorption","Defend_P","sneckomod:Defend+1","ats:Shadow Raid","ats:Leaping Hammer","ats:Beaten Up","ats:Calcification","ats:Chain Hook"],"relics":["ats:Sanity","Prayer Wheel","DemoMod:GlassGuonStoneRelic","War Paint"],"acts_visited":["Exordium"],"potions_floor_usage":[],"damage_taken":[{"damage":1,"enemies":"2 Louse","floor":1,"turns":4},{"damage":2,"enemies":"Small Slimes","floor":3,"turns":4},{"damage":0,"enemies":"Cultist","floor":4,"turns":6},{"damage":0,"enemies":"3 Sentries","floor":6,"turns":1}],"seed_played":"3756478430026248153","potions_obtained":[{"floor":1,"key":"PowerPotion"},{"floor":2,"key":"Weak Potion"},{"floor":2,"key":"Fire Potion"}],"is_trial":false,"path_per_floor":["M","?","M","M","?","E"],"character_chosen":"DOCTOR_CLASS","items_purchased":[],"campfire_rested":0,"item_purchase_floors":[],"current_hp_per_floor":[71,43,41,41,41,41,41],"gold":199,"neow_bonus":"ONE_RARE_RELIC","is_daily":false,"chose_seed":false,"campfire_upgraded":0,"win_rate":0.0,"timestamp":1610520848,"path_taken":["M","?","M","?","?","E"],"items_purchased_type":[],"build_version":"2020-12-22","purchased_purges":0,"victory":false,"max_hp_per_floor":[72,72,72,72,72,72,72],"card_choices":[{"not_picked":["ats:Poison Spread","ats:Composite Medical Shells"],"picked":"ats:Shadow Raid","floor":1},{"not_picked":["ats:Magnetic Hammer","ats:Hammer On"],"picked":"ats:Leaping Hammer","floor":1},{"not_picked":["ats:Consecutive Shot Auto","ats:Assault Order"],"picked":"ats:Beaten Up","floor":3},{"not_picked":["ats:Ignite","ats:Childhood Dance","ats:Flexible Camouflage"],"picked":"SKIP","floor":3},{"not_picked":["ats:Directed Diagnosis","ats:Healing Drone"],"picked":"ats:Calcification","floor":4},{"not_picked":["ats:Poison Spread","ats:Assault Order"],"picked":"ats:Chain Hook","floor":4}],"player_experience":691667,"relics_obtained":[],"event_choices":[{"damage_healed":0,"gold_gain":0,"player_choice":"Gave Potion","damage_taken":0,"relics_obtained":["War Paint"],"max_hp_gain":0,"max_hp_loss":0,"event_name":"WeMeetAgain","floor":5,"gold_loss":0}],"is_beta":false,"boss_relics":[],"items_purged_floors":[],"is_endless":false,"potions_floor_spawned":[1,4],"killed_by":"3 Sentries","ascension_level":1}}