{"host":"hcqkcraj366891gy","time":1610562086,"event":{"mods":["BaseMod","Colored Map","Minty Spire (QoL Compilation)","Permanent Neow","Relic Stats","StSLib"],"gold_per_floor":[116,0,0,0,15,47,57,73,152,162,162,162,162,162,162,257,257,274,294,294,309,52,52,70,70,96,96,96,96,96,108,108,213,213,230,276,276,286,302,302,302,302],"floor_reached":41,"language":"ENG","playtime":1522,"items_purged":["Writhe"],"score":587,"play_id":"9a1bd138-af91-4a97-afe6-ea93111af2ff","local_time":"20210114022126","is_ascension_mode":true,"campfire_choices":[{"data":"Adaptation","floor":13,"key":"SMITH"},{"data":"MentalFortress","floor":15,"key":"SMITH"},{"floor":23,"key":"REST"},{"floor":27,"key":"REST"},{"floor":30,"key":"REST"},{"data":"RitualDagger","floor":32,"key":"SMITH"},{"floor":40,"key":"REST"}],"circlet_count":0,"master_deck":["Strike_P+1","Strike_P+1","Strike_P+1","Defend_P+1","Defend_P+1","Defend_P+1","Defend_P+1","Eruption+1","Vigilance","InnerPeace","CarveReality","MentalFortress+1","Conclude","Adaptation+1","FlurryOfBlows","DeceiveReality","Meditate","FollowUp","BowlingBash","DevaForm","Crescendo+1","RitualDagger+1","Wallop","Alpha","FlurryOfBlows+1","Writhe","TalkToTheHand+1"],"relics":["PureWater","NeowsBlessing","Mango","Bronze Scales","Pear","Runic Pyramid","Toy Ornithopter","Cursed Key","Ice Cream"],"acts_visited":["Exordium","TheCity","TheBeyond"],"potions_floor_usage":[16,19,33,35,36],"damage_taken":[{"damage":0,"enemies":"Small Slimes","floor":1,"turns":2},{"damage":0,"enemies":"2 Louse","floor":5,"turns":1},{"damage":0,"enemies":"Lagavulin","floor":6,"turns":1},{"damage":0,"enemies":"Cultist","floor":7,"turns":2},{"damage":1,"enemies":"3 Louse","floor":8,"turns":2},{"damage":5,"enemies":"2 Fungi Beasts","floor":10,"turns":3},{"damage":22,"enemies":"Hexaghost","floor":16,"turns":7},{"damage":20,"enemies":"Spheric Guardian","floor":18,"turns":4},{"damage":23,"enemies":"2 Thieves","floor":19,"turns":4},{"damage":15,"enemies":"Cultist and Chosen","floor":21,"turns":5},{"damage":26,"enemies":"Centurion and Healer","floor":24,"turns":4},{"damage":4,"enemies":"Chosen and Byrds","floor":31,"turns":3},{"damage":55,"enemies":"Champ","floor":33,"turns":9},{"damage":0,"enemies":"Orb Walker","floor":35,"turns":2},{"damage":34,"enemies":"2 Orb Walkers","floor":36,"turns":5},{"damage":30,"enemies":"3 Shapes","floor":38,"turns":5},{"damage":67,"enemies":"Transient","floor":39,"turns":5},{"damage":71,"enemies":"Giant Head","floor":41,"turns":7}],"seed_played":"3039089060928071184","potions_obtained":[{"floor":6,"key":"FearPotion"},{"floor":8,"key":"Ambrosia"},{"floor":16,"key":"BlessingOfTheForge"},{"floor":19,"key":"Fruit Juice"},{"floor":33,"key":"Weak Potion"},{"floor":35,"key":"ColorlessPotion"},{"floor":38,"key":"Strength Potion"}],"is_trial":false,"path_per_floor":["M","$","?","?","M","E","M","M","T","M","?","?","R","?","R","B",null,"M","M","?","M","$","R","M","?","T","R","?","?","R","M","R","B",null,"M","?","?","M","M","R","E"],"character_chosen":"WATCHER","items_purchased":["CarveReality","MentalFortress","FairyPotion","Regen Potion"],"campfire_rested":4,"item_purchase_floors":[2,2,22,22],"current_hp_per_floor":[65,65,54,54,54,54,54,53,63,58,58,58,58,58,58,36,81,61,43,43,28,28,58,32,32,32,62,62,56,86,82,82,47,88,93,64,89,59,30,60,0,0],"gold":302,"neow_bonus":"THREE_ENEMY_KILL","is_daily":false,"chose_seed":false,"campfire_upgraded":3,"win_rate":0.0,"timestamp":1610562086,"path_taken":["M","$","?","?","M","E","M","?","T","M","?","?","R","?","R","BOSS","M","M","?","M","$","R","M","?","T","R","?","?","R","M","R","BOSS","M","?","?","M","M","R","E"],"items_purchased_type":["Card","Card","Potion","Potion"],"build_version":"2020-12-22","purchased_purges":1,"victory":false,"max_hp_per_floor":[72,72,86,86,86,86,86,86,96,96,96,96,96,96,96,96,96,96,101,101,101,101,101,101,101,101,101,101,101,101,101,101,101,101,101,101,101,101,101,101,101,101],"relic_stats":{"counters":[18,71],"Bronze Scales":[180],"Cursed Key":0,"obtain_stats":[{"Ice Cream":36,"Pear":9,"NeowsBlessing":0,"Bronze Scales":6,"Mango":3,"PureWater":0,"Cursed Key":34,"Toy Ornithopter":26,"Runic Pyramid":17},{"Ice Cream":15,"Pear":5,"NeowsBlessing":0,"Bronze Scales":3,"Mango":1,"PureWater":0,"Cursed Key":13,"Toy Ornithopter":11,"Runic Pyramid":7},{"Ice Cream":54,"Pear":8,"NeowsBlessing":0,"Bronze Scales":4,"Mango":2,"PureWater":0,"Cursed Key":47,"Toy Ornithopter":35,"Runic Pyramid":18}],"Toy Ornithopter":15},"card_choices":[{"not_picked":["CrushJoints","FlurryOfBlows"],"picked":"InnerPeace","floor":1},{"not_picked":["FlyingSleeves","ThirdEye"],"picked":"Adaptation","floor":5},{"not_picked":["Swivel","FlyingSleeves"],"picked":"FlurryOfBlows","floor":6},{"not_picked":["EmptyMind","Protect"],"picked":"DeceiveReality","floor":7},{"not_picked":["Swivel","Vengeance"],"picked":"Meditate","floor":8},{"not_picked":["BowlingBash","CrushJoints"],"picked":"FollowUp","floor":10},{"not_picked":["LessonLearned","Wish"],"picked":"DevaForm","floor":16},{"not_picked":["CrushJoints","Evaluate","JustLucky"],"picked":"SKIP","floor":18},{"not_picked":["Ragnarok","JustLucky"],"picked":"Crescendo+1","floor":19},{"not_picked":["CutThroughFate","BowlingBash","Evaluate"],"picked":"SKIP","floor":21},{"not_picked":["Protect","Crescendo+1","JustLucky"],"picked":"SKIP","floor":24},{"not_picked":["Prostrate","FollowUp"],"picked":"Wallop","floor":31},{"not_picked":["Vault","Establishment"],"picked":"Alpha","floor":33},{"not_picked":["Consecrate","JustLucky+1","SashWhip+1"],"picked":"SKIP","floor":35},{"not_picked":["Study","WheelKick+1"],"picked":"FlurryOfBlows+1","floor":36},{"not_picked":["JustLucky+1","Collect+1"],"picked":"TalkToTheHand+1","floor":38},{"not_picked":["ThirdEye","Halt+1","Protect+1"],"picked":"SKIP","floor":39}],"player_experience":1639124,"relics_obtained":[{"floor":6,"key":"Bronze Scales"},{"floor":9,"key":"Pear"},{"floor":26,"key":"Toy Ornithopter"},{"floor":36,"key":"Ice Cream"}],"event_choices":[{"damage_healed":0,"gold_gain":0,"player_choice":"Success","damage_taken":25,"relics_obtained":["Mango"],"max_hp_gain":0,"max_hp_loss":0,"event_name":"Scrap Ooze","floor":3,"gold_loss":0},{"damage_healed":0,"gold_gain":0,"player_choice":"2 cards matched","damage_taken":0,"max_hp_gain":0,"max_hp_loss":0,"event_name":"Match and Keep!","floor":4,"gold_loss":0,"cards_obtained":["Writhe","Conclude"]},{"damage_healed":0,"gold_gain":0,"player_choice":"Grow","damage_taken":0,"max_hp_gain":0,"max_hp_loss":0,"event_name":"Living Wall","floor":11,"gold_loss":0,"cards_upgraded":["Eruption"]},{"damage_healed":0,"gold_gain":0,"player_choice":"Ignored","damage_taken":0,"max_hp_gain":0,"max_hp_loss":0,"event_name":"Liars Game","floor":12,"gold_loss":0},{"damage_healed":0,"gold_gain":0,"cards_transformed":["Strike_P"],"player_choice":"Transformed","damage_taken":0,"max_hp_gain":0,"max_hp_loss":0,"event_name":"Transmorgrifier","floor":14,"gold_loss":0,"cards_obtained":["BowlingBash"]},{"damage_healed":0,"gold_gain":0,"player_choice":"Ignored","damage_taken":0,"max_hp_gain":0,"max_hp_loss":0,"event_name":"Ghosts","floor":20,"gold_loss":0},{"damage_healed":0,"gold_gain":0,"player_choice":"Simplicity","damage_taken":0,"max_hp_gain":0,"max_hp_loss":0,"event_name":"Back to Basics","floor":25,"gold_loss":0,"cards_upgraded":["Strike_P","Strike_P","Strike_P","Defend_P","Defend_P","Defend_P","Defend_P"]},{"damage_healed":0,"gold_gain":0,"player_choice":"Ignored","damage_taken":0,"max_hp_gain":0,"max_hp_loss":0,"event_name":"Vampires","floor":28,"gold_loss":0},{"damage_healed":0,"gold_gain":0,"player_choice":"Joined the Cult","damage_taken":6,"max_hp_gain":0,"max_hp_loss":0,"event_name":"Nest","floor":29,"gold_loss":0,"cards_obtained":["RitualDagger"]},{"damage_healed":0,"gold_gain":0,"player_choice":"Fight","damage_taken":0,"max_hp_gain":0,"max_hp_loss":0,"event_name":"Mysterious Sphere","floor":36,"gold_loss":0},{"damage_healed":25,"gold_gain":0,"player_choice":"Writhe","damage_taken":0,"max_hp_gain":0,"max_hp_loss":0,"event_name":"Winding Halls","floor":37,"gold_loss":0,"cards_obtained":["Writhe"]}],"is_beta":false,"boss_relics":[{"not_picked":["Sozu","Snecko Eye"],"picked":"Runic Pyramid"},{"not_picked":["SacredBark","Coffee Dripper"],"picked":"Cursed Key"}],"items_purged_floors":[22],"is_endless":false,"potions_floor_spawned":[6,8,16,19,31,33,35,38],"killed_by":"Giant Head","ascension_level":7}}