{"host":"pzq1vc4uuxkm5fg8","time":1610521594,"event":{"mods":["BaseMod","BetterRewards","Downfall","Hermit","Marisa????????","Minty Spire (QoL Compilation)","Replay The Spire","Shop Mod","StSLib","The Cursed"],"gold_per_floor":[114,125,125,125,148,192,192,215,215,254,354,389,389,24,24,154,154,167,187,210,226,226,226],"floor_reached":22,"language":"ENG","playtime":1717,"items_purged":[],"score":306,"play_id":"b22d2349-2f72-45b4-8435-c579dc7aa92e","local_time":"20210113020634","is_ascension_mode":false,"campfire_choices":[{"floor":7,"key":"REST"},{"floor":13,"key":"REST"},{"floor":15,"key":"REST"}],"circlet_count":0,"master_deck":["Strike_P","Strike_P+1","Strike_P","Defend_P+1","Defend_P+1","Defend_P","Eruption+1","Vigilance+1","Devotion","Consecrate","SashWhip+1","FollowUp","BattleHymn","Wallop","Ragnarok","InnerPeace","Indignation","Omniscience","EmptyMind+1","CrushJoints+1","CutThroughFate+1","Replay:Anticipation","Replay:Vibes","WaveOfTheHand+1","Pray+1"],"relics":["PureWater","MerchantsRug","Damaru","Golden Idol","Replay:Bottled Steam","War Paint","Pen Nib","Oddly Smooth Stone","Frozen Eye","Astrolabe"],"acts_visited":["Exordium","TheCity"],"potions_floor_usage":[10,21],"damage_taken":[{"damage":6,"enemies":"Jaw Worm","floor":1,"turns":5},{"damage":0,"enemies":"Small Slimes","floor":2,"turns":3},{"damage":6,"enemies":"Cultist","floor":5,"turns":3},{"damage":9,"enemies":"Lagavulin","floor":6,"turns":4},{"damage":9,"enemies":"Blue Slaver","floor":8,"turns":4},{"damage":11,"enemies":"3 Sentries","floor":10,"turns":4},{"damage":10,"enemies":"Replay:BlueRogue","floor":12,"turns":4},{"damage":18,"enemies":"Hexaghost","floor":16,"turns":7},{"damage":1,"enemies":"Chosen","floor":18,"turns":3},{"damage":11,"enemies":"2 Thieves","floor":19,"turns":2},{"damage":12,"enemies":"Snake Plant","floor":20,"turns":4},{"damage":40,"enemies":"Snecko","floor":21,"turns":5}],"seed_played":"6815388558629672975","potions_obtained":[{"floor":5,"key":"SteroidPotion"},{"floor":8,"key":"champ:CounterPotion"},{"floor":12,"key":"BlessingOfTheForge"},{"floor":18,"key":"Fire Potion"}],"is_trial":false,"path_per_floor":["M","M","?","?","M","E","R","M","T","E","?","E","R","$","R","B",null,"M","M","M","M","?"],"character_chosen":"WATCHER","items_purchased":["Devotion","MerchantsRug","Consecrate","SashWhip","Oddly Smooth Stone","Frozen Eye","Indignation"],"campfire_rested":3,"item_purchase_floors":[0,0,0,0,14,14,14],"current_hp_per_floor":[59,59,41,27,21,12,33,24,24,13,13,3,24,24,45,27,72,71,60,48,8,0,0],"gold":226,"neow_bonus":"","is_daily":false,"chose_seed":false,"campfire_upgraded":0,"win_rate":0.0,"timestamp":1610521594,"path_taken":["M","M","?","?","M","E","R","M","T","E","?","E","R","$","R","BOSS","M","M","M","M","?"],"items_purchased_type":["Card","Relic","Card","Card","Relic","Relic","Card"],"build_version":"2020-12-22","purchased_purges":0,"victory":false,"max_hp_per_floor":[72,72,72,72,72,72,72,72,72,72,72,72,72,72,72,72,72,72,72,72,72,72,72],"card_choices":[{"not_picked":["Replay:Cycle","SashWhip"],"picked":"FollowUp","floor":1},{"not_picked":["Conclude","Consecrate"],"picked":"CarveReality","floor":2},{"not_picked":["Halt","Evaluate"],"picked":"BattleHymn","floor":5},{"not_picked":["Collect","Replay:AtTheReady","Evaluate"],"picked":"SKIP","floor":6},{"not_picked":["Protect","Conclude"],"picked":"Wallop","floor":8},{"not_picked":["TalkToTheHand","Replay:ManipulateFuture"],"picked":"Ragnarok","floor":10},{"not_picked":["Meditate","Protect"],"picked":"InnerPeace","floor":12},{"not_picked":["ConjureBlade","Wish"],"picked":"Omniscience","floor":16},{"not_picked":["JustLucky","WreathOfFlame"],"picked":"Replay:Anticipation","floor":18},{"not_picked":["TalkToTheHand","Swivel"],"picked":"Replay:Vibes","floor":19},{"not_picked":["Replay:BluntJabs+1","ClearTheMind"],"picked":"WaveOfTheHand+1","floor":20},{"not_picked":["WaveOfTheHand+1","Nirvana"],"picked":"Pray+1","floor":21}],"player_experience":321448,"relics_obtained":[{"floor":6,"key":"Replay:Bottled Steam"},{"floor":9,"key":"War Paint"},{"floor":10,"key":"Whetstone"},{"floor":12,"key":"Pen Nib"}],"event_choices":[{"damage_healed":0,"gold_gain":0,"player_choice":"Take Damage","damage_taken":18,"relics_obtained":["Golden Idol"],"max_hp_gain":0,"max_hp_loss":0,"event_name":"Golden Idol","floor":3,"gold_loss":0},{"damage_healed":0,"gold_gain":0,"player_choice":"Entered Light","damage_taken":14,"max_hp_gain":0,"max_hp_loss":0,"event_name":"Shining Light","floor":4,"gold_loss":0,"cards_upgraded":["Defend_P","SashWhip"]},{"damage_healed":0,"gold_gain":100,"player_choice":"Pray","damage_taken":0,"max_hp_gain":0,"max_hp_loss":0,"event_name":"Golden Shrine","floor":11,"gold_loss":0}],"is_beta":false,"boss_relics":[{"not_picked":["Busted Crown","Replay:Wanted Poster"],"picked":"Astrolabe"}],"items_purged_floors":[],"is_endless":false,"potions_floor_spawned":[5,8,12,18,20],"ascension_level":0}}