{"host":"40vzoph344nwp0en","time":1610526129,"event":{"mods":["2.2 Compatiblity","Arknights The Spire","BaseMod","Beaked The Cultist","Bestiary","Colored Map","GifTheSpireLib","Highlight Path","Infinite Spire","Minty Spire (QoL Compilation)","Potionbrewer","Relic Sorter","Replay The Spire","Shade Mod","StSLib","SuperFastMode","The Marked","TheVacant","??????REMEMod"],"gold_per_floor":[100109,100109,100127,100145,100158,100188,100202,99443,99468,99484,99484,99518,98417,98434,98434,98531,98531,98531],"floor_reached":17,"language":"ENG","playtime":834,"items_purged":["theVacant:VacantStarterStrike","theVacant:VacantStarterStrike"],"score":244,"play_id":"6475e023-d1bc-44f3-8c1b-6699c70a814e","local_time":"20210113012209","is_ascension_mode":false,"campfire_choices":[{"data":"Apotheosis","floor":15,"key":"SMITH"}],"circlet_count":0,"master_deck":["theVacant:VacantStarterStrike","theVacant:VacantStarterDefend","theVacant:VacantStarterDefend","theVacant:VacantStarterDefend","theVacant:VacantStarterDefend","theVacant:Release","theVacant:Crunch","Apotheosis+1","Panacea","theVacant:Enrage","theVacant:FiendFrost","theVacant:ShutAway","theVacant:GraveWave","theVacant:Barrage","theVacant:Jab","theVacant:Dig","theVacant:Recover","theVacant:Barrage","theVacant:EyePoke","theVacant:Thoughtseize","theVacant:EyePoke","theVacant:Return","theVacant:VoidEmbrace","theVacant:Showdown","REME_Flogging","theVacant:TheAnvil","theVacant:BrassMagnet","theVacant:FiendFrost"],"relics":["theVacant:BrassGoblet","REME_ComplimentaryCards","NeowsBlessing","InkBottle","infinitespire:Beetle Shell","Shovel","Toolbox","Anchor","potionbrewer:Torch","Bag of Preparation","ReplayTheSpireMod:Lightbulb","potionbrewer:BoosterPack","beaked:MawFillet"],"acts_visited":["Exordium","TheCity"],"potions_floor_usage":[12,12,12,12,12],"damage_taken":[{"damage":0,"enemies":"2 Louse","floor":1,"turns":2},{"damage":0,"enemies":"Cultist","floor":3,"turns":1},{"damage":5,"enemies":"Small Slimes","floor":4,"turns":2},{"damage":2,"enemies":"Exordium Wildlife","floor":5,"turns":4},{"damage":1,"enemies":"3 Sentries","floor":6,"turns":5},{"damage":0,"enemies":"2 Fungi Beasts","floor":7,"turns":2},{"damage":0,"enemies":"Looter","floor":10,"turns":2},{"damage":3,"enemies":"Gremlin Nob","floor":12,"turns":3},{"damage":3,"enemies":"Exordium Wildlife","floor":14,"turns":2},{"damage":3,"enemies":"Hexaghost","floor":16,"turns":4}],"seed_played":"-2073106384390630957","potions_obtained":[{"floor":1,"key":"Swift Potion"},{"floor":4,"key":"Regen Potion"},{"floor":5,"key":"potionbrewer:SplittingPotion"}],"is_trial":false,"path_per_floor":["M","?","M","M","M","E","M","$","T","M","?","E","$","M","R","B",null],"character_chosen":"THE_VACANT","items_purchased":["infinitespire:Beetle Shell","Shovel","Toolbox","theVacant:Recover","Bag of Preparation","ReplayTheSpireMod:Lightbulb","potionbrewer:BoosterPack","REME_Flogging","LiquidMemories","potionbrewer:CleansingPotion","Explosive Potion","theVacant:TheAnvil"],"campfire_rested":0,"item_purchase_floors":[8,8,8,8,13,13,13,13,13,13,13,13],"current_hp_per_floor":[80,80,80,75,73,72,72,72,72,72,72,77,77,74,74,71,80,80],"gold":98531,"neow_bonus":"THREE_ENEMY_KILL","is_daily":false,"chose_seed":false,"campfire_upgraded":1,"win_rate":0.0,"timestamp":1610526129,"path_taken":["M","?","?","M","M","E","M","$","T","M","?","E","$","M","R","BOSS"],"items_purchased_type":["Relic","Relic","Relic","Card","Relic","Relic","Relic","Card","Potion","Potion","Potion","Card"],"build_version":"2020-12-22","purchased_purges":2,"victory":false,"max_hp_per_floor":[80,80,80,80,80,80,80,80,80,80,80,80,80,80,80,80,80,80],"card_choices":[{"not_picked":["theVacant:Throttle","theVacant:Acceptance","theVacant:VoidEmbrace"],"picked":"SKIP","floor":1},{"not_picked":["theVacant:Whip","theVacant:Return"],"picked":"theVacant:ShutAway","floor":3},{"not_picked":["theVacant:BurdenBreak","theVacant:Anguish"],"picked":"theVacant:GraveWave","floor":4},{"not_picked":["theVacant:Thoughtseize","theVacant:Exorcise"],"picked":"theVacant:Barrage","floor":5},{"not_picked":["theVacant:WhenDarknessComes","theVacant:Yeet"],"picked":"theVacant:Jab","floor":6},{"not_picked":["theVacant:Immaterialize","theVacant:Soothe"],"picked":"theVacant:Dig","floor":7},{"not_picked":["theVacant:BattleScars","theVacant:OnSecondThought"],"picked":"theVacant:Barrage","floor":10},{"not_picked":["theVacant:LichStrike","theVacant:Fling","theVacant:MindBreak"],"picked":"SKIP","floor":12},{"not_picked":["theVacant:TwistFate","theVacant:Acceptance"],"picked":"theVacant:BrassMagnet","floor":14},{"not_picked":["theVacant:MindBreak","theVacant:WhenDarknessComes"],"picked":"theVacant:FiendFrost","floor":16}],"player_experience":450665,"relics_obtained":[{"floor":6,"key":"InkBottle"},{"floor":9,"key":"Anchor"},{"floor":12,"key":"potionbrewer:Torch"}],"event_choices":[{"damage_healed":0,"gold_gain":0,"player_choice":"3 cards matched","damage_taken":0,"max_hp_gain":0,"max_hp_loss":0,"event_name":"Match and Keep!","floor":2,"gold_loss":0,"cards_obtained":["Panacea","theVacant:Enrage","theVacant:FiendFrost"]},{"cards_removed":["theVacant:VacantStarterStrike"],"damage_healed":0,"gold_gain":0,"player_choice":"Purged","damage_taken":0,"max_hp_gain":0,"max_hp_loss":0,"event_name":"Purifier","floor":11,"gold_loss":0}],"is_beta":false,"boss_relics":[{"not_picked":["Ectoplasm","Runic Dome"],"picked":"beaked:MawFillet"}],"items_purged_floors":[8,13],"is_endless":false,"potions_floor_spawned":[1,4,5,6,7],"ascension_level":0}}