{"host":"zekcc3vicrep0och","time":1610522177,"event":{"mods":["AchievementEnabler","BaseMod","Colored Map","Colored Powertips","Displayed Cursed Tome","Highlight Path","Minty Spire (QoL Compilation)","Quick Restart","Relic Stats","StSLib","The Cursed"],"gold_per_floor":[118,132,132,146,161,195,195,228,281,313,333,333,348,37,37,110,110,121,171,182,192,192,192],"floor_reached":22,"language":"ENG","playtime":854,"items_purged":["Strike_R"],"score":406,"play_id":"1d172425-d05c-4e71-a686-c511e44802a1","local_time":"20210113101617","is_ascension_mode":true,"campfire_choices":[{"floor":7.0,"key":"REST"},{"data":"Demon Form","floor":12.0,"key":"SMITH"},{"data":"Carnage","floor":15.0,"key":"SMITH"}],"circlet_count":0,"master_deck":["AscendersBane","Strike_R","Strike_R+1","Strike_R+1","Strike_R","Defend_R","Defend_R","Defend_R","Defend_R","Bash+1","Shrug It Off","Demon Form+1","Carnage+1","Rampage","Double Tap","Spot Weakness","Shrug It Off"],"relics":["Burning Blood","NeowsBlessing","Self Forming Clay","The Courier","Orichalcum","Whetstone","HandDrill","Ancient Tea Set","Philosopher\u0027s Stone"],"acts_visited":["Exordium","TheCity"],"potions_floor_usage":[],"damage_taken":[{"damage":0.0,"enemies":"2 Louse","floor":1.0,"turns":1.0},{"damage":0.0,"enemies":"Jaw Worm","floor":2.0,"turns":1.0},{"damage":0.0,"enemies":"Small Slimes","floor":4.0,"turns":1.0},{"damage":10.0,"enemies":"2 Fungi Beasts","floor":5.0,"turns":4.0},{"damage":40.0,"enemies":"3 Sentries","floor":6.0,"turns":8.0},{"damage":29.0,"enemies":"Gremlin Nob","floor":8.0,"turns":4.0},{"damage":4.0,"enemies":"3 Sentries","floor":10.0,"turns":12.0},{"damage":7.0,"enemies":"3 Louse","floor":11.0,"turns":3.0},{"damage":5.0,"enemies":"Exordium Thugs","floor":13.0,"turns":4.0},{"damage":20.0,"enemies":"Hexaghost","floor":16.0,"turns":7.0},{"damage":52.0,"enemies":"3 Byrds","floor":18.0,"turns":7.0},{"damage":18,"enemies":"2 Thieves","floor":20,"turns":3},{"damage":26,"enemies":"Snake Plant","floor":21,"turns":3},{"damage":8,"enemies":"3 Cultists","floor":22,"turns":2}],"seed_played":"4997372824838492772","potions_obtained":[{"floor":2.0,"key":"Ancient Potion"},{"floor":6.0,"key":"BlessingOfTheForge"},{"floor":8.0,"key":"HeartOfIron"},{"floor":10.0,"key":"FearPotion"},{"floor":11.0,"key":"FairyPotion"},{"floor":20,"key":"Dexterity Potion"}],"is_trial":false,"path_per_floor":["M","M","?","M","M","E","R","E","T","E","M","R","M","$","R","B",null,"M","?","M","M","M"],"character_chosen":"IRONCLAD","items_purchased":["HandDrill","Ancient Tea Set"],"campfire_rested":1,"item_purchase_floors":[14,14],"current_hp_per_floor":[74,75,75,75,71,37,59,36,36,38,37,37,38,38,38,24,62,16,16,28,8,0,0],"gold":192,"neow_bonus":"THREE_ENEMY_KILL","is_daily":false,"chose_seed":false,"campfire_upgraded":2,"win_rate":0.0,"timestamp":1610522177,"path_taken":["M","M","?","M","M","E","R","E","T","E","M","R","M","?","R","BOSS","M","?","M","M","M"],"items_purchased_type":["Relic","Relic"],"build_version":"2020-12-22","purchased_purges":1,"victory":false,"max_hp_per_floor":[75,75,75,75,75,75,75,75,75,75,75,75,75,75,75,75,75,75,75,75,75,75,75],"relic_stats":{"counters":[14,60],"Self Forming Clay":[117],"HandDrill":[6],"Whetstone":["Strike_R","Strike_R"],"Orichalcum":[90],"obtain_stats":[{"NeowsBlessing":0,"Self Forming Clay":6,"Philosopher\u0027s Stone":17,"The Courier":8,"HandDrill":14,"Whetstone":10,"Orichalcum":9,"Ancient Tea Set":14,"Burning Blood":0},{"NeowsBlessing":0,"Self Forming Clay":5,"Philosopher\u0027s Stone":10,"The Courier":6,"HandDrill":9,"Whetstone":7,"Orichalcum":6,"Ancient Tea Set":9,"Burning Blood":0},{"NeowsBlessing":0,"Self Forming Clay":15,"Philosopher\u0027s Stone":45,"The Courier":19,"HandDrill":38,"Whetstone":31,"Orichalcum":19,"Ancient Tea Set":38,"Burning Blood":0}],"Burning Blood":67},"card_choices":[{"not_picked":["True Grit","Wild Strike"],"picked":"Shrug It Off","floor":1.0},{"not_picked":["True Grit","Wild Strike","Seeing Red"],"picked":"SKIP","floor":2.0},{"not_picked":["Warcry","Armaments"],"picked":"Demon Form","floor":4.0},{"not_picked":["Iron Wave","Sentinel","True Grit"],"picked":"SKIP","floor":5.0},{"not_picked":["Combust","Havoc","True Grit"],"picked":"SKIP","floor":6.0},{"not_picked":["Seeing Red","Rage","Cleave"],"picked":"SKIP","floor":8.0},{"not_picked":["Anger","Sword Boomerang"],"picked":"Carnage","floor":10.0},{"not_picked":["Inflame","Flame Barrier"],"picked":"Rampage","floor":11.0},{"not_picked":["True Grit","Sentinel","Wild Strike"],"picked":"SKIP","floor":13.0},{"not_picked":["Demon Form","Exhume"],"picked":"Double Tap","floor":16.0},{"not_picked":["Heavy Blade+1","Clothesline","Anger"],"picked":"SKIP","floor":18.0},{"not_picked":["Feel No Pain+1","Sentinel"],"picked":"Spot Weakness","floor":20},{"not_picked":["Burning Pact","Flex"],"picked":"Shrug It Off","floor":21}],"player_experience":523689,"relics_obtained":[{"floor":6.0,"key":"Self Forming Clay"},{"floor":8.0,"key":"The Courier"},{"floor":9.0,"key":"Orichalcum"},{"floor":10.0,"key":"Whetstone"}],"event_choices":[{"damage_healed":0.0,"max_hp_gain":0.0,"max_hp_loss":0.0,"gold_gain":0.0,"event_name":"Living Wall","player_choice":"Grow","floor":3.0,"gold_loss":0.0,"damage_taken":0.0,"cards_upgraded":["Bash"]},{"damage_healed":0.0,"max_hp_gain":0.0,"max_hp_loss":0.0,"gold_gain":50.0,"event_name":"Nest","player_choice":"Stole From Cult","floor":19.0,"gold_loss":0.0,"damage_taken":0.0}],"is_beta":false,"boss_relics":[{"not_picked":["Coffee Dripper","Empty Cage"],"picked":"Philosopher\u0027s Stone"}],"items_purged_floors":[14],"is_endless":false,"potions_floor_spawned":[2,6,8,10,11,20],"killed_by":"3 Cultists","ascension_level":19}}