{"host":"hbwa3kjetxrogfq8","time":1610562150,"event":{"mods":["AchievementEnabler","BaseMod","Block Reminder","Colored Map","Colored Powertips","Dark Map","Highlight Path","Minty Spire (QoL Compilation)","Rare Cards Sparkle","Relic Stats","StSLib","Synergy Search"],"gold_per_floor":[109,123,123,141,159,184,184,203,203,203,203,28,47,63,63,161,161,173,186,186,186],"floor_reached":20,"language":"ENG","playtime":919,"items_purged":[],"score":240,"play_id":"18f424bd-b9a8-439a-b63e-0f6dae8db468","local_time":"20210113192230","is_ascension_mode":true,"campfire_choices":[{"floor":7,"key":"REST"},{"data":"Sucker Punch","floor":11,"key":"SMITH"},{"data":"Finisher","floor":15,"key":"SMITH"}],"circlet_count":0,"master_deck":["Strike_G","Strike_G","Strike_G","Strike_G","Strike_G","Defend_G","Defend_G","Defend_G","Defend_G","Defend_G","Survivor","Neutralize+1","Well Laid Plans","Slice","Finisher+1","Prepared","Sucker Punch+1","Dagger Throw","Writhe","Blade Dance","Slice","Prepared","Dagger Throw","Dagger Spray","Endless Agony","Glass Knife","Dagger Spray","Eviscerate"],"relics":["Cursed Key","Darkstone Periapt","Meat on the Bone","SlaversCollar"],"acts_visited":["Exordium","TheCity"],"potions_floor_usage":[6,16,16,20,20],"damage_taken":[{"damage":0,"enemies":"2 Louse","floor":1,"turns":5},{"damage":1,"enemies":"Cultist","floor":2,"turns":5},{"damage":0,"enemies":"Small Slimes","floor":4,"turns":4},{"damage":7,"enemies":"3 Louse","floor":5,"turns":5},{"damage":35,"enemies":"Gremlin Nob","floor":6,"turns":5},{"damage":1,"enemies":"Looter","floor":8,"turns":3},{"damage":7,"enemies":"Large Slime","floor":13,"turns":4},{"damage":9,"enemies":"Exordium Thugs","floor":14,"turns":4},{"damage":34,"enemies":"Hexaghost","floor":16,"turns":10},{"damage":36,"enemies":"3 Byrds","floor":18,"turns":6},{"damage":30,"enemies":"2 Thieves","floor":19,"turns":4},{"damage":31,"enemies":"Chosen and Byrds","floor":20,"turns":4}],"seed_played":"2840153846918753456","potions_obtained":[{"floor":1,"key":"Strength Potion"},{"floor":2,"key":"ColorlessPotion"},{"floor":6,"key":"Explosive Potion"},{"floor":13,"key":"Dexterity Potion"},{"floor":19,"key":"LiquidBronze"}],"is_trial":false,"path_per_floor":["M","M","?","M","M","E","R","M","T","?","R","$","M","M","R","B",null,"M","M","M"],"character_chosen":"THE_SILENT","items_purchased":["Blade Dance","Slice","Prepared","Dagger Throw"],"campfire_rested":1,"item_purchase_floors":[12,12,12,12],"current_hp_per_floor":[63,62,62,62,55,20,41,40,46,71,71,71,64,55,55,33,65,41,23,0,0],"gold":186,"neow_bonus":"BOSS_RELIC","is_daily":false,"chose_seed":false,"campfire_upgraded":2,"win_rate":0.0,"timestamp":1610562150,"path_taken":["M","M","?","M","M","E","R","?","T","?","R","$","M","M","R","BOSS","M","M","M"],"items_purchased_type":["Card","Card","Card","Card"],"build_version":"2020-12-22","purchased_purges":0,"victory":false,"max_hp_per_floor":[70,70,70,70,70,70,70,70,76,76,76,76,76,76,76,76,76,76,76,76,76],"relic_stats":{"Darkstone Periapt":6,"counters":[12,59],"Cursed Key":1,"obtain_stats":[{"Darkstone Periapt":6,"SlaversCollar":17,"Cursed Key":0,"Ring of the Snake":0,"Meat on the Bone":9},{"Darkstone Periapt":5,"SlaversCollar":9,"Cursed Key":0,"Ring of the Snake":0,"Meat on the Bone":6},{"Darkstone Periapt":24,"SlaversCollar":45,"Cursed Key":0,"Ring of the Snake":0,"Meat on the Bone":27}],"Meat on the Bone":36},"card_choices":[{"not_picked":["Dodge and Roll","Reflex"],"picked":"Well Laid Plans","floor":1},{"not_picked":["Caltrops","Dodge and Roll"],"picked":"Slice","floor":2},{"not_picked":["Terror","Blur"],"picked":"Finisher","floor":4},{"not_picked":["Dodge and Roll","Deadly Poison"],"picked":"Prepared","floor":5},{"not_picked":["Bane","Flying Knee"],"picked":"Sucker Punch","floor":6},{"not_picked":["Deflect","Backflip"],"picked":"Dagger Throw","floor":8},{"not_picked":["Flying Knee","Quick Slash"],"picked":"Dagger Spray","floor":13},{"not_picked":["Caltrops","Phantasmal Killer"],"picked":"Endless Agony","floor":14},{"not_picked":["Wraith Form v2","Adrenaline"],"picked":"Glass Knife","floor":16},{"not_picked":["PiercingWail","Underhanded Strike"],"picked":"Dagger Spray","floor":18},{"not_picked":["Well Laid Plans","Masterful Stab"],"picked":"Eviscerate","floor":19}],"player_experience":637001,"relics_obtained":[{"floor":6,"key":"Darkstone Periapt"},{"floor":9,"key":"Meat on the Bone"}],"event_choices":[{"damage_healed":0,"gold_gain":0,"player_choice":"Forge","damage_taken":0,"max_hp_gain":0,"max_hp_loss":0,"event_name":"Accursed Blacksmith","floor":3,"gold_loss":0,"cards_upgraded":["Neutralize"]},{"damage_healed":25,"gold_gain":0,"player_choice":"Banana","damage_taken":0,"max_hp_gain":0,"max_hp_loss":0,"event_name":"Big Fish","floor":10,"gold_loss":0}],"is_beta":false,"boss_relics":[{"not_picked":["Pandora\u0027s Box","SacredBark"],"picked":"SlaversCollar"}],"items_purged_floors":[],"is_endless":false,"potions_floor_spawned":[1,2,6,13,19],"killed_by":"Chosen and Byrds","ascension_level":7}}