{"host":"fjaupvxe7fzqrf4j","time":1610532396,"event":{"mods":["ATMod(°¢èªMod)","BaseMod","Minty Spire (QoL Compilation)","StSLib"],"gold_per_floor":[118,88,108,33,33,64,64,105,128,159,159,190,230,269,269,359,359,382,382,432,150,174,307,443,581,581,724,865,998,1142,269,269,462,462,477,5,20,36,61,61,196,329,353,492,401,534,255,396,396,596,696,696,696,63,299,399],"floor_reached":57,"language":"ZHS","playtime":1353,"items_purged":["SignatureMove+1","BowlingBash+1"],"score":4627,"play_id":"f8dda898-6594-46ec-97c9-91a2ce8b7001","local_time":"20210113180635","daily_mods":["SealedDeck","Heirloom","Time Dilation","Flight","Elite Swarm"],"is_ascension_mode":true,"campfire_choices":[{"data":"SignatureMove","floor":7.0,"key":"SMITH"},{"data":"ClearTheMind","floor":11.0,"key":"SMITH"},{"data":"Vault","floor":15.0,"key":"SMITH"},{"data":"EmptyMind","floor":32,"key":"SMITH"},{"floor":40,"key":"RECALL"},{"floor":49,"key":"REST"},{"floor":53,"key":"REST"}],"circlet_count":0,"master_deck":["AscendersBane","EmptyMind+1","ClearTheMind+1","TalkToTheHand+1","ClearTheMind+1","Tantrum+1","FlurryOfBlows+1","Crescendo+1","Brilliance+1","LessonLearned+1","Vault+1","DeusExMachina+1","Ragnarok+1","CurseOfTheBell","Adaptation+1","Scrawl+1","DevaForm+1","MasterReality+1","Omniscience+1","Study+1","AT_ChampionStep+1","Adaptation+1","Omniscience+1","Halt+1"],"relics":["PureWater","AT_ATBox","Ginger","Golden Idol","AT_SilvercatRing","Lizard Tail","Bag of Marbles","TeardropLocket","Art of War","Boot","Peace Pipe","Calling Bell","Pen Nib","White Beast Statue","AT_TheCollector","PreservedInsect","Meat on the Bone","The Courier","Bottled Lightning","Toxic Egg 2","Vajra","FossilizedHelix","GoldenEye","StoneCalendar","Frozen Egg 2","Omamori","AT_ArchangelStaff","Pantograph","AT_ImmortalShieldbow","Fusion Hammer","Strawberry","Pear","Akabeko","StrikeDummy","AT_RedTearstoneRing","Ancient Tea Set","Blood Vial","TheAbacus","Mummified Hand","OrangePellets","AT_BladeRuinedKing","AT_ChloranthyRing","Sundial"],"acts_visited":["Exordium","TheCity","TheBeyond","TheEnding"],"potions_floor_usage":[56],"damage_taken":[{"damage":0.0,"enemies":"Small Slimes","floor":1.0,"turns":1.0},{"damage":0.0,"enemies":"Cultist","floor":3.0,"turns":1.0},{"damage":0.0,"enemies":"Lagavulin","floor":6.0,"turns":2.0},{"damage":0.0,"enemies":"3 Sentries","floor":8.0,"turns":2.0},{"damage":0.0,"enemies":"Gremlin Nob","floor":10.0,"turns":2.0},{"damage":0.0,"enemies":"Lagavulin","floor":12.0,"turns":1.0},{"damage":0.0,"enemies":"3 Sentries","floor":13.0,"turns":2.0},{"damage":0.0,"enemies":"Lagavulin","floor":14.0,"turns":3.0},{"damage":0.0,"enemies":"Slime Boss","floor":16.0,"turns":2.0},{"damage":0.0,"enemies":"Shell Parasite","floor":18.0,"turns":1.0},{"damage":0,"enemies":"Chosen","floor":22,"turns":3},{"damage":0,"enemies":"Slavers","floor":23,"turns":1},{"damage":0,"enemies":"Book of Stabbing","floor":24,"turns":1},{"damage":0,"enemies":"Gremlin Leader","floor":25,"turns":2},{"damage":0,"enemies":"Book of Stabbing","floor":27,"turns":2},{"damage":0,"enemies":"Gremlin Leader","floor":28,"turns":2},{"damage":0,"enemies":"Slavers","floor":29,"turns":1},{"damage":0,"enemies":"Book of Stabbing","floor":30,"turns":2},{"damage":0,"enemies":"Collector","floor":33,"turns":3},{"damage":0,"enemies":"Orb Walker","floor":35,"turns":1},{"damage":21,"enemies":"3 Shapes","floor":37,"turns":2},{"damage":0,"enemies":"Writhing Mass","floor":38,"turns":2},{"damage":0,"enemies":"Sphere and 2 Shapes","floor":39,"turns":2},{"damage":0,"enemies":"Reptomancer","floor":41,"turns":1},{"damage":0,"enemies":"Giant Head","floor":42,"turns":2},{"damage":0,"enemies":"Reptomancer","floor":44,"turns":3},{"damage":0,"enemies":"Nemesis","floor":46,"turns":2},{"damage":0,"enemies":"Giant Head","floor":48,"turns":2},{"damage":0,"enemies":"Awakened One","floor":50,"turns":2},{"damage":0,"enemies":"Time Eater","floor":51,"turns":1},{"damage":0,"enemies":"Shield and Spear","floor":55,"turns":1},{"damage":22,"enemies":"The Heart","floor":56,"turns":5}],"seed_played":"5527143502011957871","potions_obtained":[{"floor":2.0,"key":"LiquidBronze"},{"floor":2.0,"key":"FearPotion"},{"floor":3.0,"key":"BlessingOfTheForge"},{"floor":16.0,"key":"PowerPotion"},{"floor":22,"key":"GamblersBrew"}],"is_trial":true,"path_per_floor":["M","?","M","?","?","E","R","E","T","E","R","E","E","E","R","B",null,"M","$","?","$","M","E","E","E","T","E","E","E","E","$","R","B",null,"M","$","M","M","M","R","E","E","T","E","$","E","$","E","R","B","B",null,"R","$","E","B",null],"character_chosen":"WATCHER","items_purchased":["Adaptation","PreservedInsect","Frozen Egg 2","Omamori","AT_ArchangelStaff","Pantograph","AT_ImmortalShieldbow","Strawberry","Pear","Akabeko","Study+1","AT_ChampionStep+1","Adaptation+1","TheAbacus","OrangePellets","AT_BladeRuinedKing","AT_ChloranthyRing","Sundial","Halt+1"],"campfire_rested":2,"item_purchase_floors":[21,21,31,31,31,31,31,36,36,36,45,45,47,47,54,54,54,54,54],"current_hp_per_floor":[61,61,61,61,61,61,61,61,61,61,61,61,61,61,61,61,62,62,62,56,56,56,56,56,56,56,56,56,56,56,56,56,62,62,62,79,58,58,58,58,58,58,58,58,58,58,58,60,79,79,79,79,79,79,79,57],"gold":399,"neow_bonus":"","is_daily":false,"chose_seed":false,"campfire_upgraded":4,"win_rate":0.0,"timestamp":1610532395,"path_taken":["M","?","?","?","?","E","R","E","T","E","R","E","E","E","R","BOSS","M","$","?","$","?","E","E","E","T","E","E","E","E","?","R","BOSS","M","$","?","?","M","R","E","E","T","E","$","E","?","E","R","BOSS","BOSS","R","$","E","BOSS"],"items_purchased_type":["Card","Relic","Relic","Relic","Relic","Relic","Relic","Relic","Relic","Relic","Card","Card","Card","Relic","Relic","Relic","Relic","Relic","Card"],"build_version":"2020-12-22","purchased_purges":2,"victory":true,"max_hp_per_floor":[68,68,68,68,62,62,62,62,62,62,62,62,62,62,62,62,62,62,62,62,62,62,62,62,62,62,62,62,62,62,62,62,62,62,62,79,79,79,79,79,79,79,79,79,79,79,79,79,79,79,79,79,79,79,79,79],"card_choices":[{"not_picked":["WreathOfFlame","SashWhip","BowlingBash"],"picked":"SKIP","floor":1.0},{"not_picked":["EmptyFist","Sanctity","Crescendo"],"picked":"SKIP","floor":3.0},{"not_picked":["Judgement","Ragnarok"],"picked":"Brilliance","floor":6.0},{"not_picked":["AT_ChampionKick","MasterReality","Brilliance"],"picked":"SKIP","floor":8.0},{"not_picked":["Omniscience","Ragnarok"],"picked":"LessonLearned","floor":10.0},{"not_picked":["Blasphemy","DevaForm"],"picked":"Vault","floor":12.0},{"not_picked":["Omniscience","DevaForm","Alpha"],"picked":"SKIP","floor":13.0},{"not_picked":["AT_ChampionKick","Omniscience"],"picked":"DeusExMachina","floor":14.0},{"not_picked":["LessonLearned","ConjureBlade"],"picked":"Ragnarok","floor":16.0},{"not_picked":["BowlingBash+1","LikeWater","Nirvana"],"picked":"SKIP","floor":18.0},{"not_picked":["CutThroughFate","Perseverance","Halt+1"],"picked":"SKIP","floor":22},{"not_picked":["Devotion","ConjureBlade","Establishment"],"picked":"SKIP","floor":23},{"not_picked":["Wish","Ragnarok","ConjureBlade"],"picked":"SKIP","floor":24},{"not_picked":["Ragnarok","AT_MachinaRedman","MasterReality"],"picked":"SKIP","floor":25},{"not_picked":["DeusExMachina+1","AT_IrregularMenstruation+1","DevaForm"],"picked":"SKIP","floor":27},{"not_picked":["Devotion","SpiritShield+1"],"picked":"Scrawl+1","floor":28},{"not_picked":["ConjureBlade+1","SpiritShield+1","Devotion"],"picked":"SKIP","floor":29},{"not_picked":["Judgement+1","SpiritShield+1","Devotion"],"picked":"SKIP","floor":30},{"not_picked":["Judgement+1","SpiritShield+1","Devotion"],"picked":"SKIP","floor":30},{"not_picked":["Alpha+1","Vault+1"],"picked":"DevaForm+1","floor":33},{"not_picked":["Sanctity+1","SashWhip","Wireheading+1"],"picked":"SKIP","floor":35},{"not_picked":["FollowUp+1","MentalFortress+1","CrushJoints+1"],"picked":"SKIP","floor":37},{"not_picked":["Sanctity+1","ThirdEye+1","PathToVictory+1"],"picked":"SKIP","floor":38},{"not_picked":["WreathOfFlame+1","Protect+1","FlurryOfBlows"],"picked":"SKIP","floor":39},{"not_picked":["ConjureBlade+1","LessonLearned"],"picked":"MasterReality+1","floor":41},{"not_picked":["AT_RealColorLess+1","Wish+1"],"picked":"Omniscience+1","floor":42},{"not_picked":["AT_IrregularMenstruation+1","DeusExMachina+1","Vault+1"],"picked":"SKIP","floor":44},{"not_picked":["Brilliance","AT_IrregularMenstruation+1","Alpha+1"],"picked":"SKIP","floor":46},{"not_picked":["Devotion+1","AT_MachinaRedman+1"],"picked":"Omniscience+1","floor":48},{"not_picked":["Ragnarok","Alpha+1","Wish+1"],"picked":"SKIP","floor":55}],"player_experience":421130,"relics_obtained":[{"floor":6.0,"key":"AT_SilvercatRing"},{"floor":8.0,"key":"Lizard Tail"},{"floor":9.0,"key":"Bag of Marbles"},{"floor":10.0,"key":"TeardropLocket"},{"floor":12.0,"key":"Art of War"},{"floor":13.0,"key":"Boot"},{"floor":14.0,"key":"Peace Pipe"},{"floor":17.0,"key":"Pen Nib"},{"floor":17.0,"key":"White Beast Statue"},{"floor":17.0,"key":"AT_TheCollector"},{"floor":23,"key":"Meat on the Bone"},{"floor":24,"key":"The Courier"},{"floor":25,"key":"Bottled Lightning"},{"floor":26,"key":"Toxic Egg 2"},{"floor":27,"key":"Vajra"},{"floor":28,"key":"FossilizedHelix"},{"floor":29,"key":"GoldenEye"},{"floor":30,"key":"StoneCalendar"},{"floor":41,"key":"StrikeDummy"},{"floor":42,"key":"AT_RedTearstoneRing"},{"floor":44,"key":"Ancient Tea Set"},{"floor":46,"key":"Blood Vial"},{"floor":48,"key":"Mummified Hand"}],"event_choices":[{"damage_healed":0.0,"max_hp_gain":0.0,"max_hp_loss":0.0,"gold_gain":0.0,"event_name":"The Woman in Blue","player_choice":"Bought 2 Potions","floor":2.0,"gold_loss":0.0,"damage_taken":0.0},{"cards_removed":["EmptyFist"],"damage_healed":0.0,"max_hp_gain":0.0,"max_hp_loss":0.0,"gold_gain":0.0,"event_name":"The Cleric","player_choice":"Card Removal","floor":4.0,"gold_loss":75.0,"damage_taken":0.0},{"damage_healed":0.0,"max_hp_gain":0.0,"max_hp_loss":6.0,"gold_gain":0.0,"event_name":"Golden Idol","player_choice":"Lose Max HP","floor":5.0,"gold_loss":0.0,"damage_taken":0.0,"relics_obtained":["Golden Idol"]},{"damage_healed":0,"gold_gain":50,"player_choice":"Touch","damage_taken":6,"max_hp_gain":0,"max_hp_loss":0,"event_name":"FaceTrader","floor":20,"gold_loss":0}],"is_beta":false,"boss_relics":[{"not_picked":["Astrolabe","HolyWater"],"picked":"Calling Bell"},{"not_picked":["Runic Dome","Sozu"],"picked":"Fusion Hammer"}],"items_purged_floors":[21,47],"is_endless":false,"potions_floor_spawned":[3,8,16,18,22,23,24,25,27,28,29,30,33,35,37,38,39,41,42,44,46,48,55],"ascension_level":20}}