{"host":"95i1gxnztdrdyvhi","time":1610496320,"event":{"mods":["AchievementEnabler","Act Like it!","BaseMod","Minty Spire (QoL Compilation)","Quick Restart","StSLib","Yakumo Yukari mod"],"gold_per_floor":[136,136,156,174,349,349,424,451,451,485,485,111,133,133,133,240,240,268,89,110,121,121,156,156,174,174,183,183,211,225,241,241,348,348,366,382,382,382,382,382,395,433,501,519,530,580,580,626,626,626,626,626,42,67,67],"floor_reached":56,"language":"ENG","playtime":3802,"items_purged":["Doubt","AT_purpleEX","Defend_purpleEX"],"score":1223,"play_id":"6f2658dc-5f75-42c7-958b-8112dbabc8e8","local_time":"20210113000520","is_ascension_mode":false,"campfire_choices":[{"data":"Bait_HighSpeedFlying_purple","floor":6.0,"key":"SMITH"},{"data":"Observe_purple_2","floor":11.0,"key":"SMITH"},{"floor":15.0,"key":"REST"},{"data":"LoveAcrossDimensions_purple","floor":24,"key":"SMITH"},{"floor":28,"key":"RECALL"},{"data":"DimensionStaggered_purple","floor":32,"key":"SMITH"},{"floor":40,"key":"REST"},{"floor":47,"key":"REST"},{"floor":49,"key":"REST"},{"floor":52,"key":"REST"}],"circlet_count":0,"master_deck":["Defend_purpleEX","Observe_purple_1","Observe_purple_2+1","WeekHit_purple+1","DimensionStaggered_purple+1","MonsterNeedle_purple+1","Mirror_FormAndEmptin_purple+1","OmniscientAndOmnipotent_Monster_purple+1","Boundary_LightAndDark_purple+1","LoveAcrossDimensions_purple+1","MNeedle_purple+1","SfantasyHide_purple+1","OmniscientAndOmnipotent_Monster_purple+1","Bait_HighSpeedFlying_purple+1","Boundary_of_Extermination_purpleEX","Price_of_realm_purpleEX+1","Writhe","WangLiang_OokamiKakushi_purple+1","Anti_communist_purple+1"],"relics":["Boundary_crack","Memoryfragments_purpleEX","NeowsBlessing","Toxic Egg 2","CeramicFish","Molten Egg 2","Runic Pyramid","Pear","The Courier","InkBottle","Potion Belt","Fusion Hammer","Anchor","Bottled Lightning","CaptainsWheel","Ice Cream","Nunchaku","Orichalcum","Bronze Scales","Lantern","Pen Nib"],"acts_visited":["Exordium","TheCity","TheBeyond","TheEnding"],"potions_floor_usage":[23,29,55,55,55],"damage_taken":[{"damage":0.0,"enemies":"Small Slimes","floor":1.0,"turns":1.0},{"damage":0.0,"enemies":"2 Louse","floor":3.0,"turns":1.0},{"damage":0.0,"enemies":"Jaw Worm","floor":4.0,"turns":1.0},{"damage":22.0,"enemies":"3 Sentries","floor":8.0,"turns":5.0},{"damage":15.0,"enemies":"Lagavulin","floor":10.0,"turns":8.0},{"damage":0.0,"enemies":"Looter","floor":13.0,"turns":2.0},{"damage":15.0,"enemies":"Hexaghost","floor":16.0,"turns":8.0},{"damage":16.0,"enemies":"2 Thieves","floor":18.0,"turns":4.0},{"damage":2.0,"enemies":"Shell Parasite","floor":20.0,"turns":3.0},{"damage":0.0,"enemies":"Chosen and Byrds","floor":21.0,"turns":4.0},{"damage":24,"enemies":"Slavers","floor":23,"turns":3},{"damage":21,"enemies":"Book of Stabbing","floor":29,"turns":4},{"damage":0,"enemies":"Cultist and Chosen","floor":30,"turns":5},{"damage":14,"enemies":"Centurion and Healer","floor":31,"turns":4},{"damage":11,"enemies":"Champ","floor":33,"turns":8},{"damage":4,"enemies":"Orb Walker","floor":35,"turns":2},{"damage":1,"enemies":"3 Shapes","floor":36,"turns":3},{"damage":0,"enemies":"Maw","floor":41,"turns":4},{"damage":0,"enemies":"Nemesis","floor":42,"turns":7},{"damage":4,"enemies":"Sphere and 2 Shapes","floor":44,"turns":4},{"damage":0,"enemies":"Jaw Worm Horde","floor":45,"turns":4},{"damage":0,"enemies":"Mind Bloom Boss Battle","floor":46,"turns":4},{"damage":3,"enemies":"2 Orb Walkers","floor":48,"turns":4},{"damage":3,"enemies":"Donu and Deca","floor":50,"turns":6},{"damage":16,"enemies":"Shield and Spear","floor":54,"turns":5},{"damage":29,"enemies":"The Heart","floor":55,"turns":7}],"seed_played":"4800931689049095075","potions_obtained":[{"floor":1.0,"key":"AttackPotion"},{"floor":3.0,"key":"BlessingOfTheForge"},{"floor":4.0,"key":"DuplicationPotion"},{"floor":20.0,"key":"AttackPotion"},{"floor":21,"key":"Weak Potion"},{"floor":30,"key":"CultistPotion"},{"floor":31,"key":"GamblersBrew"},{"floor":33,"key":"BlessingOfTheForge"},{"floor":41,"key":"SneckoOil"},{"floor":45,"key":"SpeedPotion"}],"is_trial":false,"path_per_floor":["M","?","M","M","?","R","?","E","T","E","R","$","M","?","R","B",null,"M","$","M","M","?","E","R","?","T","?","R","E","M","M","R","B",null,"M","M","?","?","?","R","M","E","T","M","M","?","R","?","R","B",null,"R","$","E","B",null],"character_chosen":"Youkari","items_purchased":["Molten Egg 2","OmniscientAndOmnipotent_Monster_purple+1","SfantasyHide_purple+1","OmniscientAndOmnipotent_Monster_purple+1","Nunchaku","Orichalcum","Bronze Scales","Lantern"],"campfire_rested":5,"item_purchase_floors":[12,12,19,19,53,53,53,53],"current_hp_per_floor":[70,70,70,70,70,70,59,39,39,25,25,25,29,15,36,26,70,58,58,57,59,59,50,50,50,50,50,50,30,33,21,21,11,83,79,79,79,79,79,83,83,83,83,81,83,83,83,80,83,80,83,83,83,71,42],"gold":67,"neow_bonus":"THREE_ENEMY_KILL","is_daily":false,"chose_seed":false,"campfire_upgraded":4,"win_rate":0.0,"timestamp":1610496320,"path_taken":["M","?","M","M","?","R","?","E","T","E","R","$","M","?","R","BOSS","M","$","M","M","?","E","R","?","T","?","R","E","M","M","R","BOSS","M","M","?","?","?","R","M","E","T","M","?","?","R","?","R","BOSS","R","$","E","BOSS"],"items_purchased_type":["Relic","Card","Card","Card","Relic","Relic","Relic","Relic"],"build_version":"2020-12-22","purchased_purges":3,"victory":true,"max_hp_per_floor":[70,70,70,70,70,70,70,70,70,70,70,70,70,70,70,70,70,70,70,70,70,70,83,83,83,83,83,83,83,83,83,83,83,83,83,83,83,83,83,83,83,83,83,83,83,83,83,83,83,83,83,83,83,83,83],"card_choices":[{"not_picked":["MonsterNeedle_purple","Charmbait_purple"],"picked":"WeekHit_purple","floor":1.0},{"not_picked":["EighthInstrument_OneDividesIntoTwo_purple","Umbrella_purple"],"picked":"DimensionStaggered_purple","floor":3.0},{"not_picked":["Charmbait_purple","Umbrella_purple"],"picked":"Bait_HighSpeedFlying_purple","floor":4.0},{"not_picked":["Worldmountain_purple","Know_ledgeAbilityRealm_purple"],"picked":"MonsterNeedle_purple+1","floor":8.0},{"not_picked":["ExternalForce_HighSpeedFlying_purple","Fantasy_PerpetualMotionMachine_purple"],"picked":"Mirror_FormAndEmptin_purple+1","floor":10.0},{"not_picked":["PositiveMatter_Antimatter_Universe_purple+1","OmniscientAndOmnipotent_Monster_purple+1"],"picked":"Boundary_LightAndDark_purple+1","floor":13.0},{"not_picked":["Price_of_realm_purpleEX+1","WangLiang_LineAndCurveDreams_purple"],"picked":"LoveAcrossDimensions_purple","floor":16.0},{"not_picked":["Mirror_FormAndEmptin_purple+1","DimensionStaggered_purple+1"],"picked":"MNeedle_purple+1","floor":18.0},{"not_picked":["OmniscientAndOmnipotent_Monster_purple+1","AdvanceAttack_purple+1"],"picked":"Bait_HighSpeedFlying_purple+1","floor":20.0},{"not_picked":["ExistenceContinue_purple+1","WeekHit_purple+1","Extrememeaning_purpleEX+1"],"picked":"SKIP","floor":21},{"not_picked":["Charmbait_purple+1","ButterflyHabitatTemple_purple+1","RuleDissolution_purple+1"],"picked":"SKIP","floor":23},{"not_picked":["Yakumo_Ran_purple+1","BarrageBoundary_PipeDream_purple+1","StateErode_purple+1"],"picked":"SKIP","floor":29},{"not_picked":["Umbrella_purple+1","Line_surface_state_purple+1","MeetDecomposer_purple+1"],"picked":"SKIP","floor":30},{"not_picked":["ButterflyHabitatTemple_purple+1","RuleDissolution_purple+1","Umbrella_purple+1"],"picked":"SKIP","floor":31},{"not_picked":["BarrageBoundary_PipeDream_purple+1","Theboundaryofcreation_purpleEX+1"],"picked":"WangLiang_OokamiKakushi_purple+1","floor":33},{"not_picked":["MeetDecomposer_purple+1","StateDuplicate_purple+1","Boundary_DynamicStaticEquilibrium_purple+1"],"picked":"SKIP","floor":35},{"not_picked":["Line_surface_state_purple+1","Photoelasticity_Doppler_Effect_purple+1","Mirror_Drifter_purple+1"],"picked":"SKIP","floor":36},{"not_picked":["RuleDissolution_purple+1","PurpleNeedle_purple+1","Nest_LightFlightworm_purple+1"],"picked":"SKIP","floor":41},{"not_picked":["Mirror_WaveAndshot_purple+1","MNeedle_purple+1"],"picked":"Anti_communist_purple+1","floor":42},{"not_picked":["EighthInstrument_OneDividesIntoTwo_purple+1","Realm_recovery_purpleEX+1","AdvanceAttack_purple+1"],"picked":"SKIP","floor":44},{"not_picked":["AdvanceAttack_purple+1","Boundary_LightAndDark_purple+1","Umbrella_purple+1"],"picked":"SKIP","floor":45},{"not_picked":["Umbrella_purple+1","DimensionStaggered_purple+1","Photoelasticity_Doppler_Effect_purple+1"],"picked":"SKIP","floor":54}],"player_experience":640888,"relics_obtained":[{"floor":8.0,"key":"Toxic Egg 2"},{"floor":10.0,"key":"CeramicFish"},{"floor":23,"key":"Pear"},{"floor":26,"key":"The Courier"},{"floor":29,"key":"Potion Belt"},{"floor":42,"key":"Anchor"},{"floor":43,"key":"Bottled Lightning"},{"floor":46,"key":"CaptainsWheel"},{"floor":48,"key":"Ice Cream"},{"floor":54,"key":"Pen Nib"}],"event_choices":[{"cards_removed":["Defend_purpleEX"],"damage_healed":0.0,"max_hp_gain":0.0,"max_hp_loss":0.0,"gold_gain":0.0,"event_name":"Living Wall","player_choice":"Forget","floor":2.0,"gold_loss":0.0,"damage_taken":0.0},{"damage_healed":0.0,"max_hp_gain":0.0,"max_hp_loss":0.0,"gold_gain":175.0,"event_name":"Liars Game","player_choice":"AGREE","floor":5.0,"gold_loss":0.0,"damage_taken":0.0,"cards_obtained":["Doubt"]},{"damage_healed":0.0,"max_hp_gain":0.0,"max_hp_loss":0.0,"gold_gain":75.0,"event_name":"World of Goop","player_choice":"Gather Gold","floor":7.0,"gold_loss":0.0,"damage_taken":11.0},{"damage_healed":0.0,"max_hp_gain":0.0,"max_hp_loss":0.0,"gold_gain":0.0,"event_name":"Shining Light","player_choice":"Entered Light","floor":14.0,"gold_loss":0.0,"damage_taken":14.0,"cards_upgraded":["WeekHit_purple","AT_purpleEX"]},{"cards_removed":["AT_purpleEX"],"damage_healed":0,"gold_gain":0,"player_choice":"Elegance","damage_taken":0,"max_hp_gain":0,"max_hp_loss":0,"event_name":"Back to Basics","floor":22,"gold_loss":0},{"damage_healed":0,"gold_gain":0,"cards_transformed":["AT_purpleEX","AT_purpleEX"],"player_choice":"Became Test Subject","damage_taken":0,"max_hp_gain":0,"max_hp_loss":0,"event_name":"Drug Dealer","floor":25,"gold_loss":0,"cards_obtained":["Boundary_of_Extermination_purpleEX","Price_of_realm_purpleEX"]},{"damage_healed":0,"gold_gain":0,"player_choice":"Opened","damage_taken":0,"relics_obtained":["InkBottle"],"max_hp_gain":0,"max_hp_loss":0,"event_name":"The Mausoleum","floor":27,"gold_loss":0,"cards_obtained":["Writhe"]},{"damage_healed":0,"gold_gain":0,"player_choice":"Memory 1","damage_taken":0,"max_hp_gain":0,"max_hp_loss":0,"event_name":"SensoryStone","floor":37,"gold_loss":0},{"cards_removed":["Bait_HighSpeedFlying_purple"],"damage_healed":0,"gold_gain":0,"player_choice":"Removed Attack","damage_taken":0,"max_hp_gain":0,"max_hp_loss":0,"event_name":"Falling","floor":38,"gold_loss":0},{"cards_removed":["Defend_purpleEX"],"damage_healed":0,"gold_gain":0,"player_choice":"Offered Basic","damage_taken":0,"max_hp_gain":0,"max_hp_loss":0,"event_name":"Bonfire Elementals","floor":39,"gold_loss":0},{"damage_healed":0,"gold_gain":0,"player_choice":"Fight","damage_taken":0,"max_hp_gain":0,"max_hp_loss":0,"event_name":"MindBloom","floor":46,"gold_loss":0},{"damage_healed":0,"gold_gain":0,"player_choice":"Fight","damage_taken":0,"max_hp_gain":0,"max_hp_loss":0,"event_name":"Mysterious Sphere","floor":48,"gold_loss":0}],"is_beta":false,"boss_relics":[{"not_picked":["Runic Dome","Tiny House"],"picked":"Runic Pyramid"},{"not_picked":["Calling Bell","Cursed Key"],"picked":"Fusion Hammer"}],"items_purged_floors":[12,19,53],"is_endless":false,"potions_floor_spawned":[1,3,4,20,21,30,31,33,41,44,45,48],"ascension_level":0}}