{"host":"qfrmffs8rw9cf08l","time":1610547735,"event":{"mods":["AchievementEnabler","Act Like it!","BaseMod","Better Match","Better Note","Better Sensory Stone","Better Skull","Better Third Choice","BetterRewards","Gensokyo","MarisaÅiñ∂âJÅ@ñÇóùçπÅj","Minty Spire (QoL Compilation)","Permanent Neow","Relic Filter","StSLib"],"gold_per_floor":[114,129,129,129,54,54,83,83,106,140,155,184,184,184,184,284,284,295,295,141,161,175,207,207,207,207,226,261,261,261,289,289,394,394,410,425,38,51,51,82,82,107,185,203,203,229,229,249,249,249,249,249,6,33,33],"floor_reached":56,"language":"ENG","playtime":7702,"items_purged":["Pain","FairyDestructionRay","ShootTheMoon"],"score":2367,"play_id":"98fb67ef-1301-4631-8134-e99c09d02e28","local_time":"20210113222215","is_ascension_mode":true,"campfire_choices":[{"data":"PulseMagic","floor":6.0,"key":"SMITH"},{"data":"MagicChant","floor":8.0,"key":"SMITH"},{"data":"UpSweep","floor":13.0,"key":"SMITH"},{"data":"ShootingEcho","floor":15.0,"key":"SMITH"},{"data":"AbsoluteMagnitude","floor":25.0,"key":"SMITH"},{"data":"EnergyRecoil","floor":32.0,"key":"SMITH"},{"data":"OneTimeOff","floor":41.0,"key":"SMITH"},{"data":"MilkyWay","floor":45.0,"key":"SMITH"},{"floor":49.0,"key":"RECALL"},{"data":"Gensokyo:Dawn","floor":52.0,"key":"SMITH"}],"circlet_count":0,"master_deck":["Strike_MRS","Strike_MRS","Strike_MRS","Defend_MRS","Defend_MRS","Defend_MRS","MasterSpark+1","UpSweep+1","PulseMagic+1","EnergyFlow+1","OortCloud+1","GasGiant+1","PowerUp+1","CasketOfStar+1","FinalSpark+1","UltimateShortwave+1","MagicChant+1","MillisecondPulsars+1","ShootingEcho+1","OrrerysSun+1","EscapeVelocity+1","FairyDestructionRay+1","EnergyFlow+1","AbsoluteMagnitude+1","PropBag+1","EnergyRecoil+1","Acceleration+1","6A+1","MilkyWay+1","Gensokyo:Dawn+1","OneTimeOff+1","AsteroidBelt+1","Acceleration+1","MagicAbsorber","GasGiant","OrrerysSun+1"],"relics":["BewitchedHakkero","HornCleat","BreadOfAWashokuLover","Frozen Egg 2","Omamori","Medical Kit","War Paint","MealTicket","Incense Burner","ShroomBag","Gensokyo:LunaticRedEyes","Philosopher\u0027s Stone","Dream Catcher","Happy Flower","Vajra","Gensokyo:ConquerorOfFear","Centennial Puzzle","Shuriken","Shovel","Membership Card","TungstenRod","Unceasing Top","Art of War","Lantern","Kunai","Pen Nib"],"acts_visited":["Exordium","Gensokyo:Gensokyo","Gensokyo:Gensokyoer","TheEnding"],"potions_floor_usage":[54,54,54,55,55,55],"damage_taken":[{"damage":3.0,"enemies":"Gensokyo:Gryphon","floor":1.0,"turns":4.0},{"damage":0.0,"enemies":"Gensokyo:2_Kodama","floor":2.0,"turns":4.0},{"damage":0.0,"enemies":"Gensokyo:Aya","floor":7.0,"turns":5.0},{"damage":0.0,"enemies":"Gensokyo:Cirno","floor":10.0,"turns":6.0},{"damage":0.0,"enemies":"Gensokyo:Python","floor":11.0,"turns":4.0},{"damage":0.0,"enemies":"Gensokyo:Mamizou","floor":12.0,"turns":5.0},{"damage":5.0,"enemies":"Gensokyo:Reimu","floor":16.0,"turns":8.0},{"damage":5.0,"enemies":"Gensokyo:3_Dogs","floor":18.0,"turns":4.0},{"damage":0.0,"enemies":"Gensokyo:Chomper","floor":21.0,"turns":3.0},{"damage":0.0,"enemies":"Gensokyo:Monolith_and_Dog","floor":22.0,"turns":4.0},{"damage":0.0,"enemies":"Gensokyo:Koishi","floor":23.0,"turns":4.0},{"damage":0.0,"enemies":"Gensokyo:3_Gloops","floor":27.0,"turns":4.0},{"damage":0.0,"enemies":"Gensokyo:Reisen","floor":28.0,"turns":4.0},{"damage":0.0,"enemies":"Gensokyo:Tenshi","floor":31.0,"turns":2.0},{"damage":11.0,"enemies":"Gensokyo:Eternal_Rivals","floor":33.0,"turns":7.0},{"damage":0.0,"enemies":"Gensokyo:AncientGuardian","floor":35.0,"turns":4.0},{"damage":0.0,"enemies":"Gensokyo:3_Boulders","floor":36.0,"turns":3.0},{"damage":0.0,"enemies":"Gensokyo:AtlasGolem","floor":38.0,"turns":3.0},{"damage":16.0,"enemies":"Gensokyo:AtlasGolem","floor":39.0,"turns":5.0},{"damage":0.0,"enemies":"Gensokyo:Marisa","floor":40.0,"turns":4.0},{"damage":0.0,"enemies":"Gensokyo:Doremy","floor":42.0,"turns":5.0},{"damage":0.0,"enemies":"Gensokyo:4_Bats","floor":44.0,"turns":3.0},{"damage":0.0,"enemies":"Gensokyo:Kasen","floor":46.0,"turns":5.0},{"damage":0.0,"enemies":"Gensokyo:Sharpion","floor":48.0,"turns":3.0},{"damage":0.0,"enemies":"Gensokyo:Scarlet_Devils","floor":50.0,"turns":4.0},{"damage":0,"enemies":"Shield and Spear","floor":54,"turns":5},{"damage":17,"enemies":"The Heart","floor":55,"turns":6}],"seed_played":"-5470215733005748797","potions_obtained":[{"floor":2.0,"key":"FearPotion"},{"floor":7.0,"key":"Weak Potion"},{"floor":10.0,"key":"FearPotion"},{"floor":21.0,"key":"DistilledChaos"},{"floor":27.0,"key":"Regen Potion"},{"floor":33.0,"key":"SteroidPotion"},{"floor":35.0,"key":"GamblersBrew"},{"floor":40.0,"key":"EntropicBrew"},{"floor":42.0,"key":"Dexterity Potion"},{"floor":46.0,"key":"PowerPotion"},{"floor":54,"key":"Swift Potion"}],"is_trial":false,"path_per_floor":["M","M","$","?","?","R","E","R","T","E","M","E","R","?","R","B",null,"M","?","$","M","M","E","?","R","T","M","E","?","?","E","R","B",null,"M","M","$","M","?","E","R","E","T","M","R","E","?","M","R","B",null,"R","$","E","B",null],"character_chosen":"MARISA","items_purchased":["HornCleat","PulseMagic","BreadOfAWashokuLover","Frozen Egg 2","Omamori","EnergyFlow+1","Medical Kit","OortCloud+1","GasGiant","FairyDestructionRay","Membership Card","TungstenRod","ShootTheMoon","Kunai","GasGiant","OrrerysSun+1"],"campfire_rested":0,"item_purchase_floors":[0,0,0,0,0,0,0,0,0,20,37,37,37,53,53,53],"current_hp_per_floor":[66,69,69,69,69,69,70,70,70,72,72,73,73,73,73,70,74,70,37,52,53,67,67,67,67,67,67,67,67,67,72,72,61,81,81,81,88,88,88,88,88,88,88,88,88,88,88,88,88,88,88,88,88,88,71],"gold":33,"neow_bonus":"","is_daily":false,"chose_seed":false,"campfire_upgraded":9,"win_rate":0.0,"timestamp":1610547735,"path_taken":["M","M","$","?","?","R","E","R","T","E","M","E","R","?","R","BOSS","M","?","$","M","?","E","?","R","T","M","E","?","?","E","R","BOSS","M","M","$","M","?","E","R","E","T","M","R","E","?","M","R","BOSS","R","$","E","BOSS"],"items_purchased_type":["Relic","Card","Relic","Relic","Relic","Card","Relic","Card","Card","Card","Relic","Relic","Card","Relic","Card","Card"],"build_version":"2020-12-22","purchased_purges":3,"victory":true,"max_hp_per_floor":[75,75,75,75,75,75,75,75,75,75,75,75,75,75,75,75,75,75,75,75,75,88,88,88,88,88,88,88,88,88,88,88,88,88,88,88,88,88,88,88,88,88,88,88,88,88,88,88,88,88,88,88,88,88,88],"card_choices":[{"not_picked":["LuminesStrike","WitchOfGreed+1","SporeBomb"],"picked":"SKIP","floor":1.0},{"not_picked":["Robbery","GrandCross"],"picked":"PowerUp","floor":2.0},{"not_picked":["BinaryStars+1","ManaRampage+1"],"picked":"CasketOfStar+1","floor":5.0},{"not_picked":["BigCrunch+1","CasketOfStar+1"],"picked":"FinalSpark+1","floor":5.0},{"not_picked":["BlazingStar+1","CollectingQuirk+1"],"picked":"UltimateShortwave+1","floor":5.0},{"not_picked":["AlicesGift","FinalSpark"],"picked":"MagicChant","floor":7.0},{"not_picked":["PropBag","CasketOfStar+1"],"picked":"MillisecondPulsars+1","floor":10.0},{"not_picked":["6A","Orbital"],"picked":"ShootingEcho","floor":11.0},{"not_picked":["GravityBeat","ShootingEcho"],"picked":"OrrerysSun+1","floor":12.0},{"not_picked":["AbsoluteMagnitude","BigCrunch"],"picked":"EscapeVelocity+1","floor":16.0},{"not_picked":["GrandCross","IllusionStar+1","LuminesStrike"],"picked":"SKIP","floor":18.0},{"not_picked":["PowerUp+1","ShootingEcho"],"picked":"FairyDestructionRay+1","floor":21.0},{"not_picked":["RefractionSpark+1","WitchLeyline+1"],"picked":"EnergyFlow+1","floor":22.0},{"not_picked":["6A","Orbital+1"],"picked":"AbsoluteMagnitude","floor":23.0},{"not_picked":["ShootingEcho+1","SporeBomb"],"picked":"PropBag+1","floor":27.0},{"not_picked":["AbsoluteMagnitude","UnstableBomb"],"picked":"EnergyRecoil","floor":28.0},{"not_picked":["WitchLeyline","PropBag+1"],"picked":"MeteoricShower+1","floor":31.0},{"not_picked":["6A","MilkyWay"],"picked":"Acceleration+1","floor":35.0},{"not_picked":["LuminesStrike","ManaConvection+1"],"picked":"6A+1","floor":36.0},{"not_picked":["SporeBomb+1","GrandCross"],"picked":"MilkyWay","floor":38.0},{"not_picked":["Gensokyo:LifeSpringInfinity","Gensokyo:RisingWorld"],"picked":"Gensokyo:Dawn","floor":39.0},{"not_picked":["PropBag","Singularity+1"],"picked":"OneTimeOff","floor":40.0},{"not_picked":["EnergyRecoil","RefractionSpark+1"],"picked":"AsteroidBelt+1","floor":42.0},{"not_picked":["Singularity+1","SatelliteIllusion+1"],"picked":"Acceleration+1","floor":44.0},{"not_picked":["GasGiant","WitchOfGreed+1"],"picked":"MagicAbsorber","floor":46.0},{"not_picked":["NonDirectionalLaser","Occultation+1","UnstableBomb+1"],"picked":"SKIP","floor":48.0},{"not_picked":["DoubleSpark+1","ShootingEcho","DC+1"],"picked":"SKIP","floor":54}],"player_experience":260486,"relics_obtained":[{"floor":7.0,"key":"War Paint"},{"floor":9.0,"key":"MealTicket"},{"floor":10.0,"key":"Incense Burner"},{"floor":12.0,"key":"ShroomBag"},{"floor":23.0,"key":"Vajra"},{"floor":26.0,"key":"Centennial Puzzle"},{"floor":27.0,"key":"Gensokyo:ConquerorOfFear"},{"floor":28.0,"key":"Shuriken"},{"floor":31.0,"key":"Shovel"},{"floor":40.0,"key":"Unceasing Top"},{"floor":42.0,"key":"Art of War"},{"floor":46.0,"key":"Lantern"},{"floor":54,"key":"Pen Nib"}],"event_choices":[{"damage_healed":0.0,"max_hp_gain":0.0,"max_hp_loss":0.0,"gold_gain":0.0,"event_name":"betterMatch:BetterMatch","player_choice":"3","floor":5.0,"gold_loss":0.0,"damage_taken":0.0,"cards_obtained":["betterMatch:RareCard"]},{"damage_healed":0.0,"max_hp_gain":0.0,"max_hp_loss":0.0,"gold_gain":0.0,"event_name":"betterSkull:BetterSkull","player_choice":"RE RE ","floor":19.0,"gold_loss":0.0,"damage_taken":37.0,"cards_upgraded":[],"relics_obtained":["Dream Catcher","Happy Flower"]}],"is_beta":false,"boss_relics":[{"not_picked":["ExperimentalFamiliar","Cursed Key"],"picked":"Philosopher\u0027s Stone"},{"not_picked":["SacredBark","Black Star"],"picked":"BewitchedHakkero"}],"items_purged_floors":[20,37,53],"is_endless":false,"potions_floor_spawned":[2,7,10,21,27,28,33,35,40,42,46,48,54],"ascension_level":7}}