{"host":"npubv26u89aif4fa","time":1610528688,"event":{"mods":["Astrologer","BaseMod","Better Vampires","Better-Laid Plans","Colored Powertips","GifTheSpireLib","GungeonMod","HornydragonMod","Hubris","Jedi Mod","Minty Spire (QoL Compilation)","Quick Restart","Remilia（蕾米莉亚）","Replay The Spire","StSLib","Td1madao Mod","The Administrix","The Alterego","The Bug Knight","The Cursed","The Runesmith","Yuri Mod","残留之物"],"gold_per_floor":[114,125,125,56,81,81,96,96,165,181,181,181],"floor_reached":11,"language":"ZHS","playtime":493,"items_purged":[],"score":65,"play_id":"b6fca43a-33d4-4adc-bba4-dc4814f3c130","local_time":"20210113170448","is_ascension_mode":false,"campfire_choices":[{"data":"jedi:overflow","floor":6,"key":"SMITH"},{"floor":8,"key":"RECALL"}],"circlet_count":0,"master_deck":["Strike_B","Strike_B","Strike_B","Strike_B","Defend_B","Defend_B","Defend_B","Defend_B","Zap","Dualcast","FTL","Time Bomb","Static Discharge","jedi:overflow+1"],"relics":["Cracked Core","NeowsBlessing","Golden Idol"],"acts_visited":["Exordium"],"potions_floor_usage":[11,11],"damage_taken":[{"damage":0,"enemies":"2 Louse","floor":1,"turns":1},{"damage":0,"enemies":"Jaw Worm","floor":2,"turns":1},{"damage":0,"enemies":"Cultist","floor":5,"turns":1},{"damage":14,"enemies":"Exordium Wildlife","floor":7,"turns":7},{"damage":5,"enemies":"3 Louse","floor":10,"turns":5},{"damage":41,"enemies":"3 Sentries","floor":11,"turns":8}],"seed_played":"7455968672157719460","potions_obtained":[{"floor":1,"key":"LifebloodPotion"},{"floor":7,"key":"SteroidPotion"},{"floor":10,"key":"Block Potion"}],"is_trial":false,"path_per_floor":["M","M","?","$","M","R","M","R","T","M","E"],"character_chosen":"DEFECT","items_purchased":["Static Discharge"],"campfire_rested":0,"item_purchase_floors":[4],"current_hp_per_floor":[75,75,57,57,57,57,43,43,43,38,0,0],"gold":181,"neow_bonus":"THREE_ENEMY_KILL","is_daily":false,"chose_seed":false,"campfire_upgraded":1,"win_rate":0.0,"timestamp":1610528688,"path_taken":["M","M","?","?","M","R","M","R","T","?","E"],"items_purchased_type":["Card"],"build_version":"2020-12-22","purchased_purges":0,"victory":false,"max_hp_per_floor":[75,75,75,75,75,75,75,75,75,75,75,75],"card_choices":[{"not_picked":["Steam Power","Hello World"],"picked":"FTL","floor":1},{"not_picked":["Reinforced Body","Reprogram"],"picked":"Time Bomb","floor":2},{"not_picked":["Ball Lightning","Doom and Gloom"],"picked":"jedi:overflow","floor":5},{"not_picked":["Lockon","Sweeping Beam","ReplaySort"],"picked":"SKIP","floor":7},{"not_picked":["FTL","Sweeping Beam","Leap"],"picked":"SKIP","floor":10}],"player_experience":262099,"relics_obtained":[],"event_choices":[{"damage_healed":0,"gold_gain":0,"player_choice":"Take Damage","damage_taken":18,"relics_obtained":["Golden Idol"],"max_hp_gain":0,"max_hp_loss":0,"event_name":"Golden Idol","floor":3,"gold_loss":0}],"is_beta":false,"boss_relics":[],"items_purged_floors":[],"is_endless":false,"potions_floor_spawned":[1,7,10],"killed_by":"3 Sentries","ascension_level":0}}