{"host":"9l1knhxfturzliqa","time":1610516124,"event":{"mods":["BaseMod","Colored Map","Colored Powertips","DeckTracker","Highlight Path","Keyboard Shortcuts","Minty Spire (QoL Compilation)","Random Character Button"],"gold_per_floor":[112,127,146,160,232,232,257,257,257,284,284,303,313,333,333,407,407,418,435,447,459,91,421,444,463,489,489,489,489,500,20,20,97,97,111,111,122,138,138,138,152,152,152,152,177,177,203,213,213,213],"floor_reached":51,"language":"KOR","playtime":5096,"items_purged":["Defend_G","Strike_G"],"score":1149,"play_id":"6f6180a6-5f52-460b-9c1e-fb1d885cd7bb","local_time":"20210113143524","is_ascension_mode":true,"campfire_choices":[{"data":"Backstab","floor":6.0,"key":"SMITH"},{"data":"Neutralize","floor":8.0,"key":"SMITH"},{"floor":15.0,"key":"REST"},{"floor":27.0,"key":"REST"},{"data":"Night Terror","floor":29.0,"key":"SMITH"},{"floor":32.0,"key":"REST"},{"floor":40.0,"key":"REST"},{"floor":42.0,"key":"REST"},{"data":"Bullet Time","floor":44.0,"key":"SMITH"},{"data":"Setup","floor":46.0,"key":"SMITH"},{"floor":49.0,"key":"REST"}],"circlet_count":0,"master_deck":["AscendersBane","Survivor","Neutralize+1","Masterful Stab","Backstab+1","PiercingWail+1","Dagger Spray","Expertise","Cloak And Dagger","Footwork+1","Riddle With Holes+1","Sucker Punch+1","Adrenaline","Concentrate","PiercingWail+1","Outmaneuver","Flying Knee+1","Skewer+1","Well Laid Plans+1","Setup+1","Quick Slash+1","Night Terror+1","Setup","Tools of the Trade+1","Malaise","Reflex","Bullet Time+1","Poisoned Stab+1","Die Die Die+1","Catalyst","Choke+1","Expertise","Calculated Gamble+1","Writhe","PiercingWail+1","Blade Dance+1","Backflip+1","Deflect+1","Underhanded Strike+1"],"relics":["Ring of the Serpent","Calipers","Frozen Egg 2","Pen Nib","War Paint","Molten Egg 2","Bronze Scales","Old Coin","Dream Catcher","Toy Ornithopter","Vajra","FossilizedHelix","Pandora\u0027s Box","Omamori","Tingsha","Paper Crane"],"acts_visited":["Exordium","TheCity","TheBeyond"],"potions_floor_usage":[],"damage_taken":[{"damage":1.0,"enemies":"Cultist","floor":1.0,"turns":5.0},{"damage":0.0,"enemies":"Small Slimes","floor":2.0,"turns":4.0},{"damage":0.0,"enemies":"2 Louse","floor":3.0,"turns":2.0},{"damage":8.0,"enemies":"Exordium Wildlife","floor":4.0,"turns":5.0},{"damage":18.0,"enemies":"Gremlin Nob","floor":7.0,"turns":5.0},{"damage":4.0,"enemies":"3 Sentries","floor":10.0,"turns":6.0},{"damage":0.0,"enemies":"2 Fungi Beasts","floor":12.0,"turns":3.0},{"damage":1.0,"enemies":"Large Slime","floor":13.0,"turns":6.0},{"damage":1.0,"enemies":"Exordium Wildlife","floor":14.0,"turns":2.0},{"damage":12.0,"enemies":"Hexaghost","floor":16.0,"turns":13.0},{"damage":6.0,"enemies":"Chosen","floor":18.0,"turns":5.0},{"damage":3.0,"enemies":"3 Byrds","floor":19.0,"turns":5.0},{"damage":0.0,"enemies":"Snecko","floor":20.0,"turns":5.0},{"damage":16.0,"enemies":"Snake Plant","floor":21.0,"turns":6.0},{"damage":20.0,"enemies":"Slavers","floor":23.0,"turns":5.0},{"damage":8.0,"enemies":"Sentry and Sphere","floor":25.0,"turns":4.0},{"damage":0.0,"enemies":"Cultist and Chosen","floor":30.0,"turns":4.0},{"damage":31.0,"enemies":"Champ","floor":33.0,"turns":10.0},{"damage":27.0,"enemies":"3 Darklings","floor":35.0,"turns":4.0},{"damage":28.0,"enemies":"3 Shapes","floor":37.0,"turns":5.0},{"damage":15.0,"enemies":"Maw","floor":38.0,"turns":9.0},{"damage":13.0,"enemies":"Transient","floor":41.0,"turns":5.0},{"damage":0.0,"enemies":"Mind Bloom Boss Battle","floor":45.0,"turns":10.0},{"damage":28.0,"enemies":"Giant Head","floor":47.0,"turns":7.0},{"damage":5.0,"enemies":"3 Darklings","floor":48.0,"turns":3.0},{"damage":19,"enemies":"Awakened One","floor":50,"turns":13}],"seed_played":"7534998484330188039","potions_obtained":[{"floor":1.0,"key":"ColorlessPotion"},{"floor":10.0,"key":"Weak Potion"},{"floor":13.0,"key":"SkillPotion"},{"floor":14.0,"key":"SteroidPotion"},{"floor":19.0,"key":"Dexterity Potion"},{"floor":23.0,"key":"DistilledChaos"},{"floor":25.0,"key":"PowerPotion"},{"floor":30.0,"key":"SneckoOil"},{"floor":41.0,"key":"Weak Potion"},{"floor":47.0,"key":"PowerPotion"}],"is_trial":false,"path_per_floor":["M","M","M","M","T","R","E","R","T","E","?","M","M","M","R","B",null,"M","M","M","M","$","E","T","M","T","R","?","R","M","$","R","B",null,"M","?","M","M","?","R","M","R","T","R","?","R","E","M","R","B",null],"character_chosen":"THE_SILENT","items_purchased":["Skewer+1","Well Laid Plans+1","Bronze Scales","Tools of the Trade+1","FossilizedHelix"],"campfire_rested":6,"item_purchase_floors":[22,22,22,31,31],"current_hp_per_floor":[43,43,43,35,35,35,17,17,17,13,13,13,12,11,30,18,54,48,45,45,29,29,9,9,1,1,20,20,20,20,20,39,13,53,31,48,20,5,5,24,11,30,30,30,35,35,7,7,26,7],"gold":213,"neow_bonus":"ONE_RARE_RELIC","is_daily":false,"chose_seed":false,"campfire_upgraded":5,"win_rate":0.0,"timestamp":1610516124,"path_taken":["M","M","M","M","?","R","E","R","T","E","?","M","M","M","R","BOSS","M","?","M","M","$","E","?","M","T","R","?","R","M","?","R","BOSS","M","?","M","M","?","R","M","R","T","R","?","R","E","M","R","BOSS"],"items_purchased_type":["Card","Card","Relic","Card","Relic"],"build_version":"2020-12-22","purchased_purges":2,"victory":true,"max_hp_per_floor":[66,66,66,66,66,66,66,66,66,66,66,66,66,66,66,66,66,66,66,66,66,66,66,66,66,66,66,66,66,66,66,66,66,66,66,66,66,66,66,66,66,66,66,66,66,66,66,66,66,66],"card_choices":[{"not_picked":["Blade Dance","Slice"],"picked":"Masterful Stab","floor":1.0},{"not_picked":["Prepared","Slice","Backstab"],"picked":"SKIP","floor":2.0},{"not_picked":["Prepared","Slice"],"picked":"Backstab","floor":2.0},{"not_picked":["Noxious Fumes","Terror"],"picked":"PiercingWail","floor":3.0},{"not_picked":["Prepared","Accuracy"],"picked":"Dagger Spray","floor":4.0},{"not_picked":["Underhanded Strike","Masterful Stab"],"picked":"Expertise","floor":7.0},{"not_picked":["Expertise","Outmaneuver"],"picked":"Cloak And Dagger","floor":10.0},{"not_picked":["Finisher+1","All Out Attack+1"],"picked":"Footwork+1","floor":12.0},{"not_picked":["Eviscerate+1","Cloak And Dagger"],"picked":"Riddle With Holes+1","floor":13.0},{"not_picked":["Acrobatics","Prepared"],"picked":"Sucker Punch+1","floor":14.0},{"not_picked":["Night Terror","Burst"],"picked":"Adrenaline","floor":16.0},{"not_picked":["Dagger Spray+1","Prepared"],"picked":"Concentrate","floor":18.0},{"not_picked":["Bane+1","Backstab+1"],"picked":"PiercingWail+1","floor":19.0},{"not_picked":["Crippling Poison","Bane+1"],"picked":"Outmaneuver","floor":20.0},{"not_picked":["Acrobatics","Prepared"],"picked":"Flying Knee+1","floor":21.0},{"not_picked":["Dash+1","Quick Slash+1"],"picked":"Setup","floor":23.0},{"not_picked":["Sucker Punch+1","Flying Knee+1"],"picked":"Quick Slash+1","floor":25.0},{"not_picked":["Cloak And Dagger","Eviscerate+1"],"picked":"Night Terror","floor":27.0},{"not_picked":["Dagger Spray+1","Blade Dance"],"picked":"Setup","floor":30.0},{"not_picked":["Glass Knife+1","Wraith Form v2+1"],"picked":"Malaise","floor":33.0},{"not_picked":["Distraction","Underhanded Strike+1"],"picked":"Calculated Gamble+1","floor":35.0},{"not_picked":["Poisoned Stab+1","Blade Dance"],"picked":"PiercingWail+1","floor":37.0},{"not_picked":["Choke+1","Poisoned Stab+1","Blur"],"picked":"SKIP","floor":38.0},{"not_picked":["Expertise","Dodge and Roll"],"picked":"Blade Dance+1","floor":40.0},{"not_picked":["Dagger Spray+1","Dodge and Roll","Choke+1"],"picked":"SKIP","floor":41.0},{"not_picked":["Finisher+1","Caltrops+1"],"picked":"Backflip+1","floor":45.0},{"not_picked":["Riddle With Holes+1","Concentrate"],"picked":"Deflect+1","floor":47.0},{"not_picked":["Sucker Punch+1","Deadly Poison"],"picked":"Underhanded Strike+1","floor":48.0}],"player_experience":421949,"relics_obtained":[{"floor":5.0,"key":"Frozen Egg 2"},{"floor":7.0,"key":"Pen Nib"},{"floor":9.0,"key":"War Paint"},{"floor":10.0,"key":"Molten Egg 2"},{"floor":23.0,"key":"Old Coin"},{"floor":24.0,"key":"Dream Catcher"},{"floor":26.0,"key":"Toy Ornithopter"},{"floor":43.0,"key":"Omamori"},{"floor":45.0,"key":"Tingsha"},{"floor":47.0,"key":"Paper Crane"}],"event_choices":[{"cards_removed":["Strike_G"],"damage_healed":0.0,"max_hp_gain":0.0,"max_hp_loss":0.0,"gold_gain":0.0,"event_name":"Purifier","player_choice":"Purged","floor":11.0,"gold_loss":0.0,"damage_taken":0.0},{"damage_healed":0.0,"max_hp_gain":0.0,"max_hp_loss":0.0,"gold_gain":0.0,"event_name":"The Mausoleum","player_choice":"Opened","floor":28.0,"gold_loss":0.0,"damage_taken":0.0,"relics_obtained":["Vajra"]},{"damage_healed":17.0,"max_hp_gain":0.0,"max_hp_loss":0.0,"gold_gain":0.0,"event_name":"Winding Halls","player_choice":"Writhe","floor":36.0,"gold_loss":0.0,"damage_taken":0.0,"cards_obtained":["Writhe"]},{"damage_healed":0.0,"max_hp_gain":0.0,"max_hp_loss":0.0,"gold_gain":0.0,"event_name":"Mysterious Sphere","player_choice":"Ignored","floor":39.0,"gold_loss":0.0,"damage_taken":0.0},{"damage_healed":0.0,"max_hp_gain":0.0,"max_hp_loss":0.0,"gold_gain":0.0,"event_name":"MindBloom","player_choice":"Fight","floor":45.0,"gold_loss":0.0,"damage_taken":0.0}],"is_beta":false,"boss_relics":[{"not_picked":["Snecko Eye","Tiny House"],"picked":"Ring of the Serpent"},{"not_picked":["Velvet Choker","WristBlade"],"picked":"Pandora\u0027s Box"}],"items_purged_floors":[22,31],"is_endless":false,"potions_floor_spawned":[1,10,13,14,19,23,25,30,41,47],"ascension_level":14}}