{"host":"fnk117zi8wf5078t","time":1610555356,"event":{"mods":["AchievementEnabler","BaseMod","Colored Map","Minty Spire (QoL Compilation)","Rare Cards Sparkle","SuperFastMode","everything is the same but u backflip on backflip"],"gold_per_floor":[119,269,23,42,42,42,70,70,70,83,83,95,110,122,122,196,196,207,207,207],"floor_reached":19,"language":"KOR","playtime":622,"items_purged":["Doubt"],"score":318,"play_id":"87f0dcf4-8421-4b1a-87b9-4fa8e5b1b83f","local_time":"20210114012916","is_ascension_mode":true,"campfire_choices":[{"data":"Berserk","floor":6,"key":"SMITH"},{"floor":8,"key":"REST"},{"data":"Armaments","floor":15,"key":"SMITH"}],"circlet_count":0,"master_deck":["AscendersBane","Strike_R","Strike_R","Strike_R","Strike_R","Strike_R","Defend_R","Defend_R","Defend_R","Defend_R","Bash","Berserk+1","Sword Boomerang","Evolve","Limit Break+1","Brutality","Sever Soul","Combust","Immolate","Armaments+1","Disarm","Offering","Pummel"],"relics":["Burning Blood","Orrery","Odd Mushroom","Pocketwatch","Runic Dome"],"acts_visited":["Exordium","TheCity"],"potions_floor_usage":[16,16],"damage_taken":[{"damage":15,"enemies":"Small Slimes","floor":1,"turns":5},{"damage":6,"enemies":"2 Louse","floor":4,"turns":4},{"damage":32,"enemies":"The Mushroom Lair","floor":7,"turns":4},{"damage":11,"enemies":"Jaw Worm","floor":10,"turns":3},{"damage":14,"enemies":"Blue Slaver","floor":12,"turns":4},{"damage":1,"enemies":"2 Fungi Beasts","floor":13,"turns":2},{"damage":12,"enemies":"3 Louse","floor":14,"turns":3},{"damage":48,"enemies":"Hexaghost","floor":16,"turns":9},{"damage":35,"enemies":"Spheric Guardian","floor":18,"turns":4},{"damage":34,"enemies":"Masked Bandits","floor":19,"turns":2}],"seed_played":"-3502830992707788502","potions_obtained":[{"floor":1,"key":"EssenceOfSteel"},{"floor":12,"key":"AttackPotion"},{"floor":13,"key":"BloodPotion"}],"is_trial":false,"path_per_floor":["M","?","$","M","?","R","?","R","T","M","$","M","M","M","R","B",null,"M","?"],"character_chosen":"IRONCLAD","items_purchased":["Orrery"],"campfire_rested":1,"item_purchase_floors":[3],"current_hp_per_floor":[59,59,59,59,59,59,33,55,55,50,50,42,47,41,41,14,60,31,0,0],"gold":207,"neow_bonus":"ONE_RANDOM_RARE_CARD","is_daily":false,"chose_seed":false,"campfire_upgraded":2,"win_rate":0.0,"timestamp":1610555356,"path_taken":["M","?","$","M","?","R","?","R","T","M","?","?","M","M","R","BOSS","M","?"],"items_purchased_type":["Relic"],"build_version":"2020-12-22","purchased_purges":1,"victory":false,"max_hp_per_floor":[75,75,75,75,75,75,75,75,75,75,75,75,75,75,75,75,75,75,75,75],"card_choices":[{"not_picked":["Dark Embrace","Heavy Blade"],"picked":"Sword Boomerang","floor":1},{"not_picked":["Twin Strike","Flex"],"picked":"Evolve","floor":3},{"not_picked":["Pummel","Flex"],"picked":"Limit Break","floor":3},{"not_picked":["Headbutt","Twin Strike"],"picked":"Brutality","floor":3},{"not_picked":["Blood for Blood","Rampage"],"picked":"Sever Soul","floor":3},{"not_picked":["Thunderclap","Clash"],"picked":"Combust","floor":4},{"not_picked":["Combust","Infernal Blade"],"picked":"Immolate","floor":7},{"not_picked":["Searing Blow","Clothesline"],"picked":"Armaments","floor":10},{"not_picked":["Twin Strike","Combust"],"picked":"Disarm","floor":12},{"not_picked":["Twin Strike","Shrug It Off","Wild Strike"],"picked":"SKIP","floor":13},{"not_picked":["Sword Boomerang","Twin Strike","Anger"],"picked":"SKIP","floor":14},{"not_picked":["Bludgeon","Immolate"],"picked":"Offering","floor":16},{"not_picked":["Armaments","Battle Trance"],"picked":"Pummel","floor":18}],"player_experience":393719,"relics_obtained":[{"floor":7,"key":"Odd Mushroom"},{"floor":9,"key":"Pocketwatch"}],"event_choices":[{"damage_healed":0,"gold_gain":150,"player_choice":"AGREE","damage_taken":0,"max_hp_gain":0,"max_hp_loss":0,"event_name":"Liars Game","floor":2,"gold_loss":0,"cards_obtained":["Doubt"]},{"damage_healed":0,"gold_gain":0,"player_choice":"Grow","damage_taken":0,"max_hp_gain":0,"max_hp_loss":0,"event_name":"Living Wall","floor":5,"gold_loss":0,"cards_upgraded":["Limit Break"]},{"damage_healed":0,"gold_gain":0,"player_choice":"Fought Mushrooms","damage_taken":0,"max_hp_gain":0,"max_hp_loss":0,"event_name":"Mushrooms","floor":7,"gold_loss":0},{"damage_healed":0,"gold_gain":0,"player_choice":"Fought Bandits","damage_taken":0,"max_hp_gain":0,"max_hp_loss":0,"event_name":"Masked Bandits","floor":19,"gold_loss":0}],"is_beta":false,"boss_relics":[{"not_picked":["Mark of Pain","Ectoplasm"],"picked":"Runic Dome"}],"items_purged_floors":[3],"is_endless":false,"potions_floor_spawned":[1,12,13],"killed_by":"Masked Bandits","ascension_level":20}}