{"host":"f5n4tidiz2n5sooh","time":1610528128,"event":{"mods":["BaseMod","Colored Map","Minty Spire (QoL Compilation)","Relic Stats","Slay the Relics Exporter","StSLib"],"gold_per_floor":[118,129,145,8,8,34,48,81,107,107,107,135,135,164,164,164,164],"floor_reached":16,"language":"ENG","playtime":567,"items_purged":[],"score":256,"play_id":"3c1cef81-1012-4406-938c-94e964813292","local_time":"20210113025528","is_ascension_mode":true,"campfire_choices":[{"floor":11,"key":"REST"},{"floor":13,"key":"REST"},{"data":"Carnage","floor":15,"key":"SMITH"}],"circlet_count":0,"master_deck":["AscendersBane","Strike_R","Strike_R","Strike_R","Strike_R","Strike_R","Defend_R+1","Defend_R","Defend_R+1","Defend_R","Bash","CurseOfTheBell","Perfected Strike","Iron Wave","Thunderclap","Double Tap","Carnage+1"],"relics":["Calling Bell","Strawberry","Eternal Feather","Torii","Matryoshka","Toy Ornithopter","War Paint","White Beast Statue","Blue Candle"],"acts_visited":["Exordium"],"potions_floor_usage":[14,16],"damage_taken":[{"damage":6.0,"enemies":"Cultist","floor":1.0,"turns":3.0},{"damage":12.0,"enemies":"Jaw Worm","floor":2.0,"turns":3.0},{"damage":0.0,"enemies":"2 Louse","floor":3.0,"turns":2.0},{"damage":31.0,"enemies":"Gremlin Nob","floor":6.0,"turns":4.0},{"damage":12.0,"enemies":"Gremlin Gang","floor":7.0,"turns":4.0},{"damage":18.0,"enemies":"Lagavulin","floor":8.0,"turns":7.0},{"damage":33,"enemies":"3 Sentries","floor":12,"turns":11},{"damage":25,"enemies":"Lagavulin","floor":14,"turns":6},{"damage":32,"enemies":"The Guardian","floor":16,"turns":11}],"seed_played":"-4035090907956247628","potions_obtained":[{"floor":6.0,"key":"Weak Potion"},{"floor":7.0,"key":"HeartOfIron"},{"floor":8,"key":"SteroidPotion"},{"floor":14,"key":"Weak Potion"}],"is_trial":false,"path_per_floor":["M","M","M","$","?","E","M","E","T","?","R","E","R","E","R","B"],"character_chosen":"IRONCLAD","items_purchased":["LiquidMemories","PowerPotion"],"campfire_rested":2,"item_purchase_floors":[4,4],"current_hp_per_floor":[69,57,57,57,62,31,19,1,1,1,36,3,38,18,27,0,0],"gold":164,"neow_bonus":"BOSS_RELIC","is_daily":false,"chose_seed":false,"campfire_upgraded":1,"win_rate":0.0,"timestamp":1610528128,"path_taken":["M","?","M","$","?","E","M","E","T","?","R","E","R","E","R","BOSS"],"items_purchased_type":["Potion","Potion"],"build_version":"2020-12-22","purchased_purges":0,"victory":false,"max_hp_per_floor":[82,82,82,82,87,87,87,87,87,87,87,87,87,87,87,87,87],"relic_stats":{"Torii":30,"counters":[9,51],"Blue Candle":[1],"Eternal Feather":27,"War Paint":["Defend_R","Defend_R"],"obtain_stats":[{"Calling Bell":0,"Matryoshka":6,"Torii":0,"Strawberry":0,"Blue Candle":14,"Eternal Feather":0,"War Paint":9,"Burning Blood":0,"Toy Ornithopter":9,"White Beast Statue":12},{"Calling Bell":0,"Matryoshka":4,"Torii":0,"Strawberry":0,"Blue Candle":8,"Eternal Feather":0,"War Paint":6,"Burning Blood":0,"Toy Ornithopter":6,"White Beast Statue":7},{"Calling Bell":0,"Matryoshka":12,"Torii":0,"Strawberry":0,"Blue Candle":40,"Eternal Feather":0,"War Paint":23,"Burning Blood":0,"Toy Ornithopter":23,"White Beast Statue":34}],"Toy Ornithopter":10},"card_choices":[{"not_picked":["Dropkick","Ghostly Armor"],"picked":"Perfected Strike","floor":1.0},{"not_picked":["Sever Soul","Ghostly Armor"],"picked":"Iron Wave","floor":2.0},{"not_picked":["Heavy Blade","Armaments","Searing Blow"],"picked":"SKIP","floor":3.0},{"not_picked":["Wild Strike","Sword Boomerang"],"picked":"Thunderclap","floor":6.0},{"not_picked":["Dark Embrace","Metallicize","Wild Strike"],"picked":"SKIP","floor":7.0},{"not_picked":["Dropkick","Iron Wave"],"picked":"Double Tap","floor":8},{"not_picked":["Thunderclap","Wild Strike"],"picked":"Carnage","floor":12},{"not_picked":["Twin Strike","Hemokinesis","Heavy Blade"],"picked":"SKIP","floor":14}],"player_experience":2002848,"relics_obtained":[{"floor":0.0,"key":"Strawberry"},{"floor":0.0,"key":"Eternal Feather"},{"floor":0.0,"key":"Torii"},{"floor":6.0,"key":"Matryoshka"},{"floor":9,"key":"Toy Ornithopter"},{"floor":9,"key":"War Paint"},{"floor":12,"key":"White Beast Statue"},{"floor":14,"key":"Blue Candle"}],"event_choices":[{"damage_healed":0.0,"max_hp_gain":5.0,"max_hp_loss":0.0,"gold_gain":0.0,"event_name":"Big Fish","player_choice":"Donut","floor":5.0,"gold_loss":0.0,"damage_taken":0.0},{"damage_healed":0,"gold_gain":0,"player_choice":"Ignored","damage_taken":0,"max_hp_gain":0,"max_hp_loss":0,"event_name":"Golden Wing","floor":10,"gold_loss":0}],"is_beta":false,"boss_relics":[],"items_purged_floors":[],"is_endless":false,"potions_floor_spawned":[6,7,8,14],"killed_by":"The Guardian","ascension_level":20}}