{"host":"6jrnojxwearbrjzo","time":1610558297,"event":{"mods":["BaseMod","Colored Map","Conspire","Highlight Path","Minty Spire (QoL Compilation)","Quick Restart","Replay The Spire","Shop Mod","Spicy Shops","StSLib","The Servant 0.9.4"],"gold_per_floor":[117,117,117,137,149,174,174,193,193,42,53,18,134,153,153,252,252,272,285,1,16,16,16,16,47,47,47,47],"floor_reached":27,"language":"ZHS","playtime":964,"items_purged":["Strike_R","Strike_R"],"score":284,"play_id":"a2be4731-e19a-4e18-9d93-53d143eafc39","local_time":"20210114011817","is_ascension_mode":true,"campfire_choices":[{"floor":7,"key":"REST"},{"floor":15,"key":"REST"},{"data":"Replay:Undeath\u0027s Touch","floor":23,"key":"SMITH"}],"circlet_count":0,"master_deck":["Strike_R","Defend_R","Bash","Flex","Replay:Undeath\u0027s Touch+1","Demonic Infusion+1","Spot Weakness+1","Burning Pact+1","Inflame","Infernal Blade+1","Uppercut","Exhume+1","conspire:Purge+1","Intimidate+1","Feel No Pain","Armaments+1","Spreading Infection","Rage+1"],"relics":["Calling Bell","Orichalcum","Matryoshka","Calipers","Toxic Egg 2","Boot","Incense Burner","Smiling Mask","Gremlin Horn","Astrolabe","King of Hearts","ReplayTheSpireMod:TigerMarble","Ring of Fury","Ring of Panic","Nloth\u0027s Gift","Lantern","HornCleat"],"acts_visited":["Exordium","TheCity"],"potions_floor_usage":[16,16,18,21,21],"damage_taken":[{"damage":9,"enemies":"2 Louse","floor":1,"turns":2},{"damage":4,"enemies":"Small Slimes","floor":4,"turns":3},{"damage":6,"enemies":"Jaw Worm","floor":5,"turns":3},{"damage":56,"enemies":"Lagavulin","floor":6,"turns":9},{"damage":11,"enemies":"2 Fungi Beasts","floor":8,"turns":4},{"damage":8,"enemies":"3 Louse","floor":11,"turns":4},{"damage":5,"enemies":"Exordium Thugs","floor":14,"turns":2},{"damage":19,"enemies":"The Guardian","floor":16,"turns":6},{"damage":5,"enemies":"Spheric Guardian","floor":18,"turns":3},{"damage":15,"enemies":"Shell Parasite","floor":19,"turns":5},{"damage":5,"enemies":"Cultist and Chosen","floor":21,"turns":5},{"damage":50,"enemies":"Slavers","floor":25,"turns":6},{"damage":5,"enemies":"Book of Stabbing","floor":27,"turns":1}],"seed_played":"-5555654679153132120","potions_obtained":[{"floor":4,"key":"Dexterity Potion"},{"floor":11,"key":"GamblersBrew"},{"floor":14,"key":"Energy Potion"},{"floor":16,"key":"Energy Potion"},{"floor":18,"key":"Swift Potion"}],"is_trial":false,"path_per_floor":["M","?","?","M","M","E","R","M","T","$","M","?","?","M","R","B",null,"M","M","$","M","?","R","?","E","T","E"],"character_chosen":"IRONCLAD","items_purchased":["Dream Catcher","King of Hearts","ReplayTheSpireMod:TigerMarble"],"campfire_rested":2,"item_purchase_floors":[10,20,20],"current_hp_per_floor":[71,71,71,67,61,5,29,18,18,18,10,30,10,5,29,10,80,75,60,60,55,55,55,55,5,5,0,0],"gold":47,"neow_bonus":"BOSS_RELIC","is_daily":false,"chose_seed":false,"campfire_upgraded":1,"win_rate":0.0,"timestamp":1610558297,"path_taken":["M","?","?","?","M","E","R","M","T","$","M","?","?","?","R","BOSS","M","M","$","M","?","R","?","E","T","E"],"items_purchased_type":["Relic","Relic","Relic"],"build_version":"2020-12-22","purchased_purges":2,"victory":false,"max_hp_per_floor":[80,80,80,80,80,80,80,80,80,80,80,80,80,80,80,80,80,80,80,80,80,80,80,80,80,80,80,80],"card_choices":[{"not_picked":["Wild Strike","Perfected Strike"],"picked":"Flex","floor":1},{"not_picked":["Iron Wave","Havoc","Evolve"],"picked":"SKIP","floor":4},{"not_picked":["Armaments","Perfected Strike"],"picked":"Replay:Undeath\u0027s Touch","floor":5},{"not_picked":["Combust","Rage+1"],"picked":"Demonic Infusion+1","floor":6},{"not_picked":["Headbutt","Thunderclap"],"picked":"Spot Weakness+1","floor":8},{"not_picked":["Headbutt","Hemokinesis"],"picked":"Burning Pact+1","floor":11},{"not_picked":["Sword Boomerang","Fiend Fire"],"picked":"Inflame","floor":13},{"not_picked":["Wild Strike","Ghostly Armor+1"],"picked":"Infernal Blade+1","floor":13},{"not_picked":["Run Through","Warcry+1","Flex+1"],"picked":"SKIP","floor":14},{"not_picked":["Dark Embrace","Pommel Strike"],"picked":"Uppercut","floor":15},{"not_picked":["Immolate","Juggernaut"],"picked":"Exhume+1","floor":16},{"not_picked":["ReplayTheSpireMod:LeadingStrike","Warcry+1","Wild Strike"],"picked":"SKIP","floor":18},{"not_picked":["Dark Embrace","Twin Strike"],"picked":"Feel No Pain","floor":19},{"not_picked":["Cleave","Replay:Undeath\u0027s Touch"],"picked":"Armaments+1","floor":21},{"not_picked":["Clothesline+1","Shrug It Off+1"],"picked":"Rage+1","floor":25}],"player_experience":61819,"relics_obtained":[{"floor":0,"key":"Orichalcum"},{"floor":0,"key":"Matryoshka"},{"floor":0,"key":"Calipers"},{"floor":6,"key":"Toxic Egg 2"},{"floor":9,"key":"Boot"},{"floor":9,"key":"Incense Burner"},{"floor":13,"key":"Smiling Mask"},{"floor":13,"key":"Gremlin Horn"},{"floor":22,"key":"Ring of Fury"},{"floor":22,"key":"Ring of Panic"},{"floor":25,"key":"Lantern"},{"floor":26,"key":"HornCleat"}],"event_choices":[{"cards_removed":["Defend_R"],"damage_healed":0,"gold_gain":0,"player_choice":"Forget","damage_taken":0,"max_hp_gain":0,"max_hp_loss":0,"event_name":"Living Wall","floor":2,"gold_loss":0},{"damage_healed":20,"gold_gain":0,"player_choice":"Healed","damage_taken":0,"max_hp_gain":0,"max_hp_loss":0,"event_name":"The Cleric","floor":12,"gold_loss":35},{"damage_healed":0,"gold_gain":0,"player_choice":"Traded Relic","damage_taken":0,"relics_obtained":["Nloth\u0027s Gift"],"max_hp_gain":0,"max_hp_loss":0,"event_name":"N\u0027loth","floor":24,"relics_lost":["Dream Catcher"],"gold_loss":0}],"is_beta":false,"boss_relics":[{"not_picked":["Mark of Pain","Replay:Grab Bag"],"picked":"Astrolabe"}],"items_purged_floors":[10,20],"is_endless":false,"potions_floor_spawned":[4,11,14,16,18],"killed_by":"Book of Stabbing","ascension_level":2}}