{"host":"s41rn2jhghpwfrvz","time":1610519541,"event":{"mods":["BaseMod","Minty Spire (QoL Compilation)","Quick Restart","Relic Stats","SuperFastMode"],"gold_per_floor":[109,119,44,54,72,104,117,149,149,149,182,182,213,223,223,302,302,319,219,229,179,197,197,222,222,222,251,261,273,301,317,317,388,388,399,399,418,431,443,443,470,470,470,139,166,183,220,239,239,239,239,239,239,81,118,118],"floor_reached":57,"language":"ENG","playtime":1562,"items_purged":["Beam Cell","Hologram"],"score":3872,"play_id":"f1b22316-9d96-487f-8ed8-96a6ca0dec16","local_time":"20210113083221","daily_mods":["SealedDeck","Vintage","Diverse"],"is_ascension_mode":true,"campfire_choices":[{"data":"Acrobatics","floor":10,"key":"SMITH"},{"data":"Coolheaded","floor":12,"key":"SMITH"},{"data":"Wallop","floor":15,"key":"SMITH"},{"floor":23,"key":"RECALL"},{"floor":25,"key":"DIG"},{"floor":32,"key":"DIG"},{"data":"Turbo","floor":40,"key":"PURGE"},{"floor":42,"key":"DIG"},{"data":"Go for the Eyes","floor":49,"key":"PURGE"},{"floor":53,"key":"DIG"}],"circlet_count":0,"master_deck":["AscendersBane","Beam Cell","Wallop+1","Coolheaded+1","Ghostly Armor+1","Acrobatics+1","Gash","Backflip+1","Body Slam+1","Echo Form","Echo Form"],"relics":["Burning Blood","StrikeDummy","HornCleat","Ancient Tea Set","Paper Frog","Du-Vu Doll","Blue Candle","CaptainsWheel","InkBottle","Tiny Chest","Shovel","Red Skull","Coffee Dripper","Molten Egg 2","Juzu Bracelet","Ornamental Fan","Anchor","White Beast Statue","Question Card","CeramicFish","Vajra","Regal Pillow","Eternal Feather","Calling Bell","PreservedInsect","Matryoshka","Peace Pipe","Bronze Scales","Gremlin Horn","Happy Flower","Sundial","Mummified Hand","Orichalcum","Omamori","Oddly Smooth Stone","Ice Cream","Champion Belt","Blood Vial","Ginger","MealTicket","Letter Opener","Bag of Preparation","War Paint"],"acts_visited":["Exordium","TheCity","TheBeyond","TheEnding"],"potions_floor_usage":[56,56],"damage_taken":[{"damage":0,"enemies":"Cultist","floor":1,"turns":3},{"damage":0,"enemies":"Small Slimes","floor":2,"turns":3},{"damage":0,"enemies":"Jaw Worm","floor":4,"turns":4},{"damage":0,"enemies":"Red Slaver","floor":5,"turns":4},{"damage":0,"enemies":"Lagavulin","floor":6,"turns":4},{"damage":0,"enemies":"2 Fungi Beasts","floor":7,"turns":3},{"damage":2,"enemies":"Gremlin Nob","floor":8,"turns":4},{"damage":0,"enemies":"3 Sentries","floor":11,"turns":6},{"damage":0,"enemies":"Gremlin Nob","floor":13,"turns":2},{"damage":0,"enemies":"Blue Slaver","floor":14,"turns":2},{"damage":0,"enemies":"The Guardian","floor":16,"turns":6},{"damage":0,"enemies":"3 Byrds","floor":18,"turns":4},{"damage":0,"enemies":"Shell Parasite","floor":20,"turns":2},{"damage":0,"enemies":"Centurion and Healer","floor":22,"turns":3},{"damage":0,"enemies":"Gremlin Leader","floor":24,"turns":3},{"damage":0,"enemies":"Slavers","floor":27,"turns":2},{"damage":0,"enemies":"3 Cultists","floor":28,"turns":1},{"damage":0,"enemies":"Snecko","floor":29,"turns":2},{"damage":0,"enemies":"Gremlin Leader","floor":30,"turns":3},{"damage":0,"enemies":"Snake Plant","floor":31,"turns":2},{"damage":0,"enemies":"Collector","floor":33,"turns":3},{"damage":0,"enemies":"3 Shapes","floor":35,"turns":3},{"damage":0,"enemies":"Orb Walker","floor":37,"turns":1},{"damage":0,"enemies":"4 Shapes","floor":38,"turns":1},{"damage":0,"enemies":"Jaw Worm Horde","floor":39,"turns":1},{"damage":0,"enemies":"Nemesis","floor":41,"turns":1},{"damage":0,"enemies":"Giant Head","floor":45,"turns":1},{"damage":0,"enemies":"3 Darklings","floor":46,"turns":1},{"damage":0,"enemies":"Nemesis","floor":47,"turns":3},{"damage":0,"enemies":"Spire Growth","floor":48,"turns":2},{"damage":0,"enemies":"Awakened One","floor":50,"turns":2},{"damage":0,"enemies":"Donu and Deca","floor":51,"turns":1},{"damage":0,"enemies":"Shield and Spear","floor":55,"turns":1},{"damage":43,"enemies":"The Heart","floor":56,"turns":6}],"seed_played":"-5567344596183127273","potions_obtained":[{"floor":1,"key":"FearPotion"},{"floor":7,"key":"Swift Potion"},{"floor":16,"key":"Fire Potion"},{"floor":35,"key":"Ancient Potion"},{"floor":47,"key":"Dexterity Potion"}],"is_trial":true,"path_per_floor":["M","M","$","M","M","E","M","E","T","R","E","R","E","M","R","B",null,"M","$","M","?","M","R","E","R","T","E","M","M","E","M","R","B",null,"M","$","M","M","M","R","E","R","T","$","E","M","E","M","R","B","B",null,"R","$","E","B",null],"character_chosen":"IRONCLAD","items_purchased":["Ice Cream","Bag of Preparation"],"campfire_rested":0,"item_purchase_floors":[44,54],"current_hp_per_floor":[74,75,75,75,75,75,75,75,75,75,75,75,75,75,75,75,75,75,75,75,75,75,75,75,75,75,75,75,75,75,75,75,75,75,75,75,75,75,75,75,75,75,75,75,75,75,75,75,75,75,75,75,75,75,75,38],"gold":118,"neow_bonus":"","is_daily":false,"chose_seed":false,"campfire_upgraded":3,"win_rate":0.0,"timestamp":1610519541,"path_taken":["M","M","$","M","M","E","M","E","T","R","E","R","E","M","R","BOSS","M","$","M","?","M","R","E","R","T","E","M","M","E","M","R","BOSS","M","$","M","M","M","R","E","R","T","$","E","M","E","M","R","BOSS","BOSS","R","$","E","BOSS"],"items_purchased_type":["Relic","Relic"],"build_version":"2020-12-22","purchased_purges":2,"victory":true,"max_hp_per_floor":[75,75,75,75,75,75,75,75,75,75,75,75,75,75,75,75,75,75,75,75,75,75,75,75,75,75,75,75,75,75,75,75,75,75,75,75,75,75,75,75,75,75,75,75,75,75,75,75,75,75,75,75,75,75,75,75],"relic_stats":{"Regal Pillow":0,"Gremlin Horn":[12,12],"CeramicFish":18,"Juzu Bracelet":1,"Bag of Preparation":[4],"Ginger":[2],"Burning Blood":15,"Blood Vial":0,"Shovel":4,"Sundial":[54],"Mummified Hand":[6],"Tiny Chest":0,"MealTicket":0,"InkBottle":[59],"Happy Flower":[6],"counters":[34,90],"Blue Candle":[0],"Eternal Feather":0,"PreservedInsect":307,"Letter Opener":[45],"Orichalcum":[0],"War Paint":["Ghostly Armor"],"Question Card":7,"Peace Pipe":3,"Ornamental Fan":[352],"Bronze Scales":[105],"Champion Belt":[44],"obtain_stats":[{"Ice Cream":44,"Regal Pillow":31,"Gremlin Horn":37,"CeramicFish":29,"Vajra":30,"Juzu Bracelet":20,"Bag of Preparation":54,"Ginger":47,"Ancient Tea Set":4,"Burning Blood":0,"Blood Vial":46,"HornCleat":2,"Shovel":13,"Matryoshka":34,"Sundial":39,"Mummified Hand":41,"Tiny Chest":11,"MealTicket":48,"InkBottle":9,"Red Skull":14,"Paper Frog":5,"Happy Flower":38,"Blue Candle":7,"Oddly Smooth Stone":43,"Eternal Feather":32,"PreservedInsect":34,"Omamori":43,"Letter Opener":53,"Orichalcum":42,"War Paint":55,"Question Card":28,"White Beast Statue":25,"Du-Vu Doll":6,"Calling Bell":34,"Peace Pipe":34,"CaptainsWheel":8,"Anchor":24,"Ornamental Fan":22,"Bronze Scales":35,"Molten Egg 2":18,"Coffee Dripper":17,"Champion Belt":45,"StrikeDummy":1},{"Ice Cream":26,"Regal Pillow":20,"Gremlin Horn":23,"CeramicFish":18,"Vajra":19,"Juzu Bracelet":13,"Bag of Preparation":32,"Ginger":29,"Ancient Tea Set":3,"Burning Blood":0,"Blood Vial":28,"HornCleat":2,"Shovel":9,"Matryoshka":21,"Sundial":25,"Mummified Hand":26,"Tiny Chest":8,"MealTicket":30,"InkBottle":7,"Red Skull":10,"Paper Frog":4,"Happy Flower":24,"Blue Candle":6,"Oddly Smooth Stone":26,"Eternal Feather":20,"PreservedInsect":21,"Omamori":26,"Letter Opener":32,"Orichalcum":26,"War Paint":33,"Question Card":17,"White Beast Statue":15,"Du-Vu Doll":5,"Calling Bell":21,"Peace Pipe":21,"CaptainsWheel":7,"Anchor":15,"Ornamental Fan":14,"Bronze Scales":22,"Molten Egg 2":12,"Coffee Dripper":11,"Champion Belt":27,"StrikeDummy":1},{"Ice Cream":73,"Regal Pillow":63,"Gremlin Horn":70,"CeramicFish":58,"Vajra":61,"Juzu Bracelet":47,"Bag of Preparation":83,"Ginger":78,"Ancient Tea Set":10,"Burning Blood":0,"Blood Vial":75,"HornCleat":6,"Shovel":33,"Matryoshka":66,"Sundial":72,"Mummified Hand":73,"Tiny Chest":31,"MealTicket":80,"InkBottle":25,"Red Skull":35,"Paper Frog":14,"Happy Flower":71,"Blue Candle":21,"Oddly Smooth Stone":73,"Eternal Feather":63,"PreservedInsect":66,"Omamori":73,"Letter Opener":83,"Orichalcum":73,"War Paint":84,"Question Card":56,"White Beast Statue":53,"Du-Vu Doll":18,"Calling Bell":66,"Peace Pipe":66,"CaptainsWheel":25,"Anchor":53,"Ornamental Fan":50,"Bronze Scales":69,"Molten Egg 2":45,"Coffee Dripper":41,"Champion Belt":74,"StrikeDummy":3}]},"card_choices":[{"not_picked":["Sunder","Auto Shields","Stack"],"picked":"SKIP","floor":6},{"not_picked":["Slice","Ball Lightning"],"picked":"Backflip","floor":8},{"not_picked":["Prostrate","Poisoned Stab","Barrage"],"picked":"SKIP","floor":11},{"not_picked":["Collect","Dual Wield","ForeignInfluence"],"picked":"SKIP","floor":13},{"not_picked":["WreathOfFlame","Crippling Poison"],"picked":"Body Slam+1","floor":24},{"not_picked":["Crescendo","Fiend Fire+1","Backflip"],"picked":"SKIP","floor":27},{"not_picked":["Berserk","Disarm","Coolheaded","ForeignInfluence"],"picked":"SKIP","floor":30},{"not_picked":["Glacier","Blood for Blood+1","WindmillStrike+1","Crippling Poison+1"],"picked":"SKIP","floor":41},{"not_picked":["Glacier","Blood for Blood+1","WindmillStrike+1","Crippling Poison+1"],"picked":"SKIP","floor":41},{"not_picked":["Wild Strike+1","Scrape+1","Concentrate","Protect+1"],"picked":"SKIP","floor":45},{"not_picked":["Underhanded Strike+1","Echo Form","SashWhip+1","InnerPeace"],"picked":"SKIP","floor":47},{"not_picked":["Underhanded Strike+1","SashWhip+1","InnerPeace"],"picked":"Echo Form","floor":47},{"not_picked":["MentalFortress","Study","Clothesline+1"],"picked":"Echo Form","floor":55}],"player_experience":1720043,"relics_obtained":[{"floor":1,"key":"StrikeDummy"},{"floor":2,"key":"HornCleat"},{"floor":4,"key":"Ancient Tea Set"},{"floor":5,"key":"Paper Frog"},{"floor":6,"key":"Du-Vu Doll"},{"floor":7,"key":"Blue Candle"},{"floor":8,"key":"CaptainsWheel"},{"floor":9,"key":"InkBottle"},{"floor":11,"key":"Tiny Chest"},{"floor":13,"key":"Shovel"},{"floor":14,"key":"Red Skull"},{"floor":18,"key":"Molten Egg 2"},{"floor":20,"key":"Juzu Bracelet"},{"floor":22,"key":"Ornamental Fan"},{"floor":24,"key":"Anchor"},{"floor":25,"key":"White Beast Statue"},{"floor":28,"key":"Question Card"},{"floor":29,"key":"CeramicFish"},{"floor":30,"key":"Vajra"},{"floor":31,"key":"Regal Pillow"},{"floor":32,"key":"Eternal Feather"},{"floor":34,"key":"PreservedInsect"},{"floor":34,"key":"Matryoshka"},{"floor":34,"key":"Peace Pipe"},{"floor":35,"key":"Bronze Scales"},{"floor":37,"key":"Gremlin Horn"},{"floor":38,"key":"Happy Flower"},{"floor":39,"key":"Sundial"},{"floor":41,"key":"Mummified Hand"},{"floor":42,"key":"Orichalcum"},{"floor":43,"key":"Omamori"},{"floor":43,"key":"Oddly Smooth Stone"},{"floor":45,"key":"Champion Belt"},{"floor":46,"key":"Blood Vial"},{"floor":47,"key":"Ginger"},{"floor":48,"key":"MealTicket"},{"floor":53,"key":"Letter Opener"},{"floor":55,"key":"War Paint"}],"event_choices":[{"damage_healed":0,"gold_gain":0,"player_choice":"Upgrade","damage_taken":0,"max_hp_gain":0,"max_hp_loss":0,"event_name":"Designer","floor":21,"gold_loss":50,"cards_upgraded":["Backflip"]}],"is_beta":false,"boss_relics":[{"not_picked":["Snecko Eye","Empty Cage"],"picked":"Coffee Dripper"},{"not_picked":["Black Blood","Cursed Key"],"picked":"Calling Bell"}],"items_purged_floors":[3,19],"is_endless":false,"potions_floor_spawned":[1,7,11,13,16,24,27,28,29,30,31,33,35,37,38,39,41,45,46,47,48,55],"ascension_level":20}}