{"host":"qxeepl7ydvsgmfdb","time":1610549608,"event":{"mods":["AchievementEnabler","BaseMod","Colored Powertips","Minty Spire (QoL Compilation)","Quick Restart","slay the spire mod where everything is the same but ironclad has a cowboy hat"],"gold_per_floor":[119,134,134,182,182,182,215,215,215,234,245,273,273,285,285,384,384,403,403,35,35,53,84,84,112,112,112,112,123,155,168,168,270,270,283,303,403,155,155,155,180,197,224,224,234,109,109,58,58,58,58],"floor_reached":50,"language":"ENG","playtime":1302,"items_purged":["Regret","Writhe","Writhe"],"score":828,"play_id":"ecc1eac3-14ec-4c2d-ae9b-f75dda7adf96","local_time":"20210113095328","is_ascension_mode":true,"campfire_choices":[{"data":"Corpse Explosion","floor":6,"key":"SMITH"},{"data":"Noxious Fumes","floor":8,"key":"SMITH"},{"floor":13,"key":"REST"},{"data":"Backstab","floor":15,"key":"SMITH"},{"floor":24,"key":"REST"},{"floor":32,"key":"REST"},{"data":"Envenom","floor":40,"key":"SMITH"},{"data":"Phantasmal Killer","floor":44,"key":"SMITH"},{"data":"Noxious Fumes","floor":49,"key":"SMITH"}],"circlet_count":0,"master_deck":["Strike_G","Strike_G","Strike_G","Strike_G","Defend_G","Defend_G","Defend_G","Defend_G","Defend_G","Survivor","Neutralize","Blade Dance","Corpse Explosion+1","Noxious Fumes+1","Backstab+1","Slice","Envenom+1","Poisoned Stab+1","Poisoned Stab","Noxious Fumes+1","Poisoned Stab","Blade Dance","Footwork","Phantasmal Killer+1","CurseOfTheBell"],"relics":["Ring of the Snake","NeowsBlessing","Paper Crane","Bag of Marbles","Sundial","White Beast Statue","Ninja Scroll","SacredBark","Pen Nib","PreservedInsect","Happy Flower","Mercury Hourglass","Oddly Smooth Stone","Dream Catcher","Lizard Tail","Orichalcum","Calling Bell","Vajra","Kunai","Ice Cream","Toy Ornithopter","Centennial Puzzle","Potion Belt"],"acts_visited":["Exordium","TheCity","TheBeyond"],"potions_floor_usage":[25,29,30,33,36,41,42,47,50,50,50,50],"damage_taken":[{"damage":0,"enemies":"2 Louse","floor":1,"turns":1},{"damage":0,"enemies":"Jaw Worm","floor":2,"turns":1},{"damage":0,"enemies":"Lagavulin","floor":7,"turns":1},{"damage":1,"enemies":"Cultist","floor":10,"turns":3},{"damage":13,"enemies":"Exordium Thugs","floor":11,"turns":3},{"damage":11,"enemies":"Gremlin Nob","floor":12,"turns":3},{"damage":5,"enemies":"Blue Slaver","floor":14,"turns":2},{"damage":43,"enemies":"The Guardian","floor":16,"turns":8},{"damage":15,"enemies":"Chosen","floor":18,"turns":4},{"damage":17,"enemies":"2 Thieves","floor":22,"turns":3},{"damage":0,"enemies":"Gremlin Leader","floor":23,"turns":3},{"damage":4,"enemies":"Slavers","floor":25,"turns":3},{"damage":4,"enemies":"Snake Plant","floor":29,"turns":3},{"damage":2,"enemies":"Book of Stabbing","floor":30,"turns":2},{"damage":0,"enemies":"Cultist and Chosen","floor":31,"turns":3},{"damage":99,"enemies":"Champ","floor":33,"turns":10},{"damage":0,"enemies":"3 Shapes","floor":35,"turns":4},{"damage":0,"enemies":"3 Darklings","floor":36,"turns":3},{"damage":49,"enemies":"Giant Head","floor":41,"turns":7},{"damage":4,"enemies":"4 Shapes","floor":42,"turns":5},{"damage":0,"enemies":"Jaw Worm Horde","floor":45,"turns":4},{"damage":0,"enemies":"Writhing Mass","floor":47,"turns":1},{"damage":83,"enemies":"Time Eater","floor":50,"turns":7}],"seed_played":"8376829926295382680","potions_obtained":[{"floor":1,"key":"Block Potion"},{"floor":2,"key":"FairyPotion"},{"floor":10,"key":"PowerPotion"},{"floor":12,"key":"AttackPotion"},{"floor":23,"key":"GhostInAJar"},{"floor":25,"key":"CultistPotion"},{"floor":29,"key":"SmokeBomb"},{"floor":30,"key":"GamblersBrew"},{"floor":33,"key":"Energy Potion"},{"floor":35,"key":"DistilledChaos"},{"floor":36,"key":"PowerPotion"},{"floor":41,"key":"Regen Potion"},{"floor":42,"key":"FearPotion"},{"floor":45,"key":"Dexterity Potion"}],"is_trial":false,"path_per_floor":["M","M","?","T","?","R","E","R","T","M","M","E","R","M","R","B",null,"M","?","$","$","M","E","R","E","T","?","T","M","E","M","R","B",null,"M","M","?","$","?","R","E","M","T","R","M","$","M","$","R","B"],"character_chosen":"THE_SILENT","items_purchased":["Pen Nib","PreservedInsect","Toy Ornithopter","ColorlessPotion"],"campfire_rested":3,"item_purchase_floors":[20,20,38,48],"current_hp_per_floor":[63,63,63,63,63,63,63,63,63,62,49,38,59,54,54,11,55,40,24,24,24,7,7,28,24,24,24,24,20,18,18,39,35,61,61,61,61,61,70,70,21,62,62,62,62,62,67,67,67,0,0],"gold":58,"neow_bonus":"THREE_ENEMY_KILL","is_daily":false,"chose_seed":false,"campfire_upgraded":6,"win_rate":0.0,"timestamp":1610549608,"path_taken":["M","M","?","?","?","R","E","R","T","M","M","E","R","M","R","BOSS","M","?","?","$","M","E","R","E","T","?","?","M","E","?","R","BOSS","M","M","?","?","?","R","E","M","T","R","?","?","M","$","R","BOSS"],"items_purchased_type":["Relic","Relic","Relic","Potion"],"build_version":"2020-12-22","purchased_purges":3,"victory":false,"max_hp_per_floor":[70,70,70,70,70,70,70,70,70,70,70,70,70,70,70,70,70,70,70,70,70,70,70,70,70,70,70,70,70,70,70,70,70,70,70,70,70,70,70,70,70,70,70,70,70,70,70,70,70,70,70],"card_choices":[{"not_picked":["Masterful Stab","Bane","Deflect"],"picked":"SKIP","floor":1},{"not_picked":["Reflex","Dagger Throw"],"picked":"Blade Dance","floor":2},{"not_picked":["Dagger Throw","Cloak And Dagger"],"picked":"Noxious Fumes","floor":7},{"not_picked":["Predator","Deadly Poison"],"picked":"Backstab","floor":10},{"not_picked":["Choke","Terror","Dagger Throw"],"picked":"SKIP","floor":11},{"not_picked":["Quick Slash","Storm of Steel","Setup"],"picked":"SKIP","floor":12},{"not_picked":["Dodge and Roll","Bane"],"picked":"Slice","floor":14},{"not_picked":["Malaise","Adrenaline"],"picked":"Envenom","floor":16},{"not_picked":["Concentrate+1","Terror"],"picked":"Poisoned Stab+1","floor":18},{"not_picked":["Predator","Footwork+1"],"picked":"Poisoned Stab","floor":22},{"not_picked":["Sucker Punch","Riddle With Holes"],"picked":"Noxious Fumes","floor":23},{"not_picked":["Dagger Spray","Sucker Punch+1","Flechettes"],"picked":"SKIP","floor":25},{"not_picked":["Bouncing Flask","Acrobatics"],"picked":"Poisoned Stab","floor":29},{"not_picked":["Footwork","Choke"],"picked":"Blade Dance","floor":30},{"not_picked":["Blade Dance","Backflip+1"],"picked":"Footwork","floor":31},{"not_picked":["Glass Knife","Bullet Time"],"picked":"Phantasmal Killer","floor":33},{"not_picked":["Dagger Spray+1","Distraction+1","Calculated Gamble"],"picked":"SKIP","floor":35},{"not_picked":["Quick Slash","Underhanded Strike","Deadly Poison+1"],"picked":"SKIP","floor":36},{"not_picked":["Bane","All Out Attack+1","Finisher"],"picked":"SKIP","floor":41},{"not_picked":["Finisher","Underhanded Strike","Backflip+1"],"picked":"SKIP","floor":42},{"not_picked":["Prepared+1","Setup+1","Eviscerate+1"],"picked":"SKIP","floor":45}],"player_experience":132554,"relics_obtained":[{"floor":4,"key":"Bag of Marbles"},{"floor":7,"key":"Sundial"},{"floor":9,"key":"White Beast Statue"},{"floor":12,"key":"Ninja Scroll"},{"floor":23,"key":"Happy Flower"},{"floor":25,"key":"Mercury Hourglass"},{"floor":26,"key":"Oddly Smooth Stone"},{"floor":28,"key":"Lizard Tail"},{"floor":30,"key":"Orichalcum"},{"floor":34,"key":"Vajra"},{"floor":34,"key":"Kunai"},{"floor":34,"key":"Ice Cream"},{"floor":41,"key":"Centennial Puzzle"},{"floor":43,"key":"Potion Belt"}],"event_choices":[{"damage_healed":0,"gold_gain":0,"player_choice":"Box","damage_taken":0,"relics_obtained":["Paper Crane"],"max_hp_gain":0,"max_hp_loss":0,"event_name":"Big Fish","floor":3,"gold_loss":0,"cards_obtained":["Regret"]},{"damage_healed":0,"gold_gain":0,"cards_transformed":["Strike_G"],"player_choice":"Transformed","damage_taken":0,"max_hp_gain":0,"max_hp_loss":0,"event_name":"Transmorgrifier","floor":5,"gold_loss":0,"cards_obtained":["Corpse Explosion"]},{"damage_healed":0,"gold_gain":0,"player_choice":"Obtained Book","damage_taken":16,"max_hp_gain":0,"max_hp_loss":0,"event_name":"Cursed Tome","floor":19,"gold_loss":0},{"damage_healed":0,"gold_gain":0,"player_choice":"Opened","damage_taken":0,"relics_obtained":["Dream Catcher"],"max_hp_gain":0,"max_hp_loss":0,"event_name":"The Mausoleum","floor":27,"gold_loss":0,"cards_obtained":["Writhe"]},{"damage_healed":0,"gold_gain":100,"player_choice":"Pray","damage_taken":0,"max_hp_gain":0,"max_hp_loss":0,"event_name":"Golden Shrine","floor":37,"gold_loss":0},{"damage_healed":18,"gold_gain":0,"player_choice":"Writhe","damage_taken":0,"max_hp_gain":0,"max_hp_loss":0,"event_name":"Winding Halls","floor":39,"gold_loss":0,"cards_obtained":["Writhe"]}],"is_beta":false,"boss_relics":[{"not_picked":["HoveringKite","Sozu"],"picked":"SacredBark"},{"not_picked":["Snecko Eye","Busted Crown"],"picked":"Calling Bell"}],"items_purged_floors":[20,38,46],"is_endless":false,"potions_floor_spawned":[1,2,10,11,12,14,16,18,22,23,25,29,30,31,33,35,36,41,42,45,47],"killed_by":"Time Eater","ascension_level":7}}