{"host":"tr12w2fixbnujl15","time":1610578731,"event":{"mods":["2.2 Compatiblity","BaseMod","Better Skull","BetterRewards","Clockwork Mod","Colored Powertips","Evolution","Hermit","Hubris","Infinite Spire","Koishi","Mad Scientist","Minty Spire (QoL Compilation)","Quick Restart","Replay The Spire","Shop Mod","StSLib","SuperFastMode","The Animator","The Bug Knight","The Construct","The Cursed","The Hierophant","The Necromancer","The Sage","The Senshi","The Servant 0.9.4","The Spell Scribe","TheFirefly","WarShipGirlsR/????R mod"],"gold_per_floor":[118,193,289,299,299,299,324,324,372,372,57,57,57,69,69,69,69],"floor_reached":16,"language":"ENG","playtime":382,"items_purged":[],"score":121,"play_id":"4f26fbe7-2337-4374-bce3-7be4afd736f6","local_time":"20210113175851","is_ascension_mode":false,"campfire_choices":[{"floor":6,"key":"REST"},{"data":"animator:YunYun","floor":8,"key":"SMITH"},{"data":"animator:Mikaela","floor":10,"key":"SMITH"},{"data":"animator:ChaikaTrabant","floor":15,"key":"SMITH"}],"circlet_count":0,"master_deck":["animator:ChaikaBohdan","animator:Shuna","animator:ChaikaBohdan","animator:Strike","animator:Strike","animator:Defend","animator:Defend","animator:Defend","animator:Shinoa","animator:Mikaela+1","animator:RinTohsaka","animator:YunYun+1","animator:RinTohsaka","animator:YachiyoNanami","animator:OrikoMikuni","animator:Fredrika","animator:KrulTepes","animator:ChaikaTrabant+1","animator:Canti+1","animator:HarukoHaruhara","animator:TukaLunaMarceau"],"relics":["animator:LivingPicture","animator:TheMissingPiece","EVO:Axolotl","animator:PurgingStone","NeowsBlessing","Vajra","Lantern","Boot","BargainBundle","hubris:Towel","Philosopher\u0027s Stone"],"acts_visited":["Exordium"],"potions_floor_usage":[16,16,16],"damage_taken":[{"damage":0,"enemies":"Jaw Worm","floor":1,"turns":1},{"damage":0,"enemies":"Small Slimes","floor":4,"turns":1},{"damage":0,"enemies":"Gremlin Nob","floor":7,"turns":1},{"damage":0,"enemies":"Cultist","floor":14,"turns":4},{"damage":41,"enemies":"The Guardian","floor":16,"turns":8}],"seed_played":"4018618065837468339","potions_obtained":[{"floor":1,"key":"SneckoOil"},{"floor":3,"key":"Flashbang"},{"floor":3,"key":"DistilledChaos"},{"floor":14,"key":"ColorlessPotion"}],"is_trial":false,"path_per_floor":["M","?","?","M","?","R","E","R","T","R","$","?","?","M","R","B"],"character_chosen":"THE_ANIMATOR","items_purchased":["BargainBundle","animator:YachiyoNanami","animator:OrikoMikuni","animator:Fredrika","animator:KrulTepes","animator:ChaikaTrabant","animator:Canti","animator:HarukoHaruhara"],"campfire_rested":1,"item_purchase_floors":[11,11,11,11,11,11,11,11],"current_hp_per_floor":[66,55,39,39,39,58,58,58,58,58,58,58,58,38,38,0,0],"gold":69,"neow_bonus":"THREE_ENEMY_KILL","is_daily":false,"chose_seed":false,"campfire_upgraded":3,"win_rate":0.0,"timestamp":1610578731,"path_taken":["M","?","?","?","?","R","E","R","T","R","?","?","?","M","R","BOSS"],"items_purchased_type":["Relic","Card","Card","Card","Card","Card","Card","Card"],"build_version":"2020-12-22","purchased_purges":0,"victory":false,"max_hp_per_floor":[66,66,66,66,66,66,66,66,66,66,66,66,66,38,38,38,38],"card_choices":[{"not_picked":["animator:Add","animator:MumenRider"],"picked":"animator:AcuraAkari","floor":1},{"not_picked":["animator:Verdia","animator:Bozes"],"picked":"animator:RinTohsaka","floor":3},{"not_picked":["animator:PandorasActor","animator:Gillette"],"picked":"animator:YunYun","floor":4},{"not_picked":["animator:Benimaru","animator:YuiTsuruno"],"picked":"animator:RinTohsaka","floor":7},{"not_picked":["animator:Yoichi","animator:Hakurou"],"picked":"animator:TukaLunaMarceau","floor":14}],"player_experience":52402,"relics_obtained":[{"floor":3,"key":"Vajra"},{"floor":7,"key":"Lantern"},{"floor":9,"key":"Boot"}],"event_choices":[{"damage_healed":0,"gold_gain":75,"player_choice":"Gather Gold","damage_taken":11,"max_hp_gain":0,"max_hp_loss":0,"event_name":"World of Goop","floor":2,"gold_loss":0},{"damage_healed":0,"gold_gain":0,"player_choice":"Upgraded","damage_taken":0,"max_hp_gain":0,"max_hp_loss":0,"event_name":"Upgrade Shrine","floor":13,"gold_loss":0,"cards_upgraded":["animator:Canti"]}],"is_beta":false,"boss_relics":[],"items_purged_floors":[],"is_endless":false,"potions_floor_spawned":[1,14],"killed_by":"The Guardian","ascension_level":0}}