{"host":"qd0djjbxud4lzzbr","time":1610527857,"event":{"mods":["AchievementEnabler","BaseMod","Bestiary","Minty Spire (QoL Compilation)","StSLib","UnlockEverythingMod"],"gold_per_floor":[109,59,59,78,98,98,23,42,66,66,76,29,43,56,56,153,153,169,268,268,282,282,282,299,42,42,42,42,56,76,76,76,178,178,196,209,224,241,260,260,589,589,589,639,651,611,624,650,650,751,751,767,444,461,205,217,251,251,261,288,302,329,329,329,43,43,138,138,151,151,151,151,166,166,166,176,208,227,244,256,266,278,290,401,413,442,505,517,529,234,234,234,234,269,269,295,295,295,325,325,428,428,442,461,479,492,502,502,515,544,571,589,589,600,136,149,149,244,294,305,325,338,349,368,368,69,85,122,122,122,122,122,141,141,246,246,265,281,296,312,332,332,332,332,363,313,413,413,413,463,463,570,570,570],"floor_reached":153,"language":"ZHS","playtime":7456,"items_purged":["Pain","Regret","Transmutation+1"],"score":4758,"play_id":"c2251d7d-d0df-4943-9fa0-d3b09642aa89","local_time":"20210113165057","daily_mods":["Draft","Vintage","Colorless Cards","Heirloom","Time Dilation","Flight"],"is_ascension_mode":true,"campfire_choices":[{"data":"Madness","floor":6,"key":"SMITH"},{"data":"Hologram","floor":10,"key":"SMITH"},{"data":"Go for the Eyes","floor":15,"key":"SMITH"},{"data":"Fission","floor":23,"key":"SMITH"},{"data":"White Noise","floor":28,"key":"SMITH"},{"data":"Coolheaded","floor":32,"key":"SMITH"},{"data":"Transmutation","floor":40,"key":"SMITH"},{"data":"Beam Cell","floor":42,"key":"SMITH"},{"data":"Conserve Battery","floor":49,"key":"SMITH"},{"data":"Hologram","floor":66,"key":"SMITH"},{"data":"Violence","floor":74,"key":"SMITH"},{"data":"1","floor":83,"key":"LIFT"},{"data":"2","floor":91,"key":"LIFT"},{"data":"3","floor":92,"key":"LIFT"},{"data":"Madness","floor":95,"key":"SMITH"},{"data":"Madness","floor":97,"key":"SMITH"},{"data":"Seek","floor":98,"key":"SMITH"},{"data":"Chrysalis","floor":100,"key":"SMITH"},{"data":"Conserve Battery","floor":108,"key":"SMITH"},{"data":"Go for the Eyes","floor":113,"key":"SMITH"},{"data":"Glacier","floor":117,"key":"SMITH"},{"data":"Glacier","floor":125,"key":"SMITH"},{"data":"All For One","floor":129,"key":"SMITH"},{"data":"Discovery+1","floor":130,"key":"PURGE"},{"data":"Chrysalis+1","floor":131,"key":"PURGE"},{"data":"Chill+1","floor":132,"key":"PURGE"},{"data":"Gash","floor":134,"key":"SMITH"},{"data":"Gash","floor":142,"key":"SMITH"},{"data":"Gash","floor":143,"key":"SMITH"},{"data":"Gash","floor":144,"key":"SMITH"},{"data":"Fission+1","floor":148,"key":"PURGE"},{"data":"Glacier+1","floor":151,"key":"PURGE"}],"circlet_count":0,"master_deck":["Blind+1","Glacier+1","Conserve Battery+1","Coolheaded+1","Hologram+1","Gash+1","Madness+1","Go for the Eyes+1","White Noise+1","Conserve Battery+1","Gash+1","Gash+1","Gash+1","Beam Cell+1","Flash of Steel+1","Seek+1","Defragment+1","Gash+1","Hologram+1","Defragment+1","Panache+1","Violence+1","Gash+1","Madness+1","Blizzard+1","Go for the Eyes+1","All For One+1","Madness+1","Buffer+1","Creative AI+1"],"relics":["FrozenCore","Turnip","Bag of Preparation","WarpedTongs","Kunai","Pen Nib","Vajra","Toy Ornithopter","Torii","Pantograph","War Paint","Coffee Dripper","Bag of Marbles","NlothsMask","Unceasing Top","Thread and Needle","Mummified Hand","CaptainsWheel","Gremlin Horn","SacredBark","Oddly Smooth Stone","Bird Faced Urn","Lizard Tail","Matryoshka","Centennial Puzzle","Old Coin","Tiny Chest","FossilizedHelix","Incense Burner","Du-Vu Doll","StoneCalendar","Shuriken","Juzu Bracelet","Black Star","Mercury Hourglass","Frozen Egg 2","Ginger","Orrery","Lantern","Anchor","Boot","DataDisk","Odd Mushroom","MealTicket","Busted Crown","Singing Bowl","Meat on the Bone","Peace Pipe","Question Card","InkBottle","Girya","HornCleat","MawBank","Nilry\u0027s Codex","SlaversCollar","Pear","Gambling Chip","Runic Capacitor","PreservedInsect","Whetstone","Eternal Feather","Bottled Lightning","Art of War","White Beast Statue","Ancient Tea Set","Mango","Cables","Medical Kit","TungstenRod","Happy Flower","Tiny House","Regal Pillow","Pocketwatch","Potion Belt","CeramicFish","Dead Branch","Akabeko","Omamori","Toxic Egg 2","Cursed Key","Nunchaku","Bottled Flame","Smiling Mask","Orichalcum","Blood Vial","Emotion Chip","Philosopher\u0027s Stone"],"acts_visited":["Exordium","TheCity","TheBeyond","Exordium","TheCity","TheBeyond","Exordium","TheCity","TheBeyond","Exordium"],"potions_floor_usage":[35,55,84,121,124,128,128,135,150],"damage_taken":[{"damage":5,"enemies":"2 Louse","floor":1,"turns":4},{"damage":9,"enemies":"Small Slimes","floor":4,"turns":3},{"damage":6,"enemies":"Cultist","floor":5,"turns":4},{"damage":0,"enemies":"Exordium Thugs","floor":8,"turns":5},{"damage":0,"enemies":"2 Fungi Beasts","floor":11,"turns":3},{"damage":0,"enemies":"Exordium Wildlife","floor":13,"turns":2},{"damage":0,"enemies":"Red Slaver","floor":14,"turns":2},{"damage":2,"enemies":"Hexaghost","floor":16,"turns":6},{"damage":0,"enemies":"Shell Parasite","floor":18,"turns":3},{"damage":0,"enemies":"2 Thieves","floor":21,"turns":3},{"damage":0,"enemies":"Sentry and Sphere","floor":24,"turns":5},{"damage":0,"enemies":"Snake Plant","floor":29,"turns":3},{"damage":0,"enemies":"Centurion and Healer","floor":30,"turns":2},{"damage":0,"enemies":"Champ","floor":33,"turns":2},{"damage":0,"enemies":"Orb Walker","floor":35,"turns":1},{"damage":0,"enemies":"3 Shapes","floor":36,"turns":1},{"damage":0,"enemies":"3 Darklings","floor":37,"turns":4},{"damage":0,"enemies":"Writhing Mass","floor":38,"turns":2},{"damage":0,"enemies":"Jaw Worm Horde","floor":39,"turns":2},{"damage":0,"enemies":"Giant Head","floor":41,"turns":4},{"damage":0,"enemies":"Mind Bloom Boss Battle","floor":44,"turns":3},{"damage":0,"enemies":"Maw","floor":45,"turns":1},{"damage":0,"enemies":"Transient","floor":47,"turns":2},{"damage":0,"enemies":"Awakened One","floor":50,"turns":4},{"damage":0,"enemies":"2 Louse","floor":52,"turns":1},{"damage":0,"enemies":"Small Slimes","floor":54,"turns":1},{"damage":0,"enemies":"Jaw Worm","floor":56,"turns":1},{"damage":0,"enemies":"Lagavulin","floor":57,"turns":1},{"damage":0,"enemies":"3 Louse","floor":59,"turns":2},{"damage":0,"enemies":"Exordium Wildlife","floor":61,"turns":1},{"damage":0,"enemies":"The Mushroom Lair","floor":62,"turns":1},{"damage":0,"enemies":"Hexaghost","floor":67,"turns":2},{"damage":0,"enemies":"2 Thieves","floor":69,"turns":1},{"damage":0,"enemies":"Shell Parasite","floor":73,"turns":1},{"damage":0,"enemies":"Centurion and Healer","floor":76,"turns":1},{"damage":0,"enemies":"Book of Stabbing","floor":77,"turns":2},{"damage":0,"enemies":"Snake Plant","floor":78,"turns":1},{"damage":0,"enemies":"Snecko","floor":79,"turns":1},{"damage":0,"enemies":"Shelled Parasite and Fungi","floor":80,"turns":1},{"damage":0,"enemies":"Centurion and Healer","floor":81,"turns":2},{"damage":0,"enemies":"Collector","floor":84,"turns":2},{"damage":0,"enemies":"Orb Walker","floor":86,"turns":1},{"damage":0,"enemies":"2 Orb Walkers","floor":87,"turns":1},{"damage":0,"enemies":"Nemesis","floor":94,"turns":1},{"damage":0,"enemies":"Reptomancer","floor":96,"turns":1},{"damage":0,"enemies":"Nemesis","floor":99,"turns":1},{"damage":0,"enemies":"Donu and Deca","floor":101,"turns":4},{"damage":0,"enemies":"Cultist","floor":103,"turns":1},{"damage":0,"enemies":"Small Slimes","floor":104,"turns":1},{"damage":0,"enemies":"2 Louse","floor":105,"turns":1},{"damage":0,"enemies":"Looter","floor":106,"turns":1},{"damage":0,"enemies":"Large Slime","floor":107,"turns":1},{"damage":0,"enemies":"Red Slaver","floor":109,"turns":1},{"damage":0,"enemies":"3 Sentries","floor":110,"turns":2},{"damage":0,"enemies":"Gremlin Nob","floor":111,"turns":1},{"damage":0,"enemies":"Exordium Wildlife","floor":112,"turns":1},{"damage":0,"enemies":"Looter","floor":114,"turns":1},{"damage":0,"enemies":"2 Fungi Beasts","floor":116,"turns":1},{"damage":0,"enemies":"The Guardian","floor":118,"turns":2},{"damage":0,"enemies":"Shell Parasite","floor":120,"turns":1},{"damage":0,"enemies":"3 Byrds","floor":121,"turns":2},{"damage":0,"enemies":"Snecko","floor":122,"turns":1},{"damage":0,"enemies":"Shelled Parasite and Fungi","floor":123,"turns":1},{"damage":0,"enemies":"Cultist and Chosen","floor":124,"turns":2},{"damage":0,"enemies":"Sentry and Sphere","floor":127,"turns":1},{"damage":0,"enemies":"Book of Stabbing","floor":128,"turns":1},{"damage":0,"enemies":"Shelled Parasite and Fungi","floor":133,"turns":1},{"damage":0,"enemies":"Collector","floor":135,"turns":2},{"damage":0,"enemies":"3 Darklings","floor":137,"turns":1},{"damage":0,"enemies":"Orb Walker","floor":138,"turns":1},{"damage":2,"enemies":"4 Shapes","floor":139,"turns":1},{"damage":0,"enemies":"Transient","floor":140,"turns":5},{"damage":0,"enemies":"Writhing Mass","floor":141,"turns":1},{"damage":0,"enemies":"Nemesis","floor":145,"turns":1},{"damage":0,"enemies":"Mind Bloom Boss Battle","floor":150,"turns":1},{"damage":0,"enemies":"Donu and Deca","floor":152,"turns":5}],"seed_played":"-6344910158000723422","potions_obtained":[{"floor":4,"key":"Swift Potion"},{"floor":5,"key":"FearPotion"},{"floor":13,"key":"SpeedPotion"},{"floor":30,"key":"EssenceOfSteel"},{"floor":35,"key":"Fruit Juice"},{"floor":38,"key":"SteroidPotion"},{"floor":45,"key":"Dexterity Potion"},{"floor":46,"key":"DuplicationPotion"},{"floor":56,"key":"CultistPotion"},{"floor":101,"key":"GamblersBrew"},{"floor":105,"key":"EntropicBrew"},{"floor":109,"key":"DistilledChaos"},{"floor":118,"key":"EssenceOfDarkness"},{"floor":122,"key":"FocusPotion"},{"floor":123,"key":"Fire Potion"},{"floor":124,"key":"FearPotion"},{"floor":127,"key":"Strength Potion"},{"floor":128,"key":"Dexterity Potion"},{"floor":133,"key":"DuplicationPotion"},{"floor":135,"key":"Fire Potion"},{"floor":137,"key":"DuplicationPotion"},{"floor":140,"key":"FairyPotion"},{"floor":141,"key":"Ancient Potion"},{"floor":145,"key":"EntropicBrew"},{"floor":150,"key":"Fruit Juice"},{"floor":152,"key":"Explosive Potion"}],"is_trial":true,"path_per_floor":["M","?","?","M","M","R","$","M","T","R","M","$","M","M","R","B",null,"M","?","?","M","?","R","M","$","T","?","R","M","M","?","R","B",null,"M","M","M","M","M","R","E","R","T","?","M","?","M","T","R","B",null,"M","$","M","$","M","E","?","M","T","M","?","?","?","$","R","B",null,"M","?","?","?","M","R","?","M","E","M","M","M","M","?","R","B",null,"M","?","?","?","$","R","R","?","E","R","E","R","R","E","R","B",null,"M","M","M","M","M","R","M","E","E","M","R","M","$","M","R","B",null,"M","M","M","M","M","R","$","M","E","R","R","R","R","M","R","B",null,"M","M","M","M","M","R","R","R","E","$","?","R","?","?","R","B",null],"character_chosen":"DEFECT","items_purchased":["Gash","Mummified Hand","Frozen Egg 2","Defragment+1","Fruit Juice","Orrery","Panache+1","Runic Capacitor","PreservedInsect","Medical Kit","TungstenRod","All For One","Akabeko"],"campfire_rested":0,"item_purchase_floors":[12,25,53,53,55,55,65,90,90,115,115,126,126],"current_hp_per_floor":[70,70,70,61,55,55,55,55,55,55,55,55,55,55,55,73,75,75,75,75,75,75,75,75,75,75,75,75,75,75,75,75,75,75,85,85,85,85,85,85,85,85,85,85,85,85,85,85,85,85,85,85,85,85,95,95,95,95,95,95,95,95,88,88,95,95,95,95,95,95,95,95,95,95,95,95,97,97,97,97,97,81,81,99,99,109,111,97,111,111,111,111,111,113,113,113,113,113,113,113,115,115,115,115,115,115,115,115,115,117,117,131,131,131,131,131,131,133,140,140,140,140,140,140,140,140,140,140,140,140,140,140,140,140,140,140,140,140,138,140,140,140,140,140,142,142,142,142,142,154,154,154,154,154],"gold":570,"neow_bonus":"","is_daily":false,"chose_seed":false,"campfire_upgraded":24,"win_rate":0.0,"timestamp":1610527857,"path_taken":["M","?","?","M","M","R","$","?","T","R","M","?","M","?","R","BOSS","M","?","?","?","?","R","M","?","T","?","R","?","M","?","R","BOSS","M","M","M","M","M","R","E","R","T","?","M","?","?","?","R","BOSS","M","?","M","$","M","E","?","M","T","M","?","?","?","?","R","BOSS","M","?","?","?","M","R","?","M","E","M","M","M","M","?","R","BOSS","M","?","?","?","$","R","R","?","E","R","E","R","R","E","R","BOSS","M","M","M","M","M","R","M","E","E","M","R","M","$","M","R","BOSS","M","M","M","M","M","R","$","M","E","R","R","R","R","M","R","BOSS","M","M","M","M","M","R","R","R","E","$","?","R","?","?","R","BOSS"],"items_purchased_type":["Card","Relic","Relic","Card","Potion","Relic","Card","Relic","Relic","Relic","Relic","Card","Relic"],"build_version":"2020-12-22","purchased_purges":3,"victory":false,"max_hp_per_floor":[75,75,75,75,75,75,75,75,75,75,75,75,75,75,75,75,75,75,75,75,75,75,75,75,75,75,75,75,75,75,75,75,75,75,85,85,85,85,85,85,85,85,85,85,85,85,85,85,85,85,85,85,85,85,95,95,95,95,95,95,95,95,95,95,95,95,95,95,95,95,95,95,95,95,95,95,97,97,97,97,97,97,97,99,99,109,111,111,111,111,111,111,111,113,113,113,113,113,113,113,115,115,115,115,115,115,115,115,115,117,117,131,131,131,131,131,131,133,140,140,140,140,140,140,140,140,140,140,140,140,140,140,140,140,140,140,140,140,140,140,140,140,140,140,142,142,142,142,142,154,154,154,154,154],"card_choices":[{"not_picked":["Hologram","Recycle"],"picked":"Glacier","floor":0},{"not_picked":["Sweeping Beam","Leap"],"picked":"Storm","floor":0},{"not_picked":["Ball Lightning","Redo"],"picked":"Blind","floor":0},{"not_picked":["Sweeping Beam","Streamline"],"picked":"Glacier","floor":0},{"not_picked":["Hologram","Rebound"],"picked":"Conserve Battery","floor":0},{"not_picked":["Compile Driver","Recycle"],"picked":"Rebound","floor":0},{"not_picked":["Steam","Gash"],"picked":"Coolheaded","floor":0},{"not_picked":["Impatience","Sweeping Beam"],"picked":"Hologram","floor":0},{"not_picked":["Stack","Recycle"],"picked":"Gash","floor":0},{"not_picked":["Heatsinks","Lockon"],"picked":"Madness","floor":0},{"not_picked":["Leap","Compile Driver"],"picked":"Go for the Eyes","floor":0},{"not_picked":["Sweeping Beam","Steam"],"picked":"White Noise","floor":0},{"not_picked":["Ball Lightning","Streamline"],"picked":"Chill","floor":0},{"not_picked":["Steam","Stack"],"picked":"Conserve Battery","floor":0},{"not_picked":["Go for the Eyes","Compile Driver"],"picked":"Gash","floor":0},{"not_picked":["Hyperbeam","Electrodynamics"],"picked":"Fission","floor":16},{"not_picked":["HandOfGreed","Hyperbeam"],"picked":"Transmutation","floor":33},{"not_picked":["Redo","Genetic Algorithm+1"],"picked":"Beam Cell","floor":41},{"not_picked":["Leap+1","Compile Driver"],"picked":"Flash of Steel+1","floor":44},{"not_picked":["Secret Technique","Thinking Ahead"],"picked":"Seek","floor":50},{"not_picked":["Reinforced Body","Streamline"],"picked":"Gash","floor":55},{"not_picked":["Chill","Hologram"],"picked":"Loop+1","floor":55},{"not_picked":["Discovery","Coolheaded"],"picked":"Hologram","floor":55},{"not_picked":["Lockon","Barrage"],"picked":"Bandage Up","floor":55},{"not_picked":["Steam Power","Rip and Tear"],"picked":"Defragment+1","floor":57},{"not_picked":["Meteor Strike","Hyperbeam"],"picked":"Violence","floor":67},{"not_picked":["Hello World+1","Ball Lightning"],"picked":"Singing Bowl","floor":77},{"not_picked":["Amplify","Meteor Strike"],"picked":"Singing Bowl","floor":84},{"not_picked":["Leap+1","Self Repair+1"],"picked":"Singing Bowl","floor":87},{"not_picked":["Bandage Up"],"picked":"Discovery","floor":93},{"not_picked":["Chaos","Ball Lightning"],"picked":"Singing Bowl","floor":94},{"not_picked":["Static Discharge+1"],"picked":"Blizzard+1","floor":96},{"not_picked":["Force Field+1"],"picked":"Chrysalis","floor":99},{"not_picked":["Rainbow","Transmutation"],"picked":"Singing Bowl","floor":101},{"not_picked":["Rebound","Rip and Tear"],"picked":"Singing Bowl","floor":110},{"not_picked":["Mind Blast"],"picked":"Go for the Eyes","floor":111},{"not_picked":["Electrodynamics+1","Thinking Ahead"],"picked":"Singing Bowl","floor":118},{"not_picked":["Stack","Reprogram"],"picked":"Singing Bowl","floor":119},{"not_picked":["Rip and Tear"],"picked":"Madness+1","floor":128},{"not_picked":["Hyperbeam"],"picked":"Buffer+1","floor":135},{"not_picked":["Ball Lightning+1","Sweeping Beam+1"],"picked":"Singing Bowl","floor":145},{"not_picked":["Deep Breath+1","Compile Driver+1"],"picked":"Singing Bowl","floor":150},{"not_picked":["Thunder Strike"],"picked":"Creative AI+1","floor":152}],"player_experience":46867,"relics_obtained":[{"floor":1,"key":"Bag of Preparation"},{"floor":4,"key":"Kunai"},{"floor":5,"key":"Pen Nib"},{"floor":8,"key":"Vajra"},{"floor":9,"key":"Toy Ornithopter"},{"floor":11,"key":"Torii"},{"floor":13,"key":"Pantograph"},{"floor":14,"key":"War Paint"},{"floor":18,"key":"Bag of Marbles"},{"floor":21,"key":"Unceasing Top"},{"floor":24,"key":"Thread and Needle"},{"floor":29,"key":"CaptainsWheel"},{"floor":30,"key":"Gremlin Horn"},{"floor":35,"key":"Oddly Smooth Stone"},{"floor":36,"key":"Bird Faced Urn"},{"floor":37,"key":"Lizard Tail"},{"floor":38,"key":"Matryoshka"},{"floor":39,"key":"Centennial Puzzle"},{"floor":41,"key":"Old Coin"},{"floor":43,"key":"Tiny Chest"},{"floor":43,"key":"FossilizedHelix"},{"floor":44,"key":"Incense Burner"},{"floor":45,"key":"Du-Vu Doll"},{"floor":47,"key":"StoneCalendar"},{"floor":48,"key":"Shuriken"},{"floor":48,"key":"Juzu Bracelet"},{"floor":52,"key":"Mercury Hourglass"},{"floor":54,"key":"Ginger"},{"floor":56,"key":"Lantern"},{"floor":59,"key":"Anchor"},{"floor":60,"key":"Boot"},{"floor":61,"key":"DataDisk"},{"floor":62,"key":"Odd Mushroom"},{"floor":69,"key":"Singing Bowl"},{"floor":73,"key":"Meat on the Bone"},{"floor":75,"key":"Peace Pipe"},{"floor":76,"key":"Question Card"},{"floor":78,"key":"InkBottle"},{"floor":79,"key":"Girya"},{"floor":80,"key":"HornCleat"},{"floor":81,"key":"MawBank"},{"floor":82,"key":"Nilry\u0027s Codex"},{"floor":86,"key":"Pear"},{"floor":87,"key":"Gambling Chip"},{"floor":103,"key":"Whetstone"},{"floor":104,"key":"Eternal Feather"},{"floor":105,"key":"Bottled Lightning"},{"floor":106,"key":"Art of War"},{"floor":107,"key":"White Beast Statue"},{"floor":109,"key":"Ancient Tea Set"},{"floor":112,"key":"Mango"},{"floor":114,"key":"Cables"},{"floor":116,"key":"Happy Flower"},{"floor":120,"key":"Regal Pillow"},{"floor":121,"key":"Pocketwatch"},{"floor":122,"key":"Potion Belt"},{"floor":123,"key":"CeramicFish"},{"floor":124,"key":"Dead Branch"},{"floor":127,"key":"Omamori"},{"floor":133,"key":"Toxic Egg 2"},{"floor":137,"key":"Nunchaku"},{"floor":138,"key":"Bottled Flame"},{"floor":139,"key":"Smiling Mask"},{"floor":140,"key":"Orichalcum"},{"floor":141,"key":"Blood Vial"},{"floor":150,"key":"Emotion Chip"}],"event_choices":[{"cards_removed":["Rebound"],"damage_healed":0,"gold_gain":0,"player_choice":"Card Removal","damage_taken":0,"max_hp_gain":0,"max_hp_loss":0,"event_name":"The Cleric","floor":2,"gold_loss":50},{"damage_healed":0,"gold_gain":0,"player_choice":"Rummage","damage_taken":0,"relics_obtained":["WarpedTongs"],"max_hp_gain":0,"max_hp_loss":0,"event_name":"Accursed Blacksmith","floor":3,"gold_loss":0,"cards_obtained":["Pain"]},{"damage_healed":0,"gold_gain":99,"player_choice":"Stole From Cult","damage_taken":0,"max_hp_gain":0,"max_hp_loss":0,"event_name":"Nest","floor":19,"gold_loss":0},{"damage_healed":0,"gold_gain":0,"player_choice":"Trade","damage_taken":0,"relics_obtained":["NlothsMask"],"max_hp_gain":0,"max_hp_loss":0,"event_name":"FaceTrader","floor":20,"gold_loss":0},{"damage_healed":0,"gold_gain":0,"player_choice":"Ignored","damage_taken":0,"max_hp_gain":0,"max_hp_loss":0,"event_name":"Ghosts","floor":22,"gold_loss":0},{"damage_healed":0,"gold_gain":0,"player_choice":"Copied","damage_taken":0,"max_hp_gain":0,"max_hp_loss":0,"event_name":"Duplicator","floor":27,"gold_loss":0,"cards_obtained":["Gash"]},{"damage_healed":0,"gold_gain":0,"player_choice":"Ignored","damage_taken":0,"max_hp_gain":0,"max_hp_loss":0,"event_name":"Vampires","floor":31,"gold_loss":0},{"damage_healed":0,"gold_gain":0,"player_choice":"Fight","damage_taken":0,"max_hp_gain":0,"max_hp_loss":0,"event_name":"MindBloom","floor":44,"gold_loss":0},{"damage_healed":0,"gold_gain":0,"player_choice":"Bought 3 Potions","damage_taken":0,"max_hp_gain":0,"max_hp_loss":0,"event_name":"The Woman in Blue","floor":46,"gold_loss":0},{"cards_removed":["Loop"],"damage_healed":0,"gold_gain":0,"player_choice":"Forget","damage_taken":0,"max_hp_gain":0,"max_hp_loss":0,"event_name":"Living Wall","floor":58,"gold_loss":0},{"damage_healed":0,"gold_gain":0,"player_choice":"Fought Mushrooms","damage_taken":0,"max_hp_gain":0,"max_hp_loss":0,"event_name":"Mushrooms","floor":62,"gold_loss":0},{"cards_removed":["Bandage Up"],"damage_healed":0,"gold_gain":0,"player_choice":"Card Removal","damage_taken":7,"max_hp_gain":0,"max_hp_loss":0,"event_name":"Golden Wing","floor":63,"gold_loss":0},{"damage_healed":0,"gold_gain":0,"player_choice":"Box","damage_taken":0,"relics_obtained":["MealTicket"],"max_hp_gain":0,"max_hp_loss":0,"event_name":"Big Fish","floor":64,"gold_loss":0,"cards_obtained":["Regret"]},{"damage_healed":0,"gold_gain":0,"player_choice":"Copied","damage_taken":0,"max_hp_gain":0,"max_hp_loss":0,"event_name":"Duplicator","floor":70,"gold_loss":0,"cards_obtained":["Gash"]},{"cards_removed":["Storm"],"damage_healed":0,"gold_gain":0,"player_choice":"Elegance","damage_taken":0,"max_hp_gain":0,"max_hp_loss":0,"event_name":"Back to Basics","floor":71,"gold_loss":0},{"damage_healed":0,"gold_gain":0,"player_choice":"Ignored","damage_taken":0,"max_hp_gain":0,"max_hp_loss":0,"event_name":"Ghosts","floor":72,"gold_loss":0},{"damage_healed":0,"gold_gain":0,"player_choice":"Relic","damage_taken":0,"max_hp_gain":0,"max_hp_loss":0,"event_name":"Wheel of Change","floor":75,"gold_loss":0},{"damage_healed":0,"gold_gain":0,"player_choice":"Obtained Book","damage_taken":16,"max_hp_gain":0,"max_hp_loss":0,"event_name":"Cursed Tome","floor":82,"gold_loss":0},{"damage_healed":0,"gold_gain":0,"player_choice":"Fight","damage_taken":0,"max_hp_gain":0,"max_hp_loss":0,"event_name":"Mysterious Sphere","floor":87,"gold_loss":0},{"damage_healed":0,"gold_gain":0,"player_choice":"Embrace Madness","damage_taken":14,"max_hp_gain":0,"max_hp_loss":0,"event_name":"Winding Halls","floor":88,"gold_loss":0,"cards_obtained":["Madness","Madness"]},{"damage_healed":14,"gold_gain":0,"player_choice":"Full Heal","damage_taken":0,"max_hp_gain":0,"max_hp_loss":0,"event_name":"Wheel of Change","floor":89,"gold_loss":0},{"damage_healed":0,"gold_gain":0,"player_choice":"Memory 1","damage_taken":0,"max_hp_gain":0,"max_hp_loss":0,"event_name":"SensoryStone","floor":93,"gold_loss":0},{"damage_healed":0,"gold_gain":100,"player_choice":"Pray","damage_taken":0,"max_hp_gain":0,"max_hp_loss":0,"event_name":"Golden Shrine","floor":147,"gold_loss":0},{"cards_removed":["Madness"],"damage_healed":0,"gold_gain":0,"player_choice":"Removed Skill","damage_taken":0,"max_hp_gain":0,"max_hp_loss":0,"event_name":"Falling","floor":149,"gold_loss":0},{"damage_healed":0,"gold_gain":0,"player_choice":"Fight","damage_taken":0,"max_hp_gain":0,"max_hp_loss":0,"event_name":"MindBloom","floor":150,"gold_loss":0}],"is_beta":false,"boss_relics":[{"not_picked":["Busted Crown","FrozenCore"],"picked":"Coffee Dripper"},{"not_picked":["SlaversCollar","Cursed Key"],"picked":"SacredBark"},{"not_picked":["Calling Bell","Astrolabe"],"picked":"Black Star"},{"not_picked":["Runic Dome","Inserter"],"picked":"Busted Crown"},{"not_picked":["Snecko Eye","Sozu"],"picked":"SlaversCollar"},{"not_picked":["Astrolabe","Empty Cage"],"picked":"FrozenCore"},{"not_picked":["Sozu","Calling Bell"],"picked":"Tiny House"},{"not_picked":["Runic Pyramid","Fusion Hammer"],"picked":"Cursed Key"},{"not_picked":["Empty Cage","Runic Dome"],"picked":"Philosopher\u0027s Stone"}],"items_purged_floors":[7,65,146],"is_endless":true,"potions_floor_spawned":[4,5,13,21,30,35,38,39,45,56,61,67,69,73,77,80,81,101,105,109,110,111,112,114,116,118,120,121,122,123,124,127,128,133,135,137,138,139,140,141,145,150,152],"ascension_level":1}}