{"host":"l60rmjjsfi0fipmi","time":1610570782,"event":{"mods":["BaseMod","Colored Map","DeckTracker","Hermit","Highlight Path","Jorbs\u0027s Wanderer Trilogy","Minty Spire (QoL Compilation)","StSLib","The Cursed"],"gold_per_floor":[109,13,29,49,124,152,152,170,240,252,252,287,287,297,297,400,400,411,244,255,268,124,124,124,124,124],"floor_reached":25,"language":"ENG","playtime":1322,"items_purged":["Strike_P"],"score":245,"play_id":"b66646a8-62e4-4bf6-ba6c-d9450c1ce20c","local_time":"20210113154622","is_ascension_mode":true,"campfire_choices":[{"floor":7,"key":"REST"},{"data":"Eruption","floor":11,"key":"SMITH"},{"floor":15,"key":"REST"},{"floor":23,"key":"REST"}],"circlet_count":0,"master_deck":["Strike_P","Strike_P","Defend_P","Defend_P","Eruption+1","Vigilance+1","FollowUp","PathToVictory","Crescendo","CrushJoints","Wallop","LikeWater","DeusExMachina","FlurryOfBlows","EmptyMind","Establishment","Establishment+1","CutThroughFate+1","CarveReality+1","FearNoEvil","Adaptation","FlyingSleeves","Protect"],"relics":["PureWater","Pocketwatch","Darkstone Periapt","Blood Vial","Tiny Chest","Astrolabe","Lantern"],"acts_visited":["Exordium","TheCity"],"potions_floor_usage":[14,16,21,25,25],"damage_taken":[{"damage":2,"enemies":"Cultist","floor":1,"turns":3},{"damage":1,"enemies":"2 Louse","floor":3,"turns":3},{"damage":0,"enemies":"Small Slimes","floor":4,"turns":2},{"damage":26,"enemies":"Lagavulin","floor":6,"turns":6},{"damage":3,"enemies":"2 Fungi Beasts","floor":8,"turns":3},{"damage":8,"enemies":"Blue Slaver","floor":10,"turns":4},{"damage":25,"enemies":"Gremlin Nob","floor":12,"turns":4},{"damage":9,"enemies":"Exordium Thugs","floor":14,"turns":4},{"damage":1,"enemies":"Hexaghost","floor":16,"turns":7},{"damage":11,"enemies":"3 Byrds","floor":18,"turns":4},{"damage":22,"enemies":"2 Thieves","floor":20,"turns":4},{"damage":32,"enemies":"Sentry and Sphere","floor":21,"turns":6},{"damage":35,"enemies":"Book of Stabbing","floor":25,"turns":4}],"seed_played":"-6150971654654095083","potions_obtained":[{"floor":1,"key":"Weak Potion"},{"floor":10,"key":"Strength Potion"},{"floor":16,"key":"Dexterity Potion"},{"floor":20,"key":"Block Potion"},{"floor":21,"key":"EssenceOfSteel"}],"is_trial":false,"path_per_floor":["M","$","M","M","?","E","R","M","T","M","R","E","?","M","R","B",null,"M","$","M","M","$","R","?","E"],"character_chosen":"WATCHER","items_purchased":["Wallop","PathToVictory","Adaptation","FlyingSleeves","Lantern"],"campfire_rested":3,"item_purchase_floors":[2,2,19,19,22],"current_hp_per_floor":[70,70,69,69,58,32,53,50,50,42,42,17,17,10,31,32,72,61,61,41,11,11,32,32,0,0],"gold":124,"neow_bonus":"UPGRADE_CARD","is_daily":false,"chose_seed":false,"campfire_upgraded":1,"win_rate":0.0,"timestamp":1610570782,"path_taken":["M","$","M","M","?","E","R","M","T","M","R","E","?","M","R","BOSS","M","?","M","M","$","R","?","E"],"items_purchased_type":["Card","Card","Card","Card","Relic"],"build_version":"2020-12-22","purchased_purges":1,"victory":false,"max_hp_per_floor":[72,72,72,72,72,72,72,72,72,72,72,72,72,72,72,72,72,72,72,72,72,72,72,72,72,72],"card_choices":[{"not_picked":["Fasting2","Indignation"],"picked":"FollowUp","floor":1},{"not_picked":["EmptyBody","Protect"],"picked":"Crescendo","floor":3},{"not_picked":["EmptyMind","BowlingBash"],"picked":"CrushJoints","floor":4},{"not_picked":["Crescendo","CrushJoints"],"picked":"Wallop","floor":6},{"not_picked":["ThirdEye","FlurryOfBlows"],"picked":"LikeWater","floor":8},{"not_picked":["Pray","EmptyBody"],"picked":"DeusExMachina","floor":10},{"not_picked":["Sanctity","Wallop"],"picked":"FlurryOfBlows","floor":12},{"not_picked":["Fasting2","Wallop"],"picked":"EmptyMind","floor":14},{"not_picked":["LessonLearned","Alpha"],"picked":"Establishment","floor":16},{"not_picked":["Indignation","EmptyBody"],"picked":"FearNoEvil","floor":18},{"not_picked":["FearNoEvil","SashWhip"],"picked":"Protect","floor":20},{"not_picked":["Worship","CutThroughFate+1","FlurryOfBlows+1"],"picked":"SKIP","floor":21}],"player_experience":379856,"relics_obtained":[{"floor":6,"key":"Pocketwatch"},{"floor":9,"key":"Darkstone Periapt"},{"floor":12,"key":"Blood Vial"}],"event_choices":[{"damage_healed":0,"gold_gain":75,"player_choice":"Gather Gold","damage_taken":11,"max_hp_gain":0,"max_hp_loss":0,"event_name":"World of Goop","floor":5,"gold_loss":0},{"cards_removed":["Wallop"],"damage_healed":0,"gold_gain":0,"player_choice":"Gave Card","damage_taken":0,"relics_obtained":["Tiny Chest"],"max_hp_gain":0,"max_hp_loss":0,"event_name":"WeMeetAgain","floor":13,"gold_loss":0},{"damage_healed":0,"gold_gain":0,"player_choice":"Ignored","damage_taken":0,"max_hp_gain":0,"max_hp_loss":0,"event_name":"Ghosts","floor":24,"gold_loss":0}],"is_beta":false,"boss_relics":[{"not_picked":["Busted Crown","Ectoplasm"],"picked":"Astrolabe"}],"items_purged_floors":[19],"is_endless":false,"potions_floor_spawned":[1,10,16,20,21],"killed_by":"Book of Stabbing","ascension_level":3}}