{"host":"52lujqhsyicpcskq","time":1610525430,"event":{"mods":["BaseMod","Colored Map","DeckTracker","Minty Spire (QoL Compilation)","Permanent Neow","StSLib","SuperFastMode","everything is the same but u backflip on backflip"],"gold_per_floor":[19,38,48,59,59,59,71,100,100,135,135,153,181,197,197,197,197],"floor_reached":16,"language":"KOR","playtime":598,"items_purged":[],"score":180,"play_id":"2caf63fd-5167-44e6-be6d-6620e33b3564","local_time":"20210113171030","is_ascension_mode":true,"campfire_choices":[{"data":"Rage","floor":6,"key":"SMITH"},{"data":"Flame Barrier","floor":11,"key":"SMITH"},{"data":"Body Slam","floor":15,"key":"SMITH"}],"circlet_count":0,"master_deck":["Strike_R","Strike_R","Strike_R","Strike_R","Strike_R","Defend_R","Defend_R","Defend_R","Defend_R","Bash","Feed","Twin Strike","Flame Barrier+1","Power Through","Rage+1","Armaments","Infernal Blade","Evolve","Body Slam+1","Juggernaut","Clothesline"],"relics":["Burning Blood","Toy Ornithopter","Eternal Feather","HornCleat","Toxic Egg 2"],"acts_visited":["Exordium"],"potions_floor_usage":[13],"damage_taken":[{"damage":11,"enemies":"Cultist","floor":1,"turns":4},{"damage":0,"enemies":"2 Louse","floor":2,"turns":2},{"damage":8,"enemies":"Small Slimes","floor":3,"turns":3},{"damage":13,"enemies":"3 Louse","floor":4,"turns":4},{"damage":11,"enemies":"Exordium Thugs","floor":7,"turns":4},{"damage":18,"enemies":"Gremlin Nob","floor":8,"turns":4},{"damage":31,"enemies":"Lagavulin","floor":10,"turns":9},{"damage":3,"enemies":"Blue Slaver","floor":12,"turns":6},{"damage":20,"enemies":"Gremlin Nob","floor":13,"turns":5},{"damage":0,"enemies":"Exordium Wildlife","floor":14,"turns":3},{"damage":30,"enemies":"Slime Boss","floor":16,"turns":8}],"seed_played":"-7708208533487570553","potions_obtained":[{"floor":2,"key":"AttackPotion"},{"floor":4,"key":"LiquidBronze"},{"floor":8,"key":"Dexterity Potion"},{"floor":13,"key":"DuplicationPotion"}],"is_trial":false,"path_per_floor":["M","M","M","M","$","R","M","E","T","E","R","M","E","M","R","B"],"character_chosen":"IRONCLAD","items_purchased":[],"campfire_rested":0,"item_purchase_floors":[],"current_hp_per_floor":[67,76,77,73,73,73,68,56,56,31,40,43,34,40,52,22,22],"gold":197,"neow_bonus":"THREE_RARE_CARDS","is_daily":false,"chose_seed":false,"campfire_upgraded":3,"win_rate":0.0,"timestamp":1610525430,"path_taken":["M","M","M","M","?","R","M","E","T","E","R","M","E","M","R","BOSS"],"items_purchased_type":[],"build_version":"2020-12-22","purchased_purges":0,"victory":false,"max_hp_per_floor":[80,83,86,89,89,89,89,89,89,89,89,89,89,89,89,89,89],"card_choices":[{"not_picked":["Barricade","Impervious"],"picked":"Feed","floor":0},{"not_picked":["Cleave","Armaments"],"picked":"Twin Strike","floor":1},{"not_picked":["Warcry","Clothesline"],"picked":"Flame Barrier","floor":2},{"not_picked":["Rage","Infernal Blade"],"picked":"Power Through","floor":3},{"not_picked":["Headbutt","Pummel"],"picked":"Rage","floor":4},{"not_picked":["Pummel","Warcry"],"picked":"Armaments","floor":7},{"not_picked":["Sever Soul","Heavy Blade"],"picked":"Infernal Blade","floor":8},{"not_picked":["Dark Embrace","Rupture"],"picked":"Evolve","floor":10},{"not_picked":["Thunderclap","Seeing Red"],"picked":"Body Slam","floor":12},{"not_picked":["Seeing Red+1","True Grit+1"],"picked":"Juggernaut","floor":13},{"not_picked":["Thunderclap","Clash"],"picked":"Clothesline","floor":14}],"player_experience":672054,"relics_obtained":[{"floor":8,"key":"Toy Ornithopter"},{"floor":9,"key":"Eternal Feather"},{"floor":10,"key":"HornCleat"},{"floor":13,"key":"Toxic Egg 2"}],"event_choices":[],"is_beta":false,"boss_relics":[],"items_purged_floors":[],"is_endless":false,"potions_floor_spawned":[2,4,8,13],"killed_by":"Slime Boss","ascension_level":9}}