{"host":"wghdsg8ym2wc7ov9","time":1610521225,"event":{"mods":["AchievementEnabler","Astrologer","BaseMod","Beaked The Cultist","Better Altar","Better Note","Colored Map","Downfall","Hermit","Highlight Path","Jorbs\u0027s Wanderer Trilogy","KinomotoSakuraMod(????)","Minty Spire (QoL Compilation)","Random Character Button","Relic Stats","SIMod","Shop Mod","StSLib","The Blackbeard","The Bladedancer","The Construct","The Cursed","The Death Knight","The Gatherer","The Hierophant","The Marked","The Mystic","The Necromancer","The Runesmith","The Senshi","The Servant 0.9.4"],"gold_per_floor":[118,132,132,143,143,143,143,157,204,225,258,302,302,380,380,364,364],"floor_reached":16,"language":"ENG","playtime":1578,"items_purged":[],"score":112,"play_id":"aa4b816b-c1e3-4891-8026-078042d2a458","local_time":"20210112230025","is_ascension_mode":false,"campfire_choices":[{"data":"hierophant:RepressedViolence","floor":6,"key":"SMITH"},{"floor":15,"key":"REST"}],"circlet_count":0,"master_deck":["hierophant:Strike_Hierophant","hierophant:Strike_Hierophant","hierophant:Strike_Hierophant","hierophant:Strike_Hierophant","hierophant:Punish","hierophant:Defend_Hierophant","hierophant:Defend_Hierophant","hierophant:Defend_Hierophant","hierophant:Defend_Hierophant","hierophant:ChurchCoffers","hierophant:Smite","hierophant:RepressedViolence+1","hierophant:Prophecy","hierophant:Blessing","hierophant:OrnateBuckler","hierophant:Repentance","hierophant:Cornucopia","hierophant:RustyCrate","hierophant:Doubloon","hierophant:Doubloon","hierophant:Doubloon","hierophant:CursedGold"],"relics":["hierophant:PropheticMaskRelic","Pyrelight","PreservedInsect","Pen Nib","Girya","SsserpentHead","hierophant:DonationBoxRelic"],"acts_visited":["Exordium"],"potions_floor_usage":[14,16,16],"damage_taken":[{"damage":0,"enemies":"2 Louse","floor":1,"turns":1},{"damage":6,"enemies":"Jaw Worm","floor":2,"turns":3},{"damage":6,"enemies":"Cultist","floor":4,"turns":3},{"damage":17,"enemies":"Gremlin Gang","floor":8,"turns":4},{"damage":0,"enemies":"Large Slime","floor":10,"turns":4},{"damage":8,"enemies":"Gremlin Nob","floor":11,"turns":3},{"damage":3,"enemies":"Red Slaver","floor":12,"turns":4},{"damage":40,"enemies":"Lagavulin","floor":14,"turns":9},{"damage":67,"enemies":"The Guardian","floor":16,"turns":10}],"seed_played":"6800039076685798224","potions_obtained":[{"floor":2,"key":"DeathKnight:RimePotion"},{"floor":11,"key":"LiquidBronze"},{"floor":12,"key":"Strength Potion"}],"is_trial":false,"path_per_floor":["M","M","?","M","?","R","T","M","T","M","E","M","?","E","R","B"],"character_chosen":"HIEROPHANT","items_purchased":[],"campfire_rested":1,"item_purchase_floors":[],"current_hp_per_floor":[75,69,69,63,63,63,63,53,53,60,52,56,56,23,45,0,0],"gold":364,"neow_bonus":"THREE_CARDS","is_daily":false,"chose_seed":false,"campfire_upgraded":1,"win_rate":0.0,"timestamp":1610521225,"path_taken":["M","M","?","M","?","R","?","?","T","M","E","?","?","E","R","BOSS"],"items_purchased_type":[],"build_version":"2020-12-22","purchased_purges":0,"victory":false,"max_hp_per_floor":[75,75,75,75,75,75,75,75,75,75,75,75,75,75,75,75,75],"relic_stats":{"SsserpentHead":0,"counters":[9,41],"PreservedInsect":49,"Pen Nib":[4],"obtain_stats":[{"Girya":11,"SsserpentHead":13,"hierophant:PropheticMaskRelic":0,"hierophant:DonationBoxRelic":14,"Pyrelight":5,"PreservedInsect":7,"Pen Nib":9},{"Girya":6,"SsserpentHead":7,"hierophant:PropheticMaskRelic":0,"hierophant:DonationBoxRelic":8,"Pyrelight":3,"PreservedInsect":3,"Pen Nib":4},{"Girya":18,"SsserpentHead":22,"hierophant:PropheticMaskRelic":0,"hierophant:DonationBoxRelic":31,"Pyrelight":7,"PreservedInsect":7,"Pen Nib":11}]},"card_choices":[{"not_picked":["hierophant:Shelter","hierophant:Doubloon"],"picked":"hierophant:Smite","floor":0},{"not_picked":["hierophant:OrnateBuckler","hierophant:Charity"],"picked":"hierophant:RepressedViolence","floor":1},{"not_picked":["hierophant:Smite","hierophant:AuricBeam"],"picked":"hierophant:Prophecy","floor":2},{"not_picked":["hierophant:Remorse","hierophant:OrnateBuckler"],"picked":"hierophant:Blessing","floor":4},{"not_picked":["hierophant:FlamingChariot","hierophant:MintersHammer"],"picked":"hierophant:OrnateBuckler","floor":8},{"not_picked":["hierophant:Smite","hierophant:Refuge"],"picked":"hierophant:Repentance","floor":10},{"not_picked":["hierophant:ConvertCurrency","hierophant:AuricShield"],"picked":"hierophant:Cornucopia","floor":11},{"not_picked":["hierophant:Dazzle","hierophant:AuricShield"],"picked":"hierophant:RustyCrate","floor":12},{"not_picked":["hierophant:Empathy","hierophant:Refuge"],"picked":"hierophant:CursedGold","floor":14}],"player_experience":685159,"relics_obtained":[{"floor":7,"key":"PreservedInsect"},{"floor":9,"key":"Pen Nib"},{"floor":11,"key":"Girya"},{"floor":14,"key":"hierophant:DonationBoxRelic"}],"event_choices":[{"damage_healed":0,"gold_gain":0,"player_choice":"Ignored","damage_taken":0,"max_hp_gain":0,"max_hp_loss":0,"event_name":"Golden Wing","floor":3,"gold_loss":0},{"damage_healed":0,"gold_gain":0,"player_choice":"Trade","damage_taken":0,"relics_obtained":["SsserpentHead"],"max_hp_gain":0,"max_hp_loss":0,"event_name":"FaceTrader","floor":13,"gold_loss":0}],"is_beta":false,"boss_relics":[],"items_purged_floors":[],"is_endless":false,"potions_floor_spawned":[2,11,12],"killed_by":"The Guardian","ascension_level":0}}