{"host":"q6cmgfcophi14zpu","time":1610578519,"event":{"mods":["Act Like it!","BaseMod","BetterRewards","Colored Map","Colored Powertips","Downfall","Gensokyo","Hubris","Infinite Spire","Mad Scientist","Marisa????????","Minty Spire (QoL Compilation)","Remilia_Scarlet Moed?????·?????3.3.5","Replay The Spire","Shop Mod","StSLib","SuperFastMode","Td1madao Mod","The Administrix","The Animator","The Construct","The Cursed","The Disciple","The Jungle","The Mystic","The Runesmith","The Saiyan","The Servant 0.9.4","The Spell Scribe","The Witch","Yuri Mod","Yuyuko"],"gold_per_floor":[115,115,115,115,131,161,171,197,197,197,214,214,224,235,235,339,339,354,374,407,407,426,458,458,486,560,560,573,573,573,592,592,689,689,752,813,883,935,1012,1012,1012,1012],"floor_reached":41,"language":"ENG","playtime":2245,"items_purged":[],"score":670,"play_id":"ae23b861-4e47-43f0-96e2-6b583332914f","local_time":"20210113145519","is_ascension_mode":false,"campfire_choices":[{"floor":10,"key":"RECALL"},{"data":"Anger","floor":15,"key":"SMITH"},{"data":"Perfected Strike","floor":24,"key":"SMITH"},{"floor":27,"key":"REST"},{"floor":29,"key":"REST"},{"floor":32,"key":"REST"},{"floor":40,"key":"REST"}],"circlet_count":0,"master_deck":["Strike_R","Strike_R","Strike_R","Strike_R+1","Strike_R","Defend_R","Defend_R","Defend_R","Defend_R","Bash+1","Headbutt","infinitespire:Punishment+1","ReplayTheSpireMod:Strike From Hell","Twin Strike","Shrug It Off","Pummel","Anger+1","Pommel Strike","Run Through","hubris:StunningStrike","Heavy Blade+1","Perfected Strike+1","Thunderclap","Rampage","Pummel","Thunderclap+1","Searing Blow","Pommel Strike+1","Replay:Undeath\u0027s Touch+1","Bludgeon","hubris:Wrath","UpSweep","Replay:SS_forest_5","infinitespire:FinalStrike+1","Demon Form","Reckless Charge+1","Run Through+1","Armaments","Sever Soul+1"],"relics":["Burning Blood","Replay:Rubber Ducky","hubris:Metronome","Replay:WaspNest","Sozu","Red Mask","InkBottle","Gremlin Food","Darkstone Periapt","ReplayTheSpireMod:SealedPack","infinitespire:EvilPickle","CatCart"],"acts_visited":["Exordium","TheCity","TheBeyond"],"potions_floor_usage":[41,41],"damage_taken":[{"damage":12,"enemies":"Jaw Worm","floor":1,"turns":6},{"damage":0,"enemies":"Small Slimes","floor":5,"turns":3},{"damage":4,"enemies":"Replay:BlueRogue","floor":6,"turns":3},{"damage":0,"enemies":"2 Louse","floor":7,"turns":1},{"damage":0,"enemies":"Gremlin Nob","floor":8,"turns":2},{"damage":0,"enemies":"Looter","floor":11,"turns":1},{"damage":0,"enemies":"Exordium Wildlife","floor":13,"turns":2},{"damage":4,"enemies":"Gremlin Gang","floor":14,"turns":2},{"damage":45,"enemies":"The Guardian","floor":16,"turns":5},{"damage":0,"enemies":"Chosen","floor":18,"turns":2},{"damage":0,"enemies":"3 Byrds","floor":19,"turns":3},{"damage":0,"enemies":"Masked Bandits","floor":20,"turns":2},{"damage":0,"enemies":"Cultist and Chosen","floor":22,"turns":2},{"damage":8,"enemies":"Book of Stabbing","floor":23,"turns":2},{"damage":31,"enemies":"Slavers","floor":25,"turns":5},{"damage":16,"enemies":"Centurion and Healer","floor":28,"turns":3},{"damage":0,"enemies":"Snake Plant","floor":31,"turns":1},{"damage":30,"enemies":"Pondfish","floor":33,"turns":5},{"damage":11,"enemies":"Orb Walker","floor":35,"turns":2},{"damage":0,"enemies":"3 Shapes","floor":36,"turns":2},{"damage":43,"enemies":"Writhing Mass","floor":37,"turns":3},{"damage":28,"enemies":"Orin","floor":38,"turns":6},{"damage":25,"enemies":"Maw","floor":39,"turns":3},{"damage":112,"enemies":"Nightmare","floor":41,"turns":6}],"seed_played":"5459949223391507341","potions_obtained":[{"floor":6,"key":"Doom Potion"},{"floor":7,"key":"sneckomod:MuddlingPotion"},{"floor":13,"key":"Strength Potion"},{"floor":16,"key":"FairyPotion"}],"is_trial":false,"path_per_floor":["M","?","?","?","M","E","M","E","T","R","M","?","M","M","R","B",null,"M","M","?","?","M","E","R","E","T","R","M","R","AVR","M","R","B",null,"M","M","M","?","M","R","NM"],"character_chosen":"IRONCLAD","items_purchased":[],"campfire_rested":4,"item_purchase_floors":[],"current_hp_per_floor":[74,54,54,54,60,62,68,74,74,74,80,80,80,80,80,41,80,80,80,80,80,80,78,78,53,53,77,67,80,80,80,80,56,86,81,86,49,27,8,33,0,0],"gold":1012,"neow_bonus":"RANDOM_COMMON_RELIC","is_daily":false,"chose_seed":false,"campfire_upgraded":2,"win_rate":0.0,"timestamp":1610578519,"path_taken":["M","?","?","?","M","E","M","E","T","R","?","?","M","M","R","BOSS","M","M","?","?","M","E","R","E","T","R","M","R","AVR","M","R","BOSS","M","?","M","?","M","R","NM"],"items_purchased_type":[],"build_version":"2020-12-22","purchased_purges":0,"victory":false,"max_hp_per_floor":[80,80,80,80,80,80,80,80,80,80,80,80,80,80,80,80,80,80,80,80,80,80,80,80,80,80,80,80,80,80,80,80,80,86,86,86,86,86,86,86,86,86],"card_choices":[{"not_picked":["Warcry","True Grit"],"picked":"Headbutt","floor":1},{"not_picked":["infinitespire:DeathsTouch","infinitespire:Oblivion"],"picked":"infinitespire:Punishment","floor":2},{"not_picked":["Metallicize","Run Through"],"picked":"ReplayTheSpireMod:Strike From Hell","floor":5},{"not_picked":["ReplayTheSpireMod:Stacked","Eclipse"],"picked":"Twin Strike","floor":6},{"not_picked":["Warcry","ReplayTheSpireMod:Stacked"],"picked":"Shrug It Off","floor":7},{"not_picked":["Inflame","Dual Wield"],"picked":"Pummel","floor":8},{"not_picked":["Burning Pact","Seeing Red"],"picked":"Anger","floor":11},{"not_picked":["Sword Boomerang","ReplayTheSpireMod:Strike From Hell"],"picked":"Pommel Strike","floor":13},{"not_picked":["Shrug It Off","Intimidate"],"picked":"Run Through","floor":14},{"not_picked":["Eclipse","Replay:Many Hands"],"picked":"hubris:StunningStrike","floor":16},{"not_picked":["ReplayTheSpireMod:Strike From Hell","Iron Wave"],"picked":"Heavy Blade+1","floor":18},{"not_picked":["Headbutt","Warcry"],"picked":"Perfected Strike","floor":19},{"not_picked":["Entrench","Warcry"],"picked":"Thunderclap","floor":20},{"not_picked":["Second Wind","Headbutt"],"picked":"Pummel","floor":22},{"not_picked":["ReplayTheSpireMod:Muscle Training+1","Defy Death"],"picked":"Thunderclap","floor":23},{"not_picked":["Pommel Strike","Rampage+1"],"picked":"Searing Blow","floor":25},{"not_picked":["Run Through","Armaments"],"picked":"Pommel Strike+1","floor":28},{"not_picked":["Entrench+1","ReplayTheSpireMod:Strike From Hell"],"picked":"Replay:Undeath\u0027s Touch+1","floor":31},{"not_picked":["Corruption","Offering"],"picked":"Bludgeon","floor":33},{"not_picked":["Bash","RemiliaMod:CAattack_t"],"picked":"UpSweep","floor":34},{"not_picked":["expansioncontent:Hexaburn","expansioncontent:SlimeTackle"],"picked":"Replay:SS_forest_5","floor":34},{"not_picked":["ReplayTheSpireMod:Chaos Vortex","ReplayTheSpireMod:Black Plague"],"picked":"infinitespire:FinalStrike","floor":34},{"not_picked":["Eclipse","Demonic Infusion"],"picked":"Demon Form","floor":34},{"not_picked":["Twin Strike","Perfected Strike+1"],"picked":"Reckless Charge+1","floor":35},{"not_picked":["Fire Breathing","Metallicize+1"],"picked":"Run Through+1","floor":36},{"not_picked":["Warcry+1","Abandon+1"],"picked":"Armaments","floor":37},{"not_picked":["Sword Boomerang","Flex"],"picked":"Sever Soul+1","floor":39}],"player_experience":11553,"relics_obtained":[{"floor":6,"key":"hubris:Metronome"},{"floor":8,"key":"Replay:WaspNest"},{"floor":20,"key":"Red Mask"},{"floor":23,"key":"InkBottle"},{"floor":25,"key":"Gremlin Food"},{"floor":26,"key":"Darkstone Periapt"},{"floor":38,"key":"CatCart"}],"event_choices":[{"damage_healed":0,"gold_gain":0,"player_choice":"Ignored","damage_taken":0,"max_hp_gain":0,"max_hp_loss":0,"event_name":"Golden Wing","floor":12,"gold_loss":0},{"damage_healed":0,"gold_gain":0,"player_choice":"Fought Bandits","damage_taken":0,"max_hp_gain":0,"max_hp_loss":0,"event_name":"Masked Bandits","floor":20,"gold_loss":0},{"damage_healed":0,"gold_gain":0,"player_choice":"Read","damage_taken":0,"max_hp_gain":0,"max_hp_loss":0,"event_name":"The Library","floor":21,"gold_loss":0,"cards_obtained":["Rampage"]},{"damage_healed":0,"gold_gain":0,"player_choice":"Fight","damage_taken":0,"max_hp_gain":0,"max_hp_loss":0,"event_name":"OrinTheCat","floor":38,"gold_loss":0}],"is_beta":false,"boss_relics":[{"not_picked":["Replay:Fungal Core","hubris:HollowSoul"],"picked":"Sozu"},{"not_picked":["Electric Blood","Ooze Armor"],"picked":"ReplayTheSpireMod:SealedPack"}],"items_purged_floors":[],"is_endless":false,"potions_floor_spawned":[6,7,13,16,20,22,25,31,33,36,37,38],"killed_by":"Nightmare","ascension_level":0}}