{"host":"6swbl1yqdi8v28pk","time":1610570951,"event":{"mods":["AchievementEnabler","BaseMod","Colored Map","Minty Spire (QoL Compilation)","Quick Restart"],"gold_per_floor":[114,40,40,52,52,52,81,96,171,171,171,188,215,225,225,329,329,345,345,362,377,393,393,393],"floor_reached":23,"language":"SPA","playtime":1497,"items_purged":[],"score":228,"play_id":"c2275d1e-c204-4b70-8854-be9228804c4f","local_time":"20210113144911","is_ascension_mode":false,"campfire_choices":[{"data":"True Grit","floor":6,"key":"SMITH"},{"data":"Disarm","floor":11,"key":"SMITH"},{"data":"Entrench","floor":15,"key":"SMITH"}],"circlet_count":0,"master_deck":["Strike_R","Strike_R","Strike_R","Strike_R","Defend_R","Defend_R","Defend_R","Bash","Battle Trance","Body Slam+1","True Grit+1","Ghostly Armor","Uppercut","Entrench+1","Disarm+1","Clothesline","Shrug It Off","Feed","Warcry"],"relics":["Burning Blood","NeowsBlessing","Toy Ornithopter","Juzu Bracelet","SlaversCollar"],"acts_visited":["Exordium","TheCity"],"potions_floor_usage":[14,16,21,23],"damage_taken":[{"damage":0,"enemies":"Cultist","floor":1,"turns":1},{"damage":0,"enemies":"2 Louse","floor":4,"turns":1},{"damage":0,"enemies":"Lagavulin","floor":7,"turns":1},{"damage":1,"enemies":"Jaw Worm","floor":8,"turns":2},{"damage":0,"enemies":"Looter","floor":12,"turns":4},{"damage":8,"enemies":"3 Sentries","floor":13,"turns":12},{"damage":14,"enemies":"Large Slime","floor":14,"turns":8},{"damage":25,"enemies":"The Guardian","floor":16,"turns":18},{"damage":16,"enemies":"3 Byrds","floor":18,"turns":11},{"damage":13,"enemies":"Chosen","floor":20,"turns":11},{"damage":9,"enemies":"Centurion and Healer","floor":21,"turns":13},{"damage":9,"enemies":"Shelled Parasite and Fungi","floor":22,"turns":16},{"damage":62,"enemies":"Slavers","floor":23,"turns":6}],"seed_played":"-1648924897719729985","potions_obtained":[{"floor":1,"key":"ColorlessPotion"},{"floor":4,"key":"EssenceOfSteel"},{"floor":14,"key":"SpeedPotion"},{"floor":18,"key":"ColorlessPotion"}],"is_trial":false,"path_per_floor":["M","$","?","M","?","R","E","M","T","?","R","M","E","M","R","B",null,"M","?","M","M","M","E"],"character_chosen":"IRONCLAD","items_purchased":["Body Slam","True Grit"],"campfire_rested":0,"item_purchase_floors":[2,2],"current_hp_per_floor":[80,80,80,80,80,80,80,80,80,80,80,80,78,72,72,58,80,73,57,50,55,55,0,0],"gold":393,"neow_bonus":"THREE_ENEMY_KILL","is_daily":false,"chose_seed":false,"campfire_upgraded":3,"win_rate":0.0,"timestamp":1610570951,"path_taken":["M","$","?","?","?","R","E","M","T","?","R","?","E","M","R","BOSS","M","?","M","M","M","E"],"items_purchased_type":["Card","Card"],"build_version":"2020-12-22","purchased_purges":0,"victory":false,"max_hp_per_floor":[80,80,80,80,80,80,80,80,80,80,80,80,80,80,80,80,80,83,88,88,91,94,94,94],"card_choices":[{"not_picked":["Sword Boomerang","Perfected Strike"],"picked":"Battle Trance","floor":1},{"not_picked":["Iron Wave","Power Through"],"picked":"Ghostly Armor","floor":4},{"not_picked":["Pommel Strike","Offering"],"picked":"Uppercut","floor":7},{"not_picked":["Power Through","Headbutt"],"picked":"Entrench","floor":8},{"not_picked":["Rupture","Havoc"],"picked":"Clothesline","floor":12},{"not_picked":["Rampage","Corruption","Carnage"],"picked":"SKIP","floor":13},{"not_picked":["Disarm","Flex"],"picked":"Shrug It Off","floor":14},{"not_picked":["Reaper","Bludgeon"],"picked":"Feed","floor":16},{"not_picked":["Entrench","Wild Strike+1"],"picked":"Warcry","floor":18},{"not_picked":["Anger","Evolve","Headbutt"],"picked":"SKIP","floor":20},{"not_picked":["Sever Soul+1","Hemokinesis","Wild Strike"],"picked":"SKIP","floor":21},{"not_picked":["Heavy Blade","True Grit+1","Wild Strike"],"picked":"SKIP","floor":22}],"player_experience":145713,"relics_obtained":[{"floor":7,"key":"Toy Ornithopter"},{"floor":13,"key":"Juzu Bracelet"}],"event_choices":[{"damage_healed":0,"gold_gain":0,"player_choice":"Forge","damage_taken":0,"max_hp_gain":0,"max_hp_loss":0,"event_name":"Accursed Blacksmith","floor":3,"gold_loss":0,"cards_upgraded":["Body Slam"]},{"cards_removed":["Defend_R"],"damage_healed":0,"gold_gain":0,"player_choice":"Forget","damage_taken":0,"max_hp_gain":0,"max_hp_loss":0,"event_name":"Living Wall","floor":5,"gold_loss":0},{"damage_healed":0,"gold_gain":0,"cards_transformed":["Strike_R"],"player_choice":"Transformed","damage_taken":0,"max_hp_gain":0,"max_hp_loss":0,"event_name":"Transmorgrifier","floor":10,"gold_loss":0,"cards_obtained":["Disarm"]},{"damage_healed":0,"gold_gain":0,"player_choice":"Shed Blood","damage_taken":21,"max_hp_gain":5,"max_hp_loss":0,"event_name":"Forgotten Altar","floor":19,"gold_loss":0}],"is_beta":false,"boss_relics":[{"not_picked":["Black Star","Runic Dome"],"picked":"SlaversCollar"}],"items_purged_floors":[],"is_endless":false,"potions_floor_spawned":[1,4,14,18],"killed_by":"Slavers","ascension_level":0}}