{"host":"jgyoyy5iuhtvyvtg","time":1610527133,"event":{"mods":["2.2 Compatiblity","BaseMod","Challenge The Spire","Colored Map","Conspire","Dark Map","Downfall","Hermit","Highlight Path","Infinite Spire","Lobotomy","LobotomyExtend","Minty Spire (QoL Compilation)","Quick Restart","Replay The Spire","Spikes Relics","StSLib","The Construct","The Disciple","The Jungle","Yuri Mod"],"gold_per_floor":[115,115,115,115,34,34,54,154,177,177,177,190,221,246,246,351,351,365,376,376,396,410,439,439,310,310,328,328,345,371,371,371,920,920,932,671,671,671,671,671,704,704,704,704,704,720,738,763,763,866,866,875,881,881,981,421,421,420,427,482,482,485,485,444,452,452,536,536,536,536,536,536,538,538,558,558,558,34,34,34,34,24,24,103,103,108,108,180,180,196,220,220,220,220,220,220,228,47,56,56,107,107,116,116,119,124,124,147,147,155,155,155,155,160,169,169,169],"floor_reached":116,"language":"ENG","playtime":4807,"items_purged":["Funeral","ReplayTheSpireMod:Splinters","Strike_G","Strike_G","Woodsman","Strike_G","Strike_G+1"],"score":2552,"play_id":"abdbb8ee-0efb-404f-bd56-dc4e149eb43c","local_time":"20210113003853","is_ascension_mode":false,"campfire_choices":[{"data":"Blade Dance","floor":6.0,"key":"SMITH"},{"data":"Hidden Blade","floor":10.0,"key":"SMITH"},{"floor":15.0,"key":"REST"},{"floor":24.0,"key":"REST"},{"data":"BlessedFruit","floor":32.0,"key":"SMITH"},{"data":"BlessedFruit","floor":40.0,"key":"SMITH"},{"data":"Cloak And Dagger","floor":42.0,"key":"SMITH"},{"data":"Phantasmal Killer","floor":45.0,"key":"SMITH"},{"data":"Phantasmal Killer","floor":49.0,"key":"SMITH"},{"data":"Blade Dance","floor":57.0,"key":"SMITH"},{"data":"Phantasmal Killer","floor":61.0,"key":"SMITH"},{"data":"Accuracy","floor":63.0,"key":"SMITH"},{"data":"Accuracy","floor":66.0,"key":"SMITH"},{"data":"Phantasmal Killer","floor":74.0,"key":"SMITH"},{"data":"Draining Mist","floor":76.0,"key":"SMITH"},{"data":"Burst","floor":83.0,"key":"SMITH"},{"data":"Storm of Steel","floor":92,"key":"SMITH"},{"data":"Dodge and Roll","floor":96,"key":"SMITH"},{"data":"Cloak And Dagger","floor":100,"key":"SMITH"},{"data":"ReplayTheSpireMod:Tripwire","floor":109,"key":"SMITH"},{"data":"Phantasmal Killer","floor":112,"key":"SMITH"}],"circlet_count":0,"master_deck":["BlueStar","LongBird","BodiesMountain","BodiesMountain","WhiteNight","BigBird","Defend_G","Defend_G","Defend_G","Defend_G","Defend_G","Survivor","Neutralize+1","OSAHOGD","Blade Dance+1","Corpse Explosion","Hidden Blade+1","Dodge and Roll+1","Draining Mist+1","Blur","HereticApostle","Noxious Fumes","Prepared","NakedNest","PiercingWail+1","Choke+1","Accuracy+1","Accuracy+1","Cloak And Dagger+1","Crippling Poison","BlessedFruit+1","BlessedFruit+1","Phantasmal Killer+1","Phantasmal Killer+1","BlackSwan","Cloak And Dagger+1","Noxious Fumes","Poison Darts","Sharp Hide","GreedKing","Accuracy+1","ReplayTheSpireMod:From All Sides","conspire:DoublingDagger+1","Adrenaline+1","ReplayTheSpireMod:Shiv Toss+1","Phantasmal Killer+1","Accuracy+1","Blade Dance+1","Riddle With Holes","Prepared+1","Phantasmal Killer+1","infinitespire:Punishment","Infinite Blades+1","Cloak And Dagger+1","After Image+1","Burst+1","Storm of Steel+1","AbeCurse","Dagger Spray","Dagger Spray+1","Terror+1","Injury","Envenom+1","ReplayUltimateDefense+1","ReplayTheSpireMod:Scrap Shanks+1","Phantasmal Killer+1","Blur","ReplayTheSpireMod:Tripwire+1","Dagger Spray","Blur"],"relics":["Chronometer","CogitoBucket","LetterFromLob","Whetstone","Art of War","Amita_r","Snake Skull","Tingsha","SolemnVow_r","conspire:RunicOctahedron","BackwardClock","HandDrill","Ring of the Snake","CogitoBucket","LetterFromLob","Whetstone","Art of War","Amita_r","Snake Skull","Tingsha","SolemnVow_r","conspire:RunicOctahedron","BackwardClock","HandDrill","Ring of the Snake","CogitoBucket","LetterFromLob","Whetstone","Art of War","Amita_r","Snake Skull","Tingsha","SolemnVow_r","conspire:RunicOctahedron","HandDrill","Centennial Puzzle","Ninja Scroll","SkinProphecy","Letter Opener","AspirationHeart","AtMidnight","HeavenlyBonsai","RoseTintedShades","Ancient Tea Set","RetroEgg","MiniBlackHole","Chameleon Ring","Blood Vial","conspire:RoyalGoblet","SpikesRelics:DaevaFist","Frozen Egg 2","Gremlin Horn","Potion Belt","ChewingGum","champ:DuelingGlove","Question Card","Lamp_r","Matryoshka","Tiny Chest","ReplayTheSpireMod:Lightbulb","DeathAngel","SacredBark","infinitespire:Beetle Shell","Replay:Accelerometer","ShedSkin_r","Singing Bowl","BrokenLever","infinitespire:Lucky Rock","Vajra","infinitespire:Golems Mask","TheSmile_r","Justitia_r","Abe\u0027s Treasure","Kunai","Replay:Kaleidoscope","TheAbacus","RollingBoulder","Happy Flower","Iron Hammer","infinitespire:Bottled Soul","Ring of Fury","SoundOfStar_r","Anchor","ResearcherNote","CosmicIsotope","infinitespire:Cubic Diamond","Basket Of Snakes","Blue Doll","Guardian:PocketSentry","Bottled Tornado","Quantum Egg"],"acts_visited":["Exordium","Exordium","TheBeyond","Exordium","TheCity","TheBeyond","Exordium"],"potions_floor_usage":[],"damage_taken":[{"damage":0.0,"enemies":"Jaw Worm","floor":1.0,"turns":5.0},{"damage":0.0,"enemies":"Small Slimes","floor":7.0,"turns":2.0},{"damage":0.0,"enemies":"Cultist","floor":12.0,"turns":4.0},{"damage":62.0,"enemies":"3 Sentries","floor":13.0,"turns":8.0},{"damage":0.0,"enemies":"Fading Forest","floor":16.0,"turns":11.0},{"damage":1.0,"enemies":"theJungle:MUSHROOMGANG","floor":18.0,"turns":4.0},{"damage":12.0,"enemies":"theJungle:Flameango_and_Byrd","floor":19.0,"turns":5.0},{"damage":19.0,"enemies":"theJungle:2_Snecko_Cultists","floor":21.0,"turns":4.0},{"damage":40.0,"enemies":"theJungle:2_Flameangoes","floor":22.0,"turns":6.0},{"damage":33.0,"enemies":"theJungle:Cassacara","floor":23.0,"turns":15.0},{"damage":4.0,"enemies":"theJungle:Lyon","floor":27.0,"turns":2.0},{"damage":11.0,"enemies":"theJungle:SlimyTreeVines","floor":29.0,"turns":4.0},{"damage":9.0,"enemies":"Nightmare","floor":30.0,"turns":5.0},{"damage":22.0,"enemies":"theJungle:FunGuy","floor":33.0,"turns":6.0},{"damage":0.0,"enemies":"3 Shapes","floor":35.0,"turns":2.0},{"damage":6.0,"enemies":"Reptomancer","floor":41.0,"turns":3.0},{"damage":0.0,"enemies":"Orb Walker","floor":46.0,"turns":1.0},{"damage":6.0,"enemies":"4 Shapes","floor":47.0,"turns":3.0},{"damage":75.0,"enemies":"Nightmare","floor":48.0,"turns":3.0},{"damage":24.0,"enemies":"Time Eater","floor":50.0,"turns":2.0},{"damage":0.0,"enemies":"Small Slimes","floor":52.0,"turns":1.0},{"damage":0.0,"enemies":"Jaw Worm","floor":53.0,"turns":1.0},{"damage":0.0,"enemies":"2 Louse","floor":58.0,"turns":2.0},{"damage":14.0,"enemies":"3 Sentries","floor":59.0,"turns":2.0},{"damage":0.0,"enemies":"2 Fungi Beasts","floor":62.0,"turns":1.0},{"damage":89.0,"enemies":"Red Slaver","floor":64.0,"turns":4.0},{"damage":0.0,"enemies":"Red Slaver","floor":65.0,"turns":1.0},{"damage":0.0,"enemies":"The Guardian","floor":67.0,"turns":2.0},{"damage":0.0,"enemies":"2 Thieves","floor":73.0,"turns":1.0},{"damage":0.0,"enemies":"Book of Stabbing","floor":75.0,"turns":1.0},{"damage":0.0,"enemies":"Chosen","floor":82.0,"turns":1.0},{"damage":0.0,"enemies":"Collector","floor":84.0,"turns":2.0},{"damage":0.0,"enemies":"3 Darklings","floor":86.0,"turns":2.0},{"damage":0.0,"enemies":"infinitespire:Three Voidlings","floor":88.0,"turns":1.0},{"damage":108.0,"enemies":"Nightmare_Alpha","floor":88.0,"turns":5.0},{"damage":4,"enemies":"conspire:MimicChest","floor":90,"turns":2},{"damage":5,"enemies":"Nemesis","floor":91,"turns":1},{"damage":0,"enemies":"R_Hoarder","floor":97,"turns":2},{"damage":0,"enemies":"Orb Walker","floor":99,"turns":1},{"damage":37,"enemies":"conspire:OrnateMirror","floor":101,"turns":3},{"damage":0,"enemies":"Jaw Worm","floor":103,"turns":1},{"damage":0,"enemies":"Cultist","floor":105,"turns":1},{"damage":0,"enemies":"2 Louse","floor":106,"turns":1},{"damage":0,"enemies":"Gremlin Nob","floor":108,"turns":1},{"damage":0,"enemies":"Nightmare","floor":110,"turns":3},{"damage":0,"enemies":"2 Fungi Beasts","floor":114,"turns":1},{"damage":0,"enemies":"Blue Slaver","floor":115,"turns":1},{"damage":0,"enemies":"3 Louse","floor":116,"turns":1}],"seed_played":"-3135580866192926405","potions_obtained":[{"floor":1.0,"key":"SpeedPotion"},{"floor":12.0,"key":"Adrenaline Potion"},{"floor":21.0,"key":"Flashbang"},{"floor":23.0,"key":"Toxic Potion"},{"floor":29.0,"key":"SpeedPotion"},{"floor":33.0,"key":"Slimebound:ThreeZeroPotion"},{"floor":33.0,"key":"SneckoOil"},{"floor":33.0,"key":"CultistPotion"},{"floor":33.0,"key":"AttackPotion"},{"floor":46.0,"key":"Regen Potion"},{"floor":48.0,"key":"FearPotion"},{"floor":53.0,"key":"Strength Potion"},{"floor":58.0,"key":"Regen Potion"},{"floor":64.0,"key":"Reflective Coating"},{"floor":65.0,"key":"SpeedPotion"},{"floor":103,"key":"LifebloodPotion"}],"is_trial":false,"path_per_floor":["M","?","?","?","$","R","M","?","T","R","M","M","E","?","R","B",null,"M","M","AVR","M","M","E","R","$","T","M","T","M","NM","?","R","B",null,"M","$","?","?","AVR","R","E","R","T","?","R","M","M","NM","R","B",null,"M","M","AVR","?","$","R","M","E","T","R","M","R","M","M","R","B",null,"M","?","T","M","M","R","E","R","T","$","AVR","$","$","M","R","B",null,"M","T","?","AVR","?","E","R","T","T","?","R","E","$","M","R","B",null,"M","?","M","M","?","E","R","NM","T","R","T","M","M","M"],"character_chosen":"THE_SILENT","items_purchased":["Corpse Explosion","Accuracy","Noxious Fumes","Poison Darts","Accuracy+1","Question Card","Blade Dance","Riddle With Holes","After Image+1","Burst","infinitespire:Lucky Rock","Vajra","ReplayUltimateDefense+1"],"campfire_rested":2,"item_purchase_floors":[5,25,36,36,56,56,56,56,78,78,78,78,98],"current_hp_per_floor":[70,70,70,70,70,70,70,70,70,70,70,70,8,8,29,41,73,72,62,62,43,3,19,44,44,44,58,58,73,66,66,66,49,133,147,147,147,147,147,147,153,153,153,153,153,165,180,128,128,163,163,183,204,204,204,204,204,236,248,248,248,256,256,195,213,213,270,270,270,199,199,205,235,235,248,248,248,248,248,248,248,312,312,322,322,335,335,219,219,261,282,282,282,282,282,282,349,349,372,372,430,430,428,428,439,444,432,454,454,461,461,461,461,471,476,474,474],"gold":169,"neow_bonus":"","is_daily":false,"chose_seed":false,"campfire_upgraded":19,"win_rate":0.0,"timestamp":1610527133,"path_taken":["M","?","?","?","$","R","M","?","T","R","?","M","E","?","R","BOSS","M","M","AVR","M","M","E","R","?","T","M","?","M","NM","?","R","BOSS","M","$","?","?","AVR","R","E","R","T","?","R","M","M","NM","R","BOSS","M","M","AVR","?","$","R","M","E","T","R","M","R","?","?","R","BOSS","M","?","?","?","M","R","E","R","T","?","AVR","?","$","M","R","BOSS","M","?","?","AVR","?","E","R","?","T","?","R","E","$","M","R","BOSS","M","?","M","M","?","E","R","NM","T","R","?","M","M","M"],"items_purchased_type":["Card","Card","Card","Card","Card","Relic","Card","Card","Card","Card","Relic","Relic","Card"],"build_version":"2020-12-22","purchased_purges":7,"victory":false,"max_hp_per_floor":[70,70,70,70,70,70,70,70,70,70,70,70,72,72,72,73,73,76,78,78,80,82,85,85,85,85,94,94,120,125,125,125,133,133,147,147,147,147,147,147,156,156,156,156,156,165,183,190,190,206,206,214,221,221,221,221,221,236,251,251,251,259,259,270,275,275,282,282,282,287,287,287,295,295,302,302,302,302,302,302,302,317,317,325,325,357,357,384,384,393,400,400,400,400,400,400,412,412,419,419,430,430,437,437,444,452,452,457,457,466,466,466,466,474,479,481,481],"card_choices":[{"not_picked":["Scorched","Murderer","BeautyBeast"],"picked":"Singing Bowl","floor":1.0},{"not_picked":["WhitesApple","CherryBlossoms"],"picked":"OSAHOGD","floor":1.0},{"not_picked":["PiercingWail","Flying Knee"],"picked":"Blade Dance","floor":1.0},{"not_picked":["VoidDream","SilentOrchestra","CherryBlossoms"],"picked":"Singing Bowl","floor":7.0},{"not_picked":["Slice","Acrobatics"],"picked":"Hidden Blade","floor":7.0},{"not_picked":["LittlePrince","CrumblingArmor","Scorched"],"picked":"Singing Bowl","floor":12.0},{"not_picked":["Slice","infinitespire:Neurotoxin"],"picked":"Dodge and Roll","floor":12.0},{"not_picked":["FairyFestival","Scorched"],"picked":"Funeral","floor":13.0},{"not_picked":["Quick Slash","Dagger Throw"],"picked":"Draining Mist","floor":13.0},{"not_picked":["Flying Knee","Acrobatics"],"picked":"Blur","floor":14.0},{"not_picked":["Mercenary","Wellcheers","Porccubus"],"picked":"Singing Bowl","floor":16.0},{"not_picked":["Yin","LittleHelper"],"picked":"UniverseFragment","floor":16.0},{"not_picked":["infinitespire:Neurotoxin","Corpse Explosion"],"picked":"Night Terror","floor":16.0},{"not_picked":["Wellcheers","WallGazer","SpiderBud"],"picked":"Singing Bowl","floor":18.0},{"not_picked":["Deadly Poison+1","Slice"],"picked":"Noxious Fumes","floor":18.0},{"not_picked":["CrumblingArmor","DreamingCurrent","MeatLantern"],"picked":"Singing Bowl","floor":19.0},{"not_picked":["Acrobatics","Poisoned Stab"],"picked":"Prepared","floor":19.0},{"not_picked":["PunishingBird","LongBird","FairyFestival"],"picked":"Singing Bowl","floor":21.0},{"not_picked":["VoidDream","CrumblingArmor"],"picked":"NakedNest","floor":21.0},{"not_picked":["All Out Attack","Poisoned Stab+1","Eviscerate"],"picked":"SKIP","floor":21.0},{"not_picked":["All Out Attack","Poisoned Stab+1","Eviscerate"],"picked":"SKIP","floor":21.0},{"not_picked":["SingingMachine","OldLady","LittleHelper"],"picked":"Singing Bowl","floor":22.0},{"not_picked":["Porccubus","SpiderBud"],"picked":"Woodsman","floor":22.0},{"not_picked":["Acrobatics","Wraith Form v2"],"picked":"PiercingWail+1","floor":22.0},{"not_picked":["Laetitia","SingingMachine","Mercenary"],"picked":"Singing Bowl","floor":23.0},{"not_picked":["conspire:DoublingDagger","Skewer"],"picked":"Choke+1","floor":23.0},{"not_picked":["WallGazer","LaLuna","FairyFestival"],"picked":"Singing Bowl","floor":27.0},{"not_picked":["Predator","Sucker Punch"],"picked":"Cloak And Dagger","floor":27.0},{"not_picked":["Bloodbath","Freischutz","ShyLook"],"picked":"Singing Bowl","floor":29.0},{"not_picked":["Escape Plan","Heel Hook"],"picked":"Crippling Poison","floor":29.0},{"not_picked":["Murderer","Wellcheers","WallGazer"],"picked":"Singing Bowl","floor":30.0},{"not_picked":["Choke","Prepared"],"picked":"Phantasmal Killer","floor":30.0},{"not_picked":["Funeral","LittlePrince","SnowQueen"],"picked":"Singing Bowl","floor":33.0},{"not_picked":["Night Terror","Wraith Form v2"],"picked":"Phantasmal Killer","floor":33.0},{"not_picked":["WallGazer","Funeral","QueenBee"],"picked":"Singing Bowl","floor":35.0},{"not_picked":["SilentOrchestra","PunishingBird"],"picked":"BlackSwan","floor":35.0},{"not_picked":["Backflip+1","Slice"],"picked":"Cloak And Dagger+1","floor":35.0},{"not_picked":["Replay:Dark Deal","Assess"],"picked":"Sharp Hide","floor":37.0},{"not_picked":["SilentOrchestra","SingingMachine","CENSORED"],"picked":"Singing Bowl","floor":41.0},{"not_picked":["Funeral","Bloodbath"],"picked":"BigBird","floor":41.0},{"not_picked":["QueenOfHatred","Porccubus"],"picked":"GreedKing","floor":41.0},{"not_picked":["WallGazer","FairyFestival"],"picked":"WhiteNight","floor":41.0},{"not_picked":["Doppelganger","All Out Attack"],"picked":"Accuracy+1","floor":41.0},{"not_picked":["WhitesApple","HappyTeddy","Wellcheers"],"picked":"Singing Bowl","floor":46.0},{"not_picked":["Acrobatics+1","Hidden Blade+1","Deadly Poison"],"picked":"SKIP","floor":46.0},{"not_picked":["QueenOfHatred","Yin"],"picked":"BodiesMountain","floor":47.0},{"not_picked":["LaLuna","BigBadWolf","CENSORED"],"picked":"Singing Bowl","floor":47.0},{"not_picked":["Deflect","Dagger Throw"],"picked":"ReplayTheSpireMod:From All Sides","floor":47.0},{"not_picked":["BlueStar","Variant","PunishingBird"],"picked":"Singing Bowl","floor":48.0},{"not_picked":["Dagger Throw+1","Flying Knee"],"picked":"conspire:DoublingDagger+1","floor":48.0},{"not_picked":["GalaxyChild","Porccubus"],"picked":"LongBird","floor":50.0},{"not_picked":["RedShoes","LaLuna","DreamingCurrent"],"picked":"Singing Bowl","floor":50.0},{"not_picked":["ReplayTheSpireMod:Necrosis","Night Terror"],"picked":"Adrenaline","floor":50.0},{"not_picked":["MHz","CENSORED","NothingThere"],"picked":"Singing Bowl","floor":52.0},{"not_picked":["Flying Knee","conspire:DoublingDagger"],"picked":"ReplayTheSpireMod:Shiv Toss","floor":52.0},{"not_picked":["SingingMachine","BlueStar","HeroicMonk"],"picked":"Singing Bowl","floor":53.0},{"not_picked":["Prepared","Poisoned Stab"],"picked":"Phantasmal Killer","floor":53.0},{"not_picked":["SnowQueen","Mercenary","BlackArmy"],"picked":"Singing Bowl","floor":58.0},{"not_picked":["Hidden Blade","Flechettes","Deadly Poison","Quick Slash"],"picked":"SKIP","floor":58.0},{"not_picked":["DespairKnight","Freischutz","Rudolta"],"picked":"Singing Bowl","floor":59.0},{"not_picked":["conspire:PoisonWeapons","Quick Slash","Outmaneuver","Dash"],"picked":"SKIP","floor":59.0},{"not_picked":["DespairKnight","Woodsman","MeltingLove"],"picked":"Singing Bowl","floor":62.0},{"not_picked":["Skewer","Hidden Blade","Eviscerate","PiercingWail"],"picked":"SKIP","floor":62.0},{"not_picked":["NothingThere","Funeral","Yin"],"picked":"Singing Bowl","floor":64.0},{"not_picked":["Setup","Bane","infinitespire:Neurotoxin"],"picked":"Prepared","floor":64.0},{"not_picked":["NothingThere","BlackArmy","HappyTeddy"],"picked":"Singing Bowl","floor":65.0},{"not_picked":["Backflip","Deflect","Toxin Wave","Acrobatics"],"picked":"SKIP","floor":65.0},{"not_picked":["CENSORED","HappyTeddy","SilentOrchestra"],"picked":"Singing Bowl","floor":67.0},{"not_picked":["Night Terror","Adrenaline","Wraith Form v2+1"],"picked":"Phantasmal Killer","floor":67.0},{"not_picked":["infinitespire:TheBestDefense","infinitespire:SealOfDarkness+"],"picked":"infinitespire:Punishment","floor":68.0},{"not_picked":["LittleHelper","GalaxyChild","QueenOfHatred"],"picked":"Singing Bowl","floor":73.0},{"not_picked":["Bouncing Flask","Dagger Throw","Choke"],"picked":"Infinite Blades+1","floor":73.0},{"not_picked":["NothingThere","FieryBird","Freischutz"],"picked":"Singing Bowl","floor":75.0},{"not_picked":["Distraction","Dodge and Roll","Dagger Throw"],"picked":"Cloak And Dagger","floor":75.0},{"not_picked":["Freischutz","Alriune","LittlePrince"],"picked":"Singing Bowl","floor":82.0},{"not_picked":["Riddle With Holes","PiercingWail","Prepared+1","Bane+1"],"picked":"Singing Bowl","floor":82.0},{"not_picked":["WhitesApple","Yin","NothingThere"],"picked":"Singing Bowl","floor":84.0},{"not_picked":["Night Terror","Venomology","Atom Bomb"],"picked":"Storm of Steel","floor":84.0},{"not_picked":["DreamingCurrent","Scarecrow","Alriune"],"picked":"Singing Bowl","floor":86.0},{"not_picked":["Outmaneuver+1","Poisoned Stab+1","Acrobatics+1"],"picked":"Dagger Spray","floor":86.0},{"not_picked":["infinitespire:DeathsTouch","infinitespire:FinalStrike","ReplayTheSpireMod:Haul"],"picked":"Singing Bowl","floor":88},{"not_picked":["Riddle With Holes","Setup","Backstab"],"picked":"Dagger Spray+1","floor":88},{"not_picked":["Porccubus","NothingThere","Woodsman"],"picked":"Singing Bowl","floor":90},{"not_picked":["NothingThere","CENSORED"],"picked":"BlueStar","floor":90},{"not_picked":["Deadly Poison+1","Dagger Throw","ReplayTheSpireMod:Speed Training","Riddle With Holes"],"picked":"Singing Bowl","floor":90},{"not_picked":["SilentOrchestra","CENSORED","Funeral"],"picked":"Singing Bowl","floor":91},{"not_picked":["Endless Agony","Prepared","Outmaneuver"],"picked":"Terror+1","floor":91},{"not_picked":["MeltingLove","NothingThere","SilentOrchestra"],"picked":"Singing Bowl","floor":97},{"not_picked":["Acrobatics","Fluid Movement+1","Slice+1"],"picked":"Envenom+1","floor":97},{"not_picked":["BlackArmy","Woodsman","CENSORED"],"picked":"Singing Bowl","floor":99},{"not_picked":["Cloak And Dagger","Slice","Sneak Up+1"],"picked":"ReplayTheSpireMod:Scrap Shanks+1","floor":99},{"not_picked":["RedShoes","NothingThere","CENSORED"],"picked":"Singing Bowl","floor":101},{"not_picked":["Die Die Die","Grand Finale","Night Terror"],"picked":"Phantasmal Killer","floor":101},{"not_picked":["NothingThere","SilentOrchestra","CENSORED"],"picked":"Singing Bowl","floor":103},{"not_picked":["Slice","Quick Slash","Deadly Poison","Terror"],"picked":"Singing Bowl","floor":103},{"not_picked":["MeltingLove","BlackArmy","CENSORED"],"picked":"Singing Bowl","floor":105},{"not_picked":["Flying Knee","Hidden Blade","Heel Hook","Dodge and Roll"],"picked":"Singing Bowl","floor":105},{"not_picked":["BlackArmy","LittleHelper","NothingThere"],"picked":"Singing Bowl","floor":106},{"not_picked":["Acrobatics","Hidden Blade","Bane"],"picked":"Blur","floor":106},{"not_picked":["SilentOrchestra","MeltingLove","BlackArmy"],"picked":"Singing Bowl","floor":108},{"not_picked":["Prepared","Acrobatics","Burst"],"picked":"ReplayTheSpireMod:Tripwire","floor":108},{"not_picked":["BlackArmy","NothingThere","CENSORED"],"picked":"Singing Bowl","floor":110},{"not_picked":["Skewer","ReplayTheSpireMod:Shiv Toss","Concentrate","Dagger Throw"],"picked":"Singing Bowl","floor":110},{"not_picked":["SilentOrchestra","BlackArmy"],"picked":"CENSORED","floor":114},{"not_picked":["MeltingLove","BlackArmy","Laetitia"],"picked":"Singing Bowl","floor":114},{"not_picked":["Cloak And Dagger","Deadly Poison","Blade Dance"],"picked":"Dagger Spray","floor":114},{"not_picked":["MeltingLove","BlackArmy","NothingThere"],"picked":"Singing Bowl","floor":115},{"not_picked":["Bane","Backflip","Predator"],"picked":"Blur","floor":115}],"player_experience":3206360,"relics_obtained":[{"floor":1.0,"key":"LetterFromLob"},{"floor":4.0,"key":"Whetstone"},{"floor":9.0,"key":"Art of War"},{"floor":13.0,"key":"Snake Skull"},{"floor":14.0,"key":"Tingsha"},{"floor":23.0,"key":"Centennial Puzzle"},{"floor":26.0,"key":"Ninja Scroll"},{"floor":28.0,"key":"Letter Opener"},{"floor":29.0,"key":"AtMidnight"},{"floor":30.0,"key":"HeavenlyBonsai"},{"floor":33.0,"key":"RoseTintedShades"},{"floor":33.0,"key":"Ancient Tea Set"},{"floor":33.0,"key":"RetroEgg"},{"floor":33.0,"key":"MiniBlackHole"},{"floor":33.0,"key":"Chameleon Ring"},{"floor":33.0,"key":"Blood Vial"},{"floor":41.0,"key":"Frozen Egg 2"},{"floor":43.0,"key":"Gremlin Horn"},{"floor":48.0,"key":"Potion Belt"},{"floor":59.0,"key":"Matryoshka"},{"floor":60.0,"key":"Tiny Chest"},{"floor":60.0,"key":"ReplayTheSpireMod:Lightbulb"},{"floor":64.0,"key":"DeathAngel"},{"floor":71.0,"key":"infinitespire:Beetle Shell"},{"floor":71.0,"key":"Replay:Accelerometer"},{"floor":75.0,"key":"Singing Bowl"},{"floor":77.0,"key":"BrokenLever"},{"floor":87.0,"key":"Kunai"},{"floor":88,"key":"Replay:Kaleidoscope"},{"floor":90,"key":"RollingBoulder"},{"floor":91,"key":"Happy Flower"},{"floor":93,"key":"Iron Hammer"},{"floor":94,"key":"infinitespire:Bottled Soul"},{"floor":95,"key":"Ring of Fury"},{"floor":97,"key":"Anchor"},{"floor":108,"key":"Blue Doll"},{"floor":110,"key":"Guardian:PocketSentry"},{"floor":111,"key":"Bottled Tornado"},{"floor":113,"key":"Quantum Egg"}],"event_choices":[{"damage_healed":0.0,"max_hp_gain":0.0,"max_hp_loss":0.0,"gold_gain":0.0,"event_name":"Liars Game","player_choice":"Ignored","floor":3.0,"gold_loss":0.0,"damage_taken":0.0},{"damage_healed":0.0,"max_hp_gain":0.0,"max_hp_loss":0.0,"gold_gain":100.0,"event_name":"Wheel of Change","player_choice":"Gold","floor":8.0,"gold_loss":0.0,"damage_taken":0.0},{"damage_healed":0.0,"max_hp_gain":0.0,"max_hp_loss":0.0,"gold_gain":0.0,"event_name":"SensoryStone","player_choice":"Memory 1","floor":37.0,"gold_loss":0.0,"damage_taken":0.0},{"damage_healed":0.0,"max_hp_gain":0.0,"max_hp_loss":0.0,"gold_gain":0.0,"event_name":"Tomb of Lord Red Mask","player_choice":"Ignored","floor":38.0,"gold_loss":0.0,"damage_taken":0.0},{"damage_healed":0.0,"max_hp_gain":0.0,"max_hp_loss":0.0,"gold_gain":0.0,"event_name":"conspire:Investor","player_choice":"Leave","floor":44.0,"gold_loss":0.0,"damage_taken":0.0},{"damage_healed":0.0,"max_hp_gain":0.0,"max_hp_loss":0.0,"gold_gain":100.0,"event_name":"Golden Shrine","player_choice":"Pray","floor":55.0,"gold_loss":0.0,"damage_taken":0.0},{"damage_healed":0.0,"max_hp_gain":5.0,"max_hp_loss":0.0,"gold_gain":0.0,"event_name":"Forgotten Altar","player_choice":"Shed Blood","floor":70.0,"gold_loss":0.0,"damage_taken":71.0},{"damage_healed":0,"gold_gain":0,"player_choice":"Shed Blood","damage_taken":94,"max_hp_gain":5,"max_hp_loss":0,"event_name":"Forgotten Altar","floor":88,"gold_loss":0},{"damage_healed":0,"gold_gain":0,"player_choice":"Success","damage_taken":12,"relics_obtained":["Basket Of Snakes"],"max_hp_gain":0,"max_hp_loss":0,"event_name":"Scrap Ooze","floor":107,"gold_loss":0}],"is_beta":false,"boss_relics":[{"not_picked":["Replay:Ancient Bell","Kintsugi"],"picked":"conspire:RunicOctahedron"},{"not_picked":["Pandora\u0027s Box","Abe\u0027s Treasure"],"picked":"conspire:RoyalGoblet"},{"not_picked":["Replay:Wanted Poster","Sozu"],"picked":"ChewingGum"},{"not_picked":["Replay:Bronze Core","Kintsugi"],"picked":"SacredBark"},{"not_picked":["Pandora\u0027s Box","Empty Cage"],"picked":"Abe\u0027s Treasure"},{"not_picked":["expansioncontent:StudyCardRelic","ReplayTheSpireMod:SealedPack"],"picked":"CosmicIsotope"}],"items_purged_floors":[20,25,36,39,54,56,79],"is_endless":true,"potions_floor_spawned":[1,12,21,23,29,33,46,47,48,53,58,64,65,67,82,86,88,90,99,103,108],"killed_by":"3 Louse","ascension_level":0}}