{"host":"esx1hwjnbftf3eqj","time":1610507520,"event":{"mods":["AchievementEnabler","BaseMod","Colored Map","Minty Spire (QoL Compilation)","StSLib","The Jungle"],"gold_per_floor":[369,389,464,24,24,24,54,54,54,204,217,231,131,142,142,217,217,227,102,102,27,27,27,56,56,80,80,26,38,38,58,58,129,129,143,143,154,4,14,41,58,58,58,77,77,88,115,115,115,115,115,115],"floor_reached":51,"language":"ENG","playtime":6967,"items_purged":["Strike_R","Regret","Doubt","Strike_R+1"],"score":1421,"play_id":"88681e87-3640-4ae7-ab82-5e3a6a7e134c","local_time":"20210112191200","is_ascension_mode":true,"campfire_choices":[{"data":"Apotheosis","floor":6.0,"key":"SMITH"},{"floor":8.0,"key":"REST"},{"data":"Searing Blow","floor":15.0,"key":"SMITH"},{"data":"Searing Blow+1","floor":23.0,"key":"SMITH"},{"data":"Searing Blow+2","floor":25.0,"key":"SMITH"},{"data":"Searing Blow+3","floor":27.0,"key":"SMITH"},{"data":"Searing Blow+4","floor":32.0,"key":"SMITH"},{"data":"Searing Blow+5","floor":42.0,"key":"SMITH"},{"data":"Searing Blow+6","floor":45.0,"key":"SMITH"},{"data":"Searing Blow+7","floor":49.0,"key":"SMITH"}],"circlet_count":0,"master_deck":["AscendersBane","Strike_R+1","Defend_R+1","Defend_R+1","Defend_R+1","Defend_R+1","Shockwave","Apotheosis+1","Whirlwind","Spot Weakness","Searing Blow+8","Offering","Evolve","Battle Trance","Carnage","Blood for Blood","Heavy Blade+1","Double Tap","Intimidate+1","Searing Blow+5","Evolve+1","Shockwave","Inflame+1","Panacea"],"relics":["Burning Blood","MealTicket","Blood Vial","Vajra","Letter Opener","Coffee Dripper","Pocketwatch","Pen Nib","Cursed Key","PreservedInsect","Blue Candle"],"acts_visited":["Exordium","TheCity","TheBeyond"],"potions_floor_usage":[51,51],"damage_taken":[{"damage":7.0,"enemies":"Jaw Worm","floor":1.0,"turns":3.0},{"damage":5.0,"enemies":"2 Louse","floor":2.0,"turns":4.0},{"damage":44.0,"enemies":"3 Sentries","floor":7.0,"turns":10.0},{"damage":14.0,"enemies":"Small Slimes","floor":11.0,"turns":4.0},{"damage":18.0,"enemies":"Exordium Wildlife","floor":12.0,"turns":3.0},{"damage":3.0,"enemies":"Looter","floor":14.0,"turns":3.0},{"damage":40.0,"enemies":"The Guardian","floor":16.0,"turns":10.0},{"damage":9.0,"enemies":"3 Byrds","floor":18.0,"turns":6.0},{"damage":34.0,"enemies":"Slavers","floor":24.0,"turns":4.0},{"damage":0.0,"enemies":"Chosen","floor":29.0,"turns":3.0},{"damage":6.0,"enemies":"3 Cultists","floor":31.0,"turns":3.0},{"damage":44.0,"enemies":"Champ","floor":33.0,"turns":5.0},{"damage":7.0,"enemies":"3 Darklings","floor":35.0,"turns":2.0},{"damage":6.0,"enemies":"Orb Walker","floor":37.0,"turns":2.0},{"damage":14.0,"enemies":"3 Darklings","floor":39.0,"turns":3.0},{"damage":17.0,"enemies":"Nemesis","floor":40.0,"turns":3.0},{"damage":0.0,"enemies":"Transient","floor":41.0,"turns":6.0},{"damage":13.0,"enemies":"4 Shapes","floor":44.0,"turns":2.0},{"damage":0.0,"enemies":"Jaw Worm Horde","floor":46.0,"turns":2.0},{"damage":18.0,"enemies":"Giant Head","floor":47.0,"turns":2.0},{"damage":34.0,"enemies":"Time Eater","floor":50.0,"turns":5.0},{"damage":64,"enemies":"Awakened One","floor":51,"turns":4}],"seed_played":"2059392374689318650","potions_obtained":[{"floor":11.0,"key":"Block Potion"},{"floor":14.0,"key":"SkillPotion"},{"floor":16.0,"key":"Weak Potion"},{"floor":41.0,"key":"DuplicationPotion"}],"is_trial":false,"path_per_floor":["M","M","?","$","?","R","E","R","T","?","M","M","$","M","R","B",null,"M","$","?","?","$","R","E","R","T","R","$","M","?","M","R","B",null,"M","?","M","$","M","E","M","R","T","M","R","M","E","?","R","B","B"],"character_chosen":"IRONCLAD","items_purchased":["Apotheosis","MealTicket","Energy Potion"],"campfire_rested":1,"item_purchase_floors":[4,4,28],"current_hp_per_floor":[67,68,57,57,57,57,21,41,41,41,35,25,40,45,45,13,54,53,68,68,68,68,68,40,40,40,40,55,63,63,65,65,29,58,59,59,61,68,60,51,59,59,59,54,54,62,52,52,52,26,0,0],"gold":115,"neow_bonus":"TWO_FIFTY_GOLD","is_daily":false,"chose_seed":false,"campfire_upgraded":9,"win_rate":0.0,"timestamp":1610507520,"path_taken":["M","M","?","$","?","R","E","R","T","?","M","?","$","M","R","BOSS","M","$","?","?","?","R","E","R","T","R","$","?","?","M","R","BOSS","M","?","?","$","M","E","M","R","T","M","R","M","E","?","R","BOSS","BOSS"],"items_purchased_type":["Card","Relic","Potion"],"build_version":"2020-12-22","purchased_purges":4,"victory":false,"max_hp_per_floor":[68,68,68,68,68,68,68,68,68,68,68,68,68,68,68,68,68,68,68,68,68,68,68,68,68,68,68,68,68,68,68,68,68,68,68,68,68,68,68,68,68,68,68,68,68,68,68,68,68,68,68,68],"card_choices":[{"not_picked":["Perfected Strike","Cleave"],"picked":"Shockwave","floor":1.0},{"not_picked":["Second Wind","Heavy Blade","True Grit"],"picked":"SKIP","floor":2.0},{"not_picked":["Carnage","Seeing Red"],"picked":"Whirlwind","floor":7.0},{"not_picked":["Flex","Wild Strike"],"picked":"Spot Weakness","floor":11.0},{"not_picked":["Carnage","Rupture"],"picked":"Searing Blow","floor":12.0},{"not_picked":["Pommel Strike","Perfected Strike","Power Through"],"picked":"SKIP","floor":14.0},{"not_picked":["Corruption","Exhume"],"picked":"Offering","floor":16.0},{"not_picked":["Heavy Blade","Thunderclap+1"],"picked":"Evolve","floor":18.0},{"not_picked":["Uppercut","Sword Boomerang"],"picked":"Battle Trance","floor":24.0},{"not_picked":["Whirlwind","Flex","Evolve"],"picked":"SKIP","floor":29.0},{"not_picked":["Armaments+1","Cleave"],"picked":"Heavy Blade+1","floor":31.0},{"not_picked":["Offering","Corruption"],"picked":"Double Tap","floor":33.0},{"not_picked":["Entrench","Flex"],"picked":"Intimidate+1","floor":35.0},{"not_picked":["Power Through+1","Twin Strike","Sentinel+1"],"picked":"SKIP","floor":37.0},{"not_picked":["Dropkick","Armaments"],"picked":"Evolve+1","floor":39.0},{"not_picked":["Spot Weakness+1","Shrug It Off"],"picked":"Shockwave","floor":40.0},{"not_picked":["Havoc","Perfected Strike","Shockwave"],"picked":"SKIP","floor":41.0},{"not_picked":["Warcry","Sever Soul"],"picked":"Inflame+1","floor":44.0},{"not_picked":["Anger","Iron Wave","Evolve"],"picked":"SKIP","floor":46.0},{"not_picked":["Searing Blow","Ghostly Armor","Twin Strike+1"],"picked":"SKIP","floor":47.0},{"not_picked":["Metamorphosis","Mind Blast"],"picked":"Panacea","floor":48.0}],"player_experience":711057,"relics_obtained":[{"floor":7.0,"key":"Vajra"},{"floor":9.0,"key":"Letter Opener"},{"floor":24.0,"key":"Pocketwatch"},{"floor":26.0,"key":"Pen Nib"},{"floor":40.0,"key":"PreservedInsect"},{"floor":47.0,"key":"Blue Candle"}],"event_choices":[{"damage_healed":0.0,"max_hp_gain":0.0,"max_hp_loss":0.0,"gold_gain":75.0,"event_name":"World of Goop","player_choice":"Gather Gold","floor":3.0,"gold_loss":0.0,"damage_taken":11.0},{"damage_healed":0.0,"max_hp_gain":0.0,"max_hp_loss":0.0,"gold_gain":0.0,"event_name":"Big Fish","player_choice":"Box","floor":5.0,"gold_loss":0.0,"damage_taken":0.0,"relics_obtained":["Blood Vial"],"cards_obtained":["Regret"]},{"damage_healed":0.0,"max_hp_gain":0.0,"max_hp_loss":0.0,"gold_gain":150.0,"event_name":"Liars Game","player_choice":"AGREE","floor":10.0,"gold_loss":0.0,"damage_taken":0.0,"cards_obtained":["Doubt"]},{"damage_healed":0.0,"max_hp_gain":0.0,"max_hp_loss":0.0,"gold_gain":0.0,"event_name":"Back to Basics","player_choice":"Simplicity","floor":20.0,"gold_loss":0.0,"damage_taken":0.0,"cards_upgraded":["Strike_R","Strike_R","Strike_R","Strike_R","Defend_R","Defend_R","Defend_R","Defend_R"]},{"cards_removed":["Bash"],"damage_healed":0.0,"max_hp_gain":0.0,"max_hp_loss":0.0,"gold_gain":0.0,"event_name":"Beggar","player_choice":"Gave Gold","floor":21.0,"gold_loss":75.0,"damage_taken":0.0},{"damage_healed":0.0,"max_hp_gain":0.0,"max_hp_loss":0.0,"gold_gain":0.0,"cards_transformed":["Strike_R","Strike_R"],"event_name":"Drug Dealer","player_choice":"Became Test Subject","floor":30.0,"gold_loss":0.0,"damage_taken":0.0,"cards_obtained":["Carnage","Blood for Blood"]},{"damage_healed":0.0,"max_hp_gain":0.0,"max_hp_loss":0.0,"gold_gain":0.0,"event_name":"Duplicator","player_choice":"Copied","floor":36.0,"gold_loss":0.0,"damage_taken":0.0,"cards_obtained":["Searing Blow"]},{"damage_healed":0.0,"max_hp_gain":0.0,"max_hp_loss":0.0,"gold_gain":0.0,"event_name":"SensoryStone","player_choice":"Memory 1","floor":48.0,"gold_loss":0.0,"damage_taken":0.0}],"is_beta":false,"boss_relics":[{"not_picked":["Busted Crown","Mark of Pain"],"picked":"Coffee Dripper"},{"not_picked":["Runic Pyramid","Fusion Hammer"],"picked":"Cursed Key"}],"items_purged_floors":[4,13,19,38],"is_endless":false,"potions_floor_spawned":[11,14,16,33,35,39,40,41,44],"killed_by":"Awakened One","ascension_level":20}}