{"host":"udyc8f81k2jocuhg","time":1610548923,"event":{"mods":["2.2 Compatiblity","BaseMod","Better Third Choice","Colored Powertips","Conspire","Custom Start","GifTheSpireLib","Hermit","Minty Spire (QoL Compilation)","Permanent Neow","Quick Restart","Relic Filter","Relic Stats","Replay The Spire","Shop Mod","Spikes Relics","StSLib","Stuff the Spire"],"gold_per_floor":[118,129,163,183,200,200,200],"floor_reached":6,"language":"ENG","playtime":516,"items_purged":[],"score":68,"play_id":"27d5451f-12d5-4ead-823c-93dcf835c32e","local_time":"20210113154203","is_ascension_mode":true,"campfire_choices":[],"circlet_count":0,"master_deck":["AscendersBane","Strike_B","Strike_B","Strike_B","Strike_B","Defend_B","Defend_B","Defend_B","Defend_B","Zap","Dualcast","Conserve Battery","Cold Snap","Ball Lightning","Loop"],"relics":["conspire:SeveredTorchhead"],"acts_visited":["Exordium"],"potions_floor_usage":[],"damage_taken":[{"damage":0,"enemies":"Small Slimes","floor":1,"turns":4},{"damage":4,"enemies":"Jaw Worm","floor":2,"turns":6},{"damage":24,"enemies":"conspire:MimicChest","floor":3,"turns":8},{"damage":10,"enemies":"2 Louse","floor":4,"turns":2},{"damage":13,"enemies":"Lots of Slimes","floor":5,"turns":4},{"damage":13,"enemies":"Lagavulin","floor":6,"turns":5}],"seed_played":"7511200763630715403","potions_obtained":[{"floor":4,"key":"EntropicBrew"}],"is_trial":false,"path_per_floor":["M","M","?","M","M","E"],"character_chosen":"DEFECT","items_purchased":[],"campfire_rested":0,"item_purchase_floors":[],"current_hp_per_floor":[64,60,36,26,13,0,0],"gold":200,"neow_bonus":"BOSS_RELIC","is_daily":false,"chose_seed":false,"campfire_upgraded":0,"win_rate":0.0,"timestamp":1610548923,"path_taken":["M","M","?","M","M","E"],"items_purchased_type":[],"build_version":"2020-12-22","purchased_purges":0,"victory":false,"max_hp_per_floor":[71,71,71,71,71,71,71],"relic_stats":{"counters":[6,29],"obtain_stats":[{"conspire:SeveredTorchhead":0,"Cracked Core":0},{"conspire:SeveredTorchhead":0,"Cracked Core":0},{"conspire:SeveredTorchhead":0,"Cracked Core":0}]},"card_choices":[{"not_picked":["BasicCrystalCard","Hologram"],"picked":"Conserve Battery","floor":1},{"not_picked":["Compile Driver","Gash"],"picked":"Cold Snap","floor":2},{"not_picked":["StuffTheSpire:CleanHardDrive","Stack"],"picked":"Ball Lightning","floor":3},{"not_picked":["Panic Button","Coolheaded"],"picked":"Loop","floor":4},{"not_picked":["Go for the Eyes","Mirror Shield","Beam Cell"],"picked":"SKIP","floor":5}],"player_experience":1990761,"relics_obtained":[],"event_choices":[],"is_beta":false,"boss_relics":[],"items_purged_floors":[],"is_endless":false,"potions_floor_spawned":[4],"killed_by":"Lagavulin","ascension_level":16}}