{"host":"95i1gxnztdrdyvhi","time":1610500873,"event":{"mods":["100% Spire Juice","AchievementEnabler","Act Like it!","BaseMod","Minty Spire (QoL Compilation)","Quick Restart","StSLib"],"gold_per_floor":[20,20,41,41,65,65,86,111,111,151,176,176,71,21,21,21,21],"floor_reached":16,"language":"ENG","playtime":995,"items_purged":[],"score":104,"play_id":"fb9d40ab-272e-436e-97c9-2d5b3afe176f","local_time":"20210113012113","is_ascension_mode":false,"campfire_choices":[{"data":"Moonworks:CloudOfSeagulls","floor":6,"key":"SMITH"},{"data":"Moonworks:NicePresent","floor":12,"key":"SMITH"},{"data":"Moonworks:DeployBits","floor":15,"key":"SMITH"}],"circlet_count":0,"master_deck":["Moonworks:Strike","Moonworks:Strike","Moonworks:Defend","Moonworks:Defend","Moonworks:Defend","Moonworks:Ambush","Moonworks:LongDistanceShot","Moonworks:JonathanRush","Moonworks:SakisCookie","Moonworks:CloudOfSeagulls+1","Moonworks:TacticalRetreat","Moonworks:DeployBits+1","Moonworks:FinalBattle","Moonworks:NicePresent+1","Moonworks:ShieldCounter"],"relics":["Moonworks:BrokenBomb","Moonworks:Homemark","Golden Idol","Sundial","Blood Vial"],"acts_visited":["Exordium"],"potions_floor_usage":[8,16],"damage_taken":[{"damage":11,"enemies":"Jaw Worm","floor":1,"turns":3},{"damage":2,"enemies":"Small Slimes","floor":3,"turns":4},{"damage":2,"enemies":"Cultist","floor":5,"turns":4},{"damage":0,"enemies":"3 Louse","floor":7,"turns":3},{"damage":1,"enemies":"Exordium Wildlife","floor":8,"turns":5},{"damage":15,"enemies":"3 Sentries","floor":10,"turns":11},{"damage":0,"enemies":"Exordium Thugs","floor":11,"turns":5},{"damage":4,"enemies":"Looter","floor":13,"turns":4},{"damage":13,"enemies":"Hexaghost","floor":16,"turns":7}],"seed_played":"420485246410767982","potions_obtained":[{"floor":3,"key":"SteroidPotion"},{"floor":7,"key":"DistilledChaos"},{"floor":8,"key":"Dexterity Potion"},{"floor":11,"key":"LiquidBronze"}],"is_trial":false,"path_per_floor":["M","?","M","?","M","R","M","M","T","E","M","R","M","?","R","B"],"character_chosen":"THE_STARBREAKER","items_purchased":[],"campfire_rested":0,"item_purchase_floors":[],"current_hp_per_floor":[49,34,32,37,35,35,35,34,34,19,21,21,19,19,19,8,8],"gold":21,"neow_bonus":"TRANSFORM_TWO_CARDS","is_daily":false,"chose_seed":false,"campfire_upgraded":3,"win_rate":0.0,"timestamp":1610500873,"path_taken":["M","?","M","?","M","R","M","M","T","E","M","R","M","?","R","BOSS"],"items_purchased_type":[],"build_version":"2020-12-22","purchased_purges":0,"victory":false,"max_hp_per_floor":[60,60,60,65,65,65,65,65,65,65,65,65,65,65,65,65,65],"card_choices":[{"not_picked":["Moonworks:NicePresent","Moonworks:ImOnFire"],"picked":"Moonworks:CloudOfSeagulls","floor":1},{"not_picked":["Moonworks:Assault","Moonworks:LulusLuckyEgg"],"picked":"Moonworks:TacticalRetreat","floor":3},{"not_picked":["Moonworks:FullSpeedAlicianrone","Moonworks:TacticalRetreat","Moonworks:Poppoformation"],"picked":"SKIP","floor":5},{"not_picked":["Moonworks:ImOnFire","Moonworks:EvilSpyWorkPreparation"],"picked":"Moonworks:DeployBits","floor":7},{"not_picked":["Moonworks:NicePresent","Moonworks:FinalSurgery","Moonworks:Assault"],"picked":"SKIP","floor":8},{"not_picked":["Moonworks:NicePresent","Moonworks:SakisCookie"],"picked":"Moonworks:FinalBattle","floor":10},{"not_picked":["Moonworks:IntelligenceOfficer","Moonworks:CastOff"],"picked":"Moonworks:NicePresent","floor":11},{"not_picked":["Moonworks:NicePresent","Moonworks:ImOnFire"],"picked":"Moonworks:ShieldCounter","floor":13}],"player_experience":637500,"relics_obtained":[{"floor":9,"key":"Sundial"},{"floor":10,"key":"Blood Vial"}],"event_choices":[{"damage_healed":0,"gold_gain":0,"player_choice":"Take Damage","damage_taken":15,"relics_obtained":["Golden Idol"],"max_hp_gain":0,"max_hp_loss":0,"event_name":"Golden Idol","floor":2,"gold_loss":0},{"damage_healed":0,"gold_gain":0,"player_choice":"Donut","damage_taken":0,"max_hp_gain":5,"max_hp_loss":0,"event_name":"Big Fish","floor":4,"gold_loss":0},{"cards_removed":["Moonworks:Strike"],"damage_healed":0,"gold_gain":0,"player_choice":"Card Removal","damage_taken":0,"max_hp_gain":0,"max_hp_loss":0,"event_name":"The Cleric","floor":14,"gold_loss":50}],"is_beta":false,"boss_relics":[],"items_purged_floors":[],"is_endless":false,"potions_floor_spawned":[3,7,8,11],"killed_by":"Hexaghost","ascension_level":0}}