{"host":"xnqz5xrogo3hmjp9","time":1610553362,"event":{"mods":["ATMod(阿瑾Mod)","AchievementEnabler","BaseMod","Better Third Choice","BetterRewards","Colored Map","Colored Powertips","Conspire","Dota2Spire","GifTheSpireLib","Hermit","Infinite Spire","KinomotoSakuraMod(木之本樱)","Marisa（F雨　魔理沙）","Marked Mod","Minty Spire (QoL Compilation)","Quick Restart","Relic Stats","Remilia（蕾米莉亚）","Replay The Spire","Shop Mod","Spicy Shops","StSLib","SuperFastMode","The Bladedancer","The Mystic","Yuri Mod","[功能]商店购物价格优惠80%"],"gold_per_floor":[147,147,26,76,92,186,200,242,289,289,316,359,373,387,387,520,520,538,538,580,580,598,598,658,658,658,704,704,766,766,865,655,673,673,808,808,823,842,889,904,772,772,888,957,983,1107,1107,1059,1059,1059,1059,1059],"floor_reached":53,"language":"ZHS","playtime":4230,"items_purged":["Strike_P+1","Strike_P+1","Strike_P+1","Strike_P+1","Defend_P+1"],"score":1537,"play_id":"9899cb29-a897-47ed-a335-ddef8e1cbd0c","local_time":"20210113235602","is_ascension_mode":true,"campfire_choices":[{"floor":15.0,"key":"REST"},{"data":"AT_LightSaberMaster","floor":23.0,"key":"SMITH"},{"data":"AT_LightSaberMaster","floor":34.0,"key":"SMITH"},{"floor":42.0,"key":"RECALL"},{"data":"Establishment","floor":47,"key":"SMITH"},{"data":"MarkedMod:GracefulMovements","floor":51,"key":"SMITH"}],"circlet_count":0,"master_deck":["Defend_P+1","Defend_P+1","Eruption","Vigilance","AT_LightSaberMaster+1","FlurryOfBlows","Protect","Tantrum","Enlightenment","CarveReality","Halt","Replay:Battleflow","MarkedMod:GracefulMovements+1","CarveReality","EmptyMind","MarkedMod:GentlePulse","Consecrate+1","Establishment+1","Sanctity","AT_OneInchPunch","PathToVictory","FollowUp","LessonLearned","MarkedMod:SlowDance+1","Enlightenment","infinitespire:FutureSight","MarkedMod:GracefulMovements+1","ReplayTheSpireMod:Echoes of Time","AT_OneInchPunch+1","MasterReality+1","BattleHymn+1","Devotion+1","AT_FamilyPortrait","AT_LightSaberMaster+1","MarkedMod:GentlePulse","FollowUp","FearNoEvil","LikeWater","Clumsy","EmptyBody","ReachHeaven","EmptyBody","AT_ChampionStep","Replay:Vibes","DeusExMachina","LikeWater+1","PathToVictory","MarkedMod:GentlePulse","Crescendo+1","Halt","BattleHymn","Secret Weapon","ReplayTheSpireMod:Private Reserves","Secret Technique","MarkedMod:GentlePulse","DeusExMachina"],"relics":["PureWater","AT_ATBox","conspire:Dentures","conspire:TreasureMap","AT_ArcaneBoots","Dota2Spire:AssaultCuirass","Dota2Spire:HandOfMidas","Ice Cream","Omamori","AT_BellowingDragoncrestRing","ClockworkSouvenir","Dota2Spire:MonkeyKingBar","Dota2Spire:ArmletOfMordiggian","Dota2Spire:DrumOfEndurance","ReplayTheSpireMod:SealedPack","Coffee Dripper","Dota2Spire:LotusOrb","ScarletDevilRocket","Dota2Spire:Desolator","Bag of Marbles","AT_SunfireAegis","AT_RedTearstoneRing","Pear","Membership Card","Orrery","Dota2Spire:RefresherOrb","Dota2Spire:BattleFury","AT_GuinsooRageblade","Vajra","Guide Book","Dota2Spire:UrnOfShadows","ReplayTheSpireMod:ShopPack","infinitespire:EvilPickle","AT_ImmortalShieldbow","Art of War","HornCleat","Damaru","HandDrill"],"acts_visited":[],"potions_floor_usage":[44,46,46,52],"damage_taken":[{"damage":0.0,"enemies":"Small Slimes","floor":1.0,"turns":4.0},{"damage":0.0,"enemies":"Cultist","floor":4.0,"turns":3.0},{"damage":0.0,"enemies":"2 Louse","floor":5.0,"turns":2.0},{"damage":33.0,"enemies":"3 Sentries","floor":6.0,"turns":8.0},{"damage":0.0,"enemies":"Red Slaver","floor":7.0,"turns":3.0},{"damage":4.0,"enemies":"Exordium Wildlife","floor":8.0,"turns":3.0},{"damage":2.0,"enemies":"Gremlin Nob","floor":11.0,"turns":2.0},{"damage":0.0,"enemies":"2 Fungi Beasts","floor":12.0,"turns":2.0},{"damage":0.0,"enemies":"3 Louse","floor":13.0,"turns":1.0},{"damage":0.0,"enemies":"Blue Slaver","floor":14.0,"turns":2.0},{"damage":0.0,"enemies":"Slime Boss","floor":16.0,"turns":4.0},{"damage":0.0,"enemies":"Shell Parasite","floor":18.0,"turns":2.0},{"damage":6.0,"enemies":"Spheric Guardian","floor":20.0,"turns":3.0},{"damage":0.0,"enemies":"Centurion and Healer","floor":22.0,"turns":4.0},{"damage":7.0,"enemies":"Slavers","floor":24.0,"turns":4.0},{"damage":0.0,"enemies":"Sentry and Sphere","floor":27.0,"turns":4.0},{"damage":0.0,"enemies":"Gremlin Leader","floor":29.0,"turns":3.0},{"damage":15.0,"enemies":"Shelled Parasite and Fungi","floor":33.0,"turns":2.0},{"damage":2.0,"enemies":"Pondfish","floor":35.0,"turns":4.0},{"damage":9.0,"enemies":"3 Shapes","floor":37.0,"turns":2.0},{"damage":0.0,"enemies":"Orb Walker","floor":38.0,"turns":1.0},{"damage":6.0,"enemies":"4 Shapes","floor":39.0,"turns":3.0},{"damage":15.0,"enemies":"Spire Growth","floor":40.0,"turns":3.0},{"damage":0.0,"enemies":"R_Hoarder","floor":43.0,"turns":2.0},{"damage":2,"enemies":"3 Darklings","floor":44,"turns":3},{"damage":18,"enemies":"Reptomancer","floor":46,"turns":2},{"damage":40,"enemies":"Donu and Deca","floor":52,"turns":4}],"seed_played":"-7133082732812754966","potions_obtained":[{"floor":5.0,"key":"FearPotion"},{"floor":5.0,"key":"Swift Potion"},{"floor":8.0,"key":"Swift Potion"},{"floor":11.0,"key":"Languid Potion"},{"floor":11.0,"key":"Adrenaline Potion"},{"floor":29.0,"key":"Fire Potion"},{"floor":33.0,"key":"conspire:TimeTravelPotion"},{"floor":33.0,"key":"Reflective Coating"},{"floor":38.0,"key":"Venom Potion"},{"floor":38.0,"key":"Dota2Spire:HealingSalve"},{"floor":44,"key":"EntropicBrew"}],"is_trial":false,"path_per_floor":["M","?","$","M","M","E","M","M","T","?","E","M","M","M","R","B",null,"M","?","M","AVR","M","R","E","PTL","PTL","M","T","E","?","?","$","M","R","B",null,"M","M","M","M","$","R","E","M","T","E","R","$","?","?","R","B",null],"character_chosen":"WATCHER","items_purchased":["FlurryOfBlows","Protect","conspire:Dentures","conspire:TreasureMap","AT_SpeedBoots","Tantrum","Dota2Spire:HandOfMidas","Enlightenment","Omamori","CarveReality","Halt","MarkedMod:GracefulMovements","AT_BellowingDragoncrestRing","ClockworkSouvenir","AT_FamilyPortrait","AT_SunfireAegis","AT_RedTearstoneRing","Pear","Membership Card","AT_LightSaberMaster","MarkedMod:GentlePulse","FollowUp","FearNoEvil","LikeWater","Orrery","Dota2Spire:BattleFury","AT_GuinsooRageblade","Vajra","Guide Book","Halt","BattleHymn","Dota2Spire:UrnOfShadows","ReplayTheSpireMod:ShopPack","Damaru","HandDrill"],"campfire_rested":1,"item_purchase_floors":[0,0,0,0,0,0,0,0,0,0,0,3,3,3,32,32,32,32,32,32,32,32,32,32,32,41,41,41,41,41,41,41,41,48,48],"current_hp_per_floor":[65,65,65,65,65,32,32,28,28,28,26,26,26,26,47,47,72,72,72,66,66,66,66,59,59,59,59,59,59,59,59,69,54,54,52,82,73,73,67,52,52,52,52,56,56,56,56,56,56,56,56,79],"gold":1059,"neow_bonus":"","is_daily":false,"chose_seed":false,"campfire_upgraded":4,"win_rate":0.0,"timestamp":1610553362,"path_taken":["M","?","?","M","M","E","M","M","T","?","E","M","M","M","R","BOSS","M","?","M","AVR","M","R","E","PTL","PTL","M","T","E","?","?","$","M","R","BOSS","M","M","M","M","$","R","E","M","T","E","R","$","?","?","R","BOSS"],"items_purchased_type":["Card","Card","Relic","Relic","Relic","Card","Relic","Card","Relic","Card","Card","Card","Relic","Relic","Card","Relic","Relic","Relic","Relic","Card","Card","Card","Card","Card","Relic","Relic","Relic","Relic","Relic","Card","Card","Relic","Relic","Relic","Relic"],"build_version":"2020-12-22","purchased_purges":5,"victory":true,"max_hp_per_floor":[72,72,72,72,72,72,72,72,72,72,72,72,72,72,72,72,72,72,72,72,72,72,72,72,72,72,72,72,72,72,72,82,82,82,82,82,82,82,82,82,82,82,82,82,82,82,82,82,82,82,82,82],"relic_stats":{"counters":[89,318],"Art of War":[0],"HandDrill":[4],"obtain_stats":[{"Ice Cream":0,"AT_ATBox":29,"ScarletDevilRocket":24,"Dota2Spire:ArmletOfMordiggian":9,"Vajra":41,"Dota2Spire:ShadowBlade":28,"AT_ArcaneBoots":22,"Dota2Spire:RefresherOrb":36,"Bottled Tornado":9,"Dota2Spire:EtherealBlade":38,"Replay:Wanted Poster":17,"Dota2Spire:MagicBottle":29,"HornCleat":46,"DollysMirror":48,"Strawberry":4,"MealTicket":26,"Diplopia":4,"Dota2Spire:Mjollnir":12,"Iron Hammer":14,"HandDrill":48,"theSenshi:SailorFukuRelic":6,"AT_GuinsooRageblade":41,"KeepersGift":0,"conspire:Dentures":0,"MerchantsRug":29,"Dota2Spire:HandOfMidas":0,"conspire:TreasureMap":4,"AT_RedTearstoneRing":32,"Pear":32,"Dota2Spire:UrnOfShadows":41,"Dota2Spire:Dagon":53,"Dota2Spire:ShivaGuard":0,"AT_EbonyIvory":5,"ReplayTheSpireMod:SealedPack":17,"Question Card":40,"infinitespire:EvilPickle":41,"SlaversCollar":48,"Dota2Spire:AghanimScepter":3,"AT_SpeedBoots":0,"ForgetMeNow":9,"Simple Rune":3,"ReplayTheSpireMod:TigerMarble":29,"HushsDoor":0,"Dota2Spire:MonkeyKingBar":6,"Dota2Spire:Desolator":29,"Torii":54,"StoneCalendar":22,"Mango":38,"Dota2Spire:DrumOfEndurance":11,"Dota2Spire:Vanguard":14,"Cursed Key":34,"conspire:TopHat":7,"Dota2Spire:LotusOrb":21,"ClockworkSouvenir":3,"CogitoBucket":0,"Dota2Spire:BladeMail":14,"Dota2Spire:AssaultCuirass":0,"AT_ForceNature":38,"Golden Idol":4,"Guide Book":22,"Damaru":53,"PreservedInsect":38,"Dota2Spire:BattleFury":41,"Omamori":0,"Orichalcum":53,"Habit":4,"AT_ImmortalShieldbow":43,"Strange Spoon":0,"D6":1,"AT_BellowingDragoncrestRing":3,"HolyWater":17,"Orrery":29,"LetterFromLob":1,"Coffee Dripper":21,"Bag of Marbles":30,"Art of War":45,"Bottled Lightning":22,"Membership Card":32,"PureWater":0,"BlankCard":4,"AT_SunfireAegis":32,"ReplayTheSpireMod:ShopPack":41},{"Ice Cream":62,"AT_ATBox":46,"ScarletDevilRocket":77,"Dota2Spire:ArmletOfMordiggian":68,"Vajra":85,"Dota2Spire:ShadowBlade":46,"AT_ArcaneBoots":76,"Dota2Spire:RefresherOrb":81,"Bottled Tornado":35,"Dota2Spire:EtherealBlade":52,"Replay:Wanted Poster":29,"Dota2Spire:MagicBottle":46,"HornCleat":88,"DollysMirror":59,"Strawberry":21,"MealTicket":44,"Diplopia":21,"Dota2Spire:Mjollnir":37,"Iron Hammer":37,"HandDrill":88,"theSenshi:SailorFukuRelic":23,"AT_GuinsooRageblade":85,"KeepersGift":19,"conspire:Dentures":62,"MerchantsRug":46,"Dota2Spire:HandOfMidas":62,"conspire:TreasureMap":21,"AT_RedTearstoneRing":79,"Pear":79,"Dota2Spire:UrnOfShadows":85,"Dota2Spire:Dagon":60,"Dota2Spire:ShivaGuard":32,"AT_EbonyIvory":34,"ReplayTheSpireMod:SealedPack":73,"Question Card":54,"infinitespire:EvilPickle":85,"SlaversCollar":59,"Dota2Spire:AghanimScepter":34,"AT_SpeedBoots":62,"ForgetMeNow":24,"Simple Rune":34,"ReplayTheSpireMod:TigerMarble":46,"HushsDoor":19,"Dota2Spire:MonkeyKingBar":66,"Dota2Spire:Desolator":79,"Torii":61,"StoneCalendar":42,"Mango":52,"Dota2Spire:DrumOfEndurance":69,"Dota2Spire:Vanguard":37,"Cursed Key":49,"conspire:TopHat":35,"Dota2Spire:LotusOrb":75,"ClockworkSouvenir":63,"CogitoBucket":19,"Dota2Spire:BladeMail":37,"Dota2Spire:AssaultCuirass":62,"AT_ForceNature":52,"Golden Idol":34,"Guide Book":42,"Damaru":60,"PreservedInsect":52,"Dota2Spire:BattleFury":85,"Omamori":62,"Orichalcum":60,"Habit":21,"AT_ImmortalShieldbow":86,"Strange Spoon":32,"D6":20,"AT_BellowingDragoncrestRing":63,"HolyWater":38,"Orrery":46,"LetterFromLob":20,"Coffee Dripper":75,"Bag of Marbles":79,"Art of War":87,"Bottled Lightning":42,"Membership Card":79,"PureWater":0,"BlankCard":21,"AT_SunfireAegis":79,"ReplayTheSpireMod:ShopPack":85},{"Ice Cream":238,"AT_ATBox":176,"ScarletDevilRocket":285,"Dota2Spire:ArmletOfMordiggian":261,"Vajra":307,"Dota2Spire:ShadowBlade":176,"AT_ArcaneBoots":279,"Dota2Spire:RefresherOrb":298,"Bottled Tornado":138,"Dota2Spire:EtherealBlade":200,"Replay:Wanted Poster":117,"Dota2Spire:MagicBottle":176,"HornCleat":314,"DollysMirror":224,"Strawberry":80,"MealTicket":168,"Diplopia":80,"Dota2Spire:Mjollnir":145,"Iron Hammer":145,"HandDrill":314,"theSenshi:SailorFukuRelic":92,"AT_GuinsooRageblade":307,"KeepersGift":75,"conspire:Dentures":238,"MerchantsRug":176,"Dota2Spire:HandOfMidas":238,"conspire:TreasureMap":80,"AT_RedTearstoneRing":292,"Pear":292,"Dota2Spire:UrnOfShadows":307,"Dota2Spire:Dagon":230,"Dota2Spire:ShivaGuard":129,"AT_EbonyIvory":135,"ReplayTheSpireMod:SealedPack":272,"Question Card":208,"infinitespire:EvilPickle":307,"SlaversCollar":224,"Dota2Spire:AghanimScepter":135,"AT_SpeedBoots":238,"ForgetMeNow":95,"Simple Rune":135,"ReplayTheSpireMod:TigerMarble":176,"HushsDoor":75,"Dota2Spire:MonkeyKingBar":255,"Dota2Spire:Desolator":292,"Torii":233,"StoneCalendar":160,"Mango":200,"Dota2Spire:DrumOfEndurance":263,"Dota2Spire:Vanguard":145,"Cursed Key":189,"conspire:TopHat":138,"Dota2Spire:LotusOrb":277,"ClockworkSouvenir":242,"CogitoBucket":75,"Dota2Spire:BladeMail":145,"Dota2Spire:AssaultCuirass":238,"AT_ForceNature":200,"Golden Idol":135,"Guide Book":160,"Damaru":230,"PreservedInsect":200,"Dota2Spire:BattleFury":307,"Omamori":238,"Orichalcum":230,"Habit":80,"AT_ImmortalShieldbow":309,"Strange Spoon":129,"D6":76,"AT_BellowingDragoncrestRing":242,"HolyWater":150,"Orrery":176,"LetterFromLob":77,"Coffee Dripper":277,"Bag of Marbles":292,"Art of War":312,"Bottled Lightning":160,"Membership Card":292,"PureWater":0,"BlankCard":80,"AT_SunfireAegis":292,"ReplayTheSpireMod:ShopPack":307}]},"card_choices":[{"not_picked":["Replay:BluntJabs","Study"],"picked":"Replay:Battleflow","floor":1.0},{"not_picked":["MarkedMod:FirstStrike","Tantrum"],"picked":"CarveReality","floor":4.0},{"not_picked":["FlyingSleeves","Protect"],"picked":"EmptyMind","floor":5.0},{"not_picked":["Wallop","Evaluate"],"picked":"MarkedMod:GentlePulse","floor":6.0},{"not_picked":["Fasting2","Replay:BluntJabs"],"picked":"Consecrate","floor":7.0},{"not_picked":["Halt","BowlingBash"],"picked":"Establishment","floor":8.0},{"not_picked":["SashWhip","Replay:Hum"],"picked":"Sanctity","floor":11.0},{"not_picked":["ClearTheMind","BowlingBash"],"picked":"AT_OneInchPunch","floor":12.0},{"not_picked":["CutThroughFate","Protect"],"picked":"PathToVictory","floor":13.0},{"not_picked":["MarkedMod:Acupuncture","Replay:BluntJabs"],"picked":"FollowUp","floor":14.0},{"not_picked":["Brilliance","Replay:AllIn"],"picked":"LessonLearned","floor":16.0},{"not_picked":["Ragnarok","Omniscience"],"picked":"MarkedMod:SlowDance","floor":17.0},{"not_picked":["Swift Strike","Bandage Up"],"picked":"Enlightenment","floor":17.0},{"not_picked":["infinitespire:Fortify","infinitespire:NeuralNetwork"],"picked":"infinitespire:FutureSight","floor":17.0},{"not_picked":["InnerPeace+1","MarkedMod:OneThousandNeedles","SignatureMove"],"picked":"SKIP","floor":18.0},{"not_picked":["InnerPeace","MarkedMod:FirstStrike"],"picked":"MarkedMod:GracefulMovements+1","floor":20.0},{"not_picked":["MarkedMod:GentlePulse","InnerPeace"],"picked":"AT_OneInchPunch+1","floor":22.0},{"not_picked":["BattleHymn","LikeWater+1"],"picked":"MasterReality","floor":24.0},{"not_picked":["Adaptation+1","BowlingBash+1"],"picked":"BattleHymn+1","floor":27.0},{"not_picked":["EmptyBody","WheelKick"],"picked":"Devotion","floor":29.0},{"not_picked":["MarkedMod:Acupuncture","CutThroughFate+1"],"picked":"EmptyBody","floor":32.0},{"not_picked":["Fasting2","Tantrum"],"picked":"ReachHeaven","floor":32.0},{"not_picked":["WreathOfFlame","AT_SoftenMuscles+1"],"picked":"EmptyBody","floor":32.0},{"not_picked":["CutThroughFate","Replay:BluntJabs+1"],"picked":"AT_ChampionStep","floor":32.0},{"not_picked":["ClearTheMind","Replay:ManipulateFuture"],"picked":"Replay:Vibes","floor":32.0},{"not_picked":["JustLucky","Crescendo","MarkedMod:Acupuncture"],"picked":"SKIP","floor":33.0},{"not_picked":["Judgement","Replay:AllIn"],"picked":"DeusExMachina","floor":35.0},{"not_picked":["Protect+1","Swivel"],"picked":"LikeWater+1","floor":37.0},{"not_picked":["SashWhip+1","Nirvana"],"picked":"PathToVictory","floor":38.0},{"not_picked":["Replay:DivineShield","MarkedMod:FirstStrike+1"],"picked":"MarkedMod:GentlePulse","floor":39.0},{"not_picked":["MarkedMod:FirstStrike+1","MarkedMod:Acupuncture"],"picked":"Crescendo+1","floor":40.0},{"not_picked":["Magnetism","Thinking Ahead"],"picked":"Secret Weapon","floor":41.0},{"not_picked":["Survey Options","Mind Blast"],"picked":"ReplayTheSpireMod:Private Reserves","floor":41.0},{"not_picked":["AT_LightSaberMaster","Replay:Sssssssssstrike"],"picked":"Secret Technique","floor":41.0},{"not_picked":["MarkedMod:FirstStrike","JustLucky"],"picked":"MarkedMod:GentlePulse","floor":43},{"not_picked":["Study","ReachHeaven+1"],"picked":"DeusExMachina","floor":44},{"not_picked":["Sanctity","JustLucky","WindmillStrike"],"picked":"SKIP","floor":46}],"player_experience":115151,"relics_obtained":[{"floor":6.0,"key":"Dota2Spire:MonkeyKingBar"},{"floor":9.0,"key":"Dota2Spire:ArmletOfMordiggian"},{"floor":11.0,"key":"Dota2Spire:DrumOfEndurance"},{"floor":24.0,"key":"ScarletDevilRocket"},{"floor":29.0,"key":"Dota2Spire:Desolator"},{"floor":43,"key":"AT_ImmortalShieldbow"},{"floor":45,"key":"Art of War"},{"floor":46,"key":"HornCleat"}],"event_choices":[{"cards_removed":["Defend_P"],"damage_healed":0.0,"max_hp_gain":0.0,"max_hp_loss":0.0,"gold_gain":0.0,"event_name":"Purifier","player_choice":"Purged","floor":2.0,"gold_loss":0.0,"damage_taken":0.0},{"damage_healed":0.0,"max_hp_gain":0.0,"max_hp_loss":0.0,"gold_gain":0.0,"event_name":"The Woman in Blue","player_choice":"Bought 0 Potions","floor":10.0,"gold_loss":0.0,"damage_taken":0.0},{"damage_healed":0.0,"max_hp_gain":0.0,"max_hp_loss":7.0,"gold_gain":0.0,"event_name":"betterThird:BetterWriting","player_choice":"Simplicity","floor":19.0,"gold_loss":0.0,"damage_taken":0.0},{"damage_healed":0.0,"max_hp_gain":0.0,"max_hp_loss":0.0,"gold_gain":0.0,"event_name":"Addict","player_choice":"Stole Relic","floor":30.0,"gold_loss":0.0,"damage_taken":0.0,"relics_obtained":["Bag of Marbles"],"cards_obtained":["Shame"]},{"damage_healed":0.0,"max_hp_gain":0.0,"max_hp_loss":0.0,"gold_gain":99.0,"event_name":"betterThird:BetterNest","player_choice":"Steal","floor":31.0,"gold_loss":0.0,"damage_taken":0.0},{"damage_healed":0,"gold_gain":0,"player_choice":"Memory 1","damage_taken":0,"max_hp_gain":0,"max_hp_loss":0,"event_name":"SensoryStone","floor":50,"gold_loss":0}],"is_beta":false,"boss_relics":[{"not_picked":["conspire:SeveredTorchhead","Velvet Choker"],"picked":"ReplayTheSpireMod:SealedPack"},{"not_picked":["conspire:RoyalGoblet","Replay:Grab Bag"],"picked":"Dota2Spire:RefresherOrb"}],"items_purged_floors":[21,48,48,48,48],"is_endless":false,"potions_floor_spawned":[1,4,5,5,6,8,11,11,13,13,14,16,18,20,20,22,24,29,33,33,33,38,38,43,44,46,46],"ascension_level":1}}