{"host":"91ruqvp7hiryodqd","time":1610555414,"event":{"mods":["AchievementEnabler","BaseMod","Colored Map","Colored Powertips","Filter the Spire","Minty Spire (QoL Compilation)","Relic Stats","StSLib"],"gold_per_floor":[111,36,36,56,56,56,70,70,97,50,79,91,121,138,138,243,243,254,269,296,396,414,414,448,458,538,538,538],"floor_reached":27,"language":"ENG","playtime":1655,"items_purged":["Defend_P"],"score":268,"play_id":"e7b1b5f7-4f97-4e21-a374-389a4e8e87f1","local_time":"20210113233014","is_ascension_mode":false,"campfire_choices":[{"data":"Eruption","floor":6,"key":"SMITH"},{"data":"Vigilance","floor":8,"key":"SMITH"},{"data":"Prostrate","floor":15,"key":"SMITH"},{"data":"Scrawl","floor":23,"key":"SMITH"}],"circlet_count":0,"master_deck":["Strike_P","Defend_P","Defend_P","Defend_P","Eruption+1","Vigilance+1","SandsOfTime+1","Conclude+1","Wallop+1","Consecrate","Decay","BowlingBash","Prostrate+1","JustLucky","CutThroughFate","EmptyBody","Scrawl+1","Tantrum","Prostrate","Halt"],"relics":["Astrolabe","Nunchaku","Bottled Flame","Toy Ornithopter","VioletLotus","Red Mask","Frozen Egg 2","Bottled Lightning"],"acts_visited":["Exordium","TheCity"],"potions_floor_usage":[16,19,24,24,27],"damage_taken":[{"damage":0,"enemies":"Cultist","floor":1,"turns":3},{"damage":2,"enemies":"2 Louse","floor":4,"turns":2},{"damage":6,"enemies":"Jaw Worm","floor":7,"turns":2},{"damage":0,"enemies":"3 Sentries","floor":11,"turns":2},{"damage":0,"enemies":"Lots of Slimes","floor":12,"turns":2},{"damage":18,"enemies":"Lagavulin","floor":13,"turns":9},{"damage":0,"enemies":"2 Fungi Beasts","floor":14,"turns":2},{"damage":23,"enemies":"The Guardian","floor":16,"turns":8},{"damage":6,"enemies":"Chosen","floor":18,"turns":6},{"damage":0,"enemies":"3 Byrds","floor":19,"turns":3},{"damage":4,"enemies":"Masked Bandits","floor":20,"turns":2},{"damage":2,"enemies":"3 Cultists","floor":22,"turns":3},{"damage":73,"enemies":"Slavers","floor":24,"turns":6},{"damage":10,"enemies":"Centurion and Healer","floor":25,"turns":7},{"damage":15,"enemies":"Snecko","floor":27,"turns":3}],"seed_played":"7142096475448881121","potions_obtained":[{"floor":11,"key":"FearPotion"},{"floor":13,"key":"LiquidBronze"},{"floor":14,"key":"Regen Potion"},{"floor":19,"key":"SpeedPotion"},{"floor":22,"key":"Regen Potion"},{"floor":25,"key":"Dexterity Potion"}],"is_trial":false,"path_per_floor":["M","$","?","M","$","R","M","R","T","$","E","M","E","M","R","B",null,"M","M","?","?","M","R","E","M","T","M"],"character_chosen":"WATCHER","items_purchased":["JustLucky"],"campfire_rested":0,"item_purchase_floors":[10],"current_hp_per_floor":[72,72,72,70,70,70,64,64,64,64,64,64,46,46,46,43,72,66,71,67,67,65,65,14,4,4,0,0],"gold":538,"neow_bonus":"BOSS_RELIC","is_daily":false,"chose_seed":false,"campfire_upgraded":4,"win_rate":0.0,"timestamp":1610555414,"path_taken":["M","$","?","M","?","R","M","R","T","$","E","M","E","M","R","BOSS","M","M","?","?","?","R","E","M","T","M"],"items_purchased_type":["Card"],"build_version":"2020-12-22","purchased_purges":1,"victory":false,"max_hp_per_floor":[72,72,72,72,72,72,72,72,72,72,72,72,72,72,72,72,72,72,72,72,72,72,72,72,72,72,72,72],"relic_stats":{"Nunchaku":[10],"counters":[15,60],"Astrolabe":["SandsOfTime","Conclude","Wallop"],"VioletLotus":[2],"obtain_stats":[{"Nunchaku":9,"Bottled Flame":11,"Astrolabe":0,"VioletLotus":17,"Red Mask":20,"Bottled Lightning":26,"PureWater":0,"Frozen Egg 2":24,"Toy Ornithopter":13},{"Nunchaku":3,"Bottled Flame":4,"Astrolabe":0,"VioletLotus":8,"Red Mask":11,"Bottled Lightning":14,"PureWater":0,"Frozen Egg 2":13,"Toy Ornithopter":6},{"Nunchaku":7,"Bottled Flame":9,"Astrolabe":0,"VioletLotus":30,"Red Mask":41,"Bottled Lightning":57,"PureWater":0,"Frozen Egg 2":50,"Toy Ornithopter":20}],"Toy Ornithopter":25},"card_choices":[{"not_picked":["Wallop","FlyingSleeves"],"picked":"Consecrate","floor":1},{"not_picked":["CrushJoints","Wallop"],"picked":"BowlingBash","floor":4},{"not_picked":["CutThroughFate","Consecrate"],"picked":"Prostrate","floor":7},{"not_picked":["Scrawl","FlyingSleeves","Fasting2"],"picked":"SKIP","floor":11},{"not_picked":["WindmillStrike","WaveOfTheHand","BowlingBash"],"picked":"SKIP","floor":12},{"not_picked":["CrushJoints","SandsOfTime"],"picked":"CutThroughFate","floor":13},{"not_picked":["CrushJoints","Wallop"],"picked":"EmptyBody","floor":14},{"not_picked":["ConjureBlade","Establishment"],"picked":"Scrawl","floor":16},{"not_picked":["FlyingSleeves+1","EmptyFist+1"],"picked":"Tantrum","floor":18},{"not_picked":["WindmillStrike","BowlingBash+1"],"picked":"Prostrate","floor":19},{"not_picked":["EmptyMind","ThirdEye+1"],"picked":"Halt","floor":22},{"not_picked":["Blasphemy","SignatureMove","EmptyBody"],"picked":"SKIP","floor":24},{"not_picked":["Crescendo","Evaluate","ClearTheMind"],"picked":"SKIP","floor":25}],"player_experience":34247,"relics_obtained":[{"floor":9,"key":"Nunchaku"},{"floor":11,"key":"Bottled Flame"},{"floor":13,"key":"Toy Ornithopter"},{"floor":20,"key":"Red Mask"},{"floor":24,"key":"Frozen Egg 2"},{"floor":26,"key":"Bottled Lightning"}],"event_choices":[{"damage_healed":0,"gold_gain":0,"player_choice":"Cursed","damage_taken":0,"max_hp_gain":0,"max_hp_loss":0,"event_name":"Wheel of Change","floor":3,"gold_loss":0,"cards_obtained":["Decay"]},{"damage_healed":0,"gold_gain":0,"player_choice":"Fought Bandits","damage_taken":0,"max_hp_gain":0,"max_hp_loss":0,"event_name":"Masked Bandits","floor":20,"gold_loss":0},{"damage_healed":0,"gold_gain":100,"player_choice":"Pray","damage_taken":0,"max_hp_gain":0,"max_hp_loss":0,"event_name":"Golden Shrine","floor":21,"gold_loss":0}],"is_beta":false,"boss_relics":[{"not_picked":["Fusion Hammer","Ectoplasm"],"picked":"VioletLotus"}],"items_purged_floors":[2],"is_endless":false,"potions_floor_spawned":[11,13,14,19,22,25],"killed_by":"Snecko","ascension_level":0}}