{"host":"6jrnojxwearbrjzo","time":1610578526,"event":{"mods":["BaseMod","Colored Map","Conspire","Highlight Path","Minty Spire (QoL Compilation)","MostiFishMod","Quick Restart","Random Character Button","Shop Mod","Spicy Shops","StSLib","TestMod","The Construct","The Servant 0.9.4","Yuyuko","vexMod","óô»ðÖ¸ÄÏ"],"gold_per_floor":[118,193,193,209,35,70,90,134,134,134,166,23,42,70,70,173,173,195,228,253,324,344,385,405,424,476,512,512,27,82,105,105,224,224,238,289,320,27,44,74,94,124,124,156,156,170,170,170,170,189,189,189,2,33,48],"floor_reached":56,"language":"ZHS","playtime":1868,"items_purged":["Defend_P"],"score":1832,"play_id":"7085de70-eb0e-49f1-9207-d3250f4f94c1","local_time":"20210114065526","is_ascension_mode":true,"campfire_choices":[{"data":"testmod-PerfectCombo","floor":10.0,"key":"SMITH"},{"floor":15.0,"key":"RECALL"},{"data":"Eruption","floor":28,"key":"SMITH"},{"data":"CutThroughFate","floor":32,"key":"SMITH"},{"data":"testmod-PerfectCombo+2","floor":45,"key":"SMITH"},{"data":"Vault","floor":47,"key":"SMITH"},{"data":"testmod-PerfectCombo+3","floor":49,"key":"SMITH"},{"data":"testmod-PerfectCombo+4","floor":52,"key":"SMITH"}],"circlet_count":0,"master_deck":["Strike_P","Strike_P+1","Strike_P","Strike_P+1","Defend_P+1","Defend_P","Defend_P+1","Eruption+1","Vigilance","Indignation+1","testmod-PerfectCombo+5","LessonLearned+1","Crescendo+1","ClearTheMind+1","MostiFishMod:Minus+1","Wallop+1","CutThroughFate+1","MostiFishMod:StarWish+1","Adaptation+1","DevaForm+1","Vault+1","TalkToTheHand"],"relics":["PureWater","DaveBox","testmod-TestBox","RhineCircuit","testmod-EqualTreatment","NeowsBlessing","SynthV:TestCard","Tiny Chest","testmod-TheFather","Torii","Darkstone Periapt","testmod-BalancedPeriapt","construct:BoolHorns","Bag of Marbles","Odd Mushroom","BloodWine","Gremlin Horn","vexMod:ScavengeHelm","Eternal Feather","Damaru","DaCapo","Membership Card","Centennial Puzzle","ChiLing","Chi","Ling","testmod-TurbochargingSystem","vexMod:BarristanHead","Turnip","ExusiaiGun","testmod-RainbowHikingShoes","Sundial","Ying","War Paint","testmod-Antiphasic","Vajra","Blood Vial","SentryEyes","Sling","Boot","Orichalcum"],"acts_visited":["Exordium","TheCity","TheBeyond","TheEnding"],"potions_floor_usage":[23,27,40,55],"damage_taken":[{"damage":0.0,"enemies":"Small Slimes","floor":1.0,"turns":1.0},{"damage":0.0,"enemies":"Cultist","floor":4.0,"turns":1.0},{"damage":0.0,"enemies":"Lagavulin","floor":6.0,"turns":1.0},{"damage":13.0,"enemies":"Jaw Worm","floor":7.0,"turns":4.0},{"damage":0.0,"enemies":"3 Sentries","floor":8.0,"turns":2.0},{"damage":0.0,"enemies":"Lagavulin","floor":11.0,"turns":2.0},{"damage":1.0,"enemies":"Blue Slaver","floor":13.0,"turns":2.0},{"damage":0.0,"enemies":"The Mushroom Lair","floor":14.0,"turns":1.0},{"damage":43,"enemies":"The Guardian","floor":16,"turns":6},{"damage":5,"enemies":"Chosen","floor":18,"turns":4},{"damage":0,"enemies":"conspire:MimicChest","floor":19,"turns":2},{"damage":0,"enemies":"3 Byrds","floor":20,"turns":1},{"damage":6,"enemies":"Sentry and Sphere","floor":22,"turns":3},{"damage":0,"enemies":"conspire:Head Lice","floor":23,"turns":2},{"damage":0,"enemies":"Snecko","floor":24,"turns":2},{"damage":0,"enemies":"3 Cultists","floor":25,"turns":2},{"damage":0,"enemies":"conspire:SneckoGhost","floor":27,"turns":4},{"damage":2,"enemies":"Cultist and Chosen","floor":31,"turns":1},{"damage":1,"enemies":"Automaton","floor":33,"turns":2},{"damage":0,"enemies":"Orb Walker","floor":35,"turns":1},{"damage":1,"enemies":"Mind Bloom Boss Battle","floor":36,"turns":1},{"damage":1,"enemies":"3 Darklings","floor":37,"turns":1},{"damage":0,"enemies":"Spire Growth","floor":39,"turns":1},{"damage":1,"enemies":"Giant Head","floor":40,"turns":1},{"damage":2,"enemies":"Jaw Worm Horde","floor":41,"turns":1},{"damage":0,"enemies":"Nemesis","floor":42,"turns":1},{"damage":0,"enemies":"Transient","floor":44,"turns":1},{"damage":2,"enemies":"Sphere and 2 Shapes","floor":46,"turns":1},{"damage":2,"enemies":"Awakened One","floor":50,"turns":2},{"damage":0,"enemies":"Shield and Spear","floor":54,"turns":1},{"damage":3,"enemies":"The Heart","floor":55,"turns":4}],"seed_played":"132240584536422405","potions_obtained":[{"floor":1.0,"key":"Weak Potion"},{"floor":8.0,"key":"testmod-SpacePotion"},{"floor":14.0,"key":"Ancient Potion"},{"floor":19,"key":"BlessingOfTheForge"},{"floor":24,"key":"testmod-SpacePotion"},{"floor":31,"key":"Strength Potion"},{"floor":36,"key":"AttackPotion"},{"floor":40,"key":"testmod-SpacePotion"},{"floor":46,"key":"FearPotion"}],"is_trial":false,"path_per_floor":["M","?","?","M","$","E","M","E","T","R","E","$","M","?","R","B",null,"M","?","M","T","M","E","M","M","T","E","R","$","T","M","R","B",null,"M","?","M","$","M","E","M","E","T","M","R","M","R","?","R","B",null,"R","$","E","B",null],"character_chosen":"WATCHER","items_purchased":["testmod-TheFather","testmod-PerfectCombo","Bag of Marbles","Membership Card","Centennial Puzzle","ChiLing","testmod-TurbochargingSystem","vexMod:BarristanHead","Turnip","Sundial","Ying","War Paint","testmod-Antiphasic","TalkToTheHand","Sling","Boot"],"campfire_rested":0,"item_purchase_floors":[5,5,12,29,29,29,29,29,29,38,38,38,38,53,53,53],"current_hp_per_floor":[72,61,61,61,61,61,48,48,48,48,48,48,47,47,47,4,72,72,72,72,72,66,66,66,66,66,66,72,72,72,70,72,71,72,72,71,70,70,70,69,67,67,67,69,72,70,72,72,72,70,72,72,72,72,69],"gold":48,"neow_bonus":"THREE_ENEMY_KILL","is_daily":false,"chose_seed":false,"campfire_upgraded":7,"win_rate":0.0,"timestamp":1610578526,"path_taken":["M","?","?","?","$","E","M","E","T","R","E","$","M","?","R","BOSS","M","?","M","?","?","E","?","M","T","E","R","?","?","M","R","BOSS","M","?","M","$","M","E","M","E","T","M","R","M","R","?","R","BOSS","R","$","E","BOSS"],"items_purchased_type":["Relic","Card","Relic","Relic","Relic","Relic","Relic","Relic","Relic","Relic","Relic","Relic","Relic","Card","Relic","Relic"],"build_version":"2020-12-22","purchased_purges":1,"victory":true,"max_hp_per_floor":[72,72,72,72,72,72,72,72,72,72,72,72,72,72,72,72,72,72,72,72,72,72,72,72,72,72,72,72,72,72,72,72,72,72,72,72,72,72,72,72,72,72,72,72,72,72,72,72,72,72,72,72,72,72,72],"card_choices":[{"not_picked":["ForeignInfluence","CrushJoints","LikeWater"],"picked":"SKIP","floor":1.0},{"not_picked":["Protect","Crescendo","MentalFortress","Evaluate"],"picked":"Indignation","floor":4.0},{"not_picked":["Consecrate","Evaluate","CrushJoints","MostiFishMod:FlowState"],"picked":"LessonLearned","floor":6.0},{"not_picked":["ClearTheMind","Nirvana","Evaluate","PathToVictory"],"picked":"Crescendo","floor":7.0},{"not_picked":["PathToVictory","MostiFishMod:DisColor","ForeignInfluence","SashWhip"],"picked":"ClearTheMind","floor":8.0},{"not_picked":["MostiFishMod:LegendTransform","ThirdEye","WheelKick","Prostrate","LikeWater"],"picked":"SKIP","floor":11.0},{"not_picked":["Prostrate","FlurryOfBlows","Halt","Evaluate","WindmillStrike"],"picked":"SKIP","floor":13.0},{"not_picked":["MostiFishMod:ScryFuture","MostiFishMod:KamiSmash","Ragnarok","Alpha"],"picked":"MostiFishMod:Minus","floor":16},{"not_picked":["Prostrate","Study","CrushJoints","TalkToTheHand"],"picked":"Wallop","floor":18},{"not_picked":["JustLucky+1","EmptyFist+1","Tantrum","FlurryOfBlows"],"picked":"CutThroughFate","floor":19},{"not_picked":["Protect+1","PathToVictory","MostiFishMod:Speedup+1","Evaluate","Vengeance"],"picked":"SKIP","floor":20},{"not_picked":["PathToVictory","FlyingSleeves","ThirdEye","Halt","JustLucky"],"picked":"SKIP","floor":22},{"not_picked":["Crescendo","Evaluate","CutThroughFate","SandsOfTime","CarveReality+1"],"picked":"SKIP","floor":23},{"not_picked":["Evaluate","MostiFishMod:Clarity","EmptyFist","Vengeance","Blasphemy"],"picked":"SKIP","floor":24},{"not_picked":["Consecrate","Prostrate","Halt+1","FollowUp","EmptyFist"],"picked":"SKIP","floor":25},{"not_picked":["Tantrum","CrushJoints+1","JustLucky+1","FlurryOfBlows+1","Swivel"],"picked":"SKIP","floor":27},{"not_picked":["MentalFortress","BowlingBash","EmptyBody+1","MostiFishMod:Clarity","Prostrate"],"picked":"SKIP","floor":31},{"not_picked":["Brilliance","Ragnarok","MostiFishMod:ScryFuture","MostiFishMod:StarHerder"],"picked":"MostiFishMod:StarWish","floor":33},{"not_picked":["CrushJoints+1","BowlingBash","EmptyBody+1","JustLucky","FlyingSleeves"],"picked":"SKIP","floor":35},{"not_picked":["Weave","BattleHymn+1","MostiFishMod:PathToVictory","SandsOfTime+1"],"picked":"Adaptation+1","floor":37},{"not_picked":["EmptyFist+1","BattleHymn+1","Evaluate","Crescendo"],"picked":"DevaForm","floor":39},{"not_picked":["SashWhip","Judgement","FollowUp+1","MostiFishMod:PathToVictory+1","BowlingBash+1"],"picked":"SKIP","floor":40},{"not_picked":["Prostrate","PathToVictory+1","Meditate","MostiFishMod:Speedup","BowlingBash"],"picked":"SKIP","floor":41},{"not_picked":["Weave","Consecrate+1","MostiFishMod:Disappear","FlyingSleeves","ClearTheMind"],"picked":"SKIP","floor":42},{"not_picked":["FearNoEvil+1","SashWhip","Evaluate+1","Halt+1","ClearTheMind"],"picked":"SKIP","floor":44},{"not_picked":["Consecrate+1","FlyingSleeves+1","Crescendo+1","ForeignInfluence"],"picked":"Vault","floor":46},{"not_picked":["Protect+1","Pray+1","CrushJoints","Consecrate","ConjureBlade"],"picked":"SKIP","floor":54}],"player_experience":80635,"relics_obtained":[{"floor":1.0,"key":"SynthV:TestCard"},{"floor":6.0,"key":"Torii"},{"floor":8.0,"key":"Darkstone Periapt"},{"floor":9.0,"key":"testmod-BalancedPeriapt"},{"floor":11.0,"key":"construct:BoolHorns"},{"floor":14.0,"key":"Odd Mushroom"},{"floor":19,"key":"Gremlin Horn"},{"floor":21,"key":"vexMod:ScavengeHelm"},{"floor":23,"key":"Eternal Feather"},{"floor":26,"key":"Damaru"},{"floor":27,"key":"DaCapo"},{"floor":36,"key":"testmod-RainbowHikingShoes"},{"floor":40,"key":"Vajra"},{"floor":42,"key":"Blood Vial"},{"floor":43,"key":"SentryEyes"},{"floor":54,"key":"Orichalcum"}],"event_choices":[{"damage_healed":0.0,"max_hp_gain":0.0,"max_hp_loss":0.0,"gold_gain":75.0,"event_name":"World of Goop","player_choice":"Gather Gold","floor":2.0,"gold_loss":0.0,"damage_taken":11.0},{"damage_healed":0.0,"max_hp_gain":0.0,"max_hp_loss":0.0,"gold_gain":0.0,"event_name":"WeMeetAgain","player_choice":"Gave Potion","floor":3.0,"gold_loss":0.0,"damage_taken":0.0,"relics_obtained":["Tiny Chest"]},{"damage_healed":0.0,"max_hp_gain":0.0,"max_hp_loss":0.0,"gold_gain":0.0,"event_name":"Mushrooms","player_choice":"Fought Mushrooms","floor":14.0,"gold_loss":0.0,"damage_taken":0.0},{"damage_healed":0,"gold_gain":0,"player_choice":"Fight","damage_taken":0,"max_hp_gain":0,"max_hp_loss":0,"event_name":"MindBloom","floor":36,"gold_loss":0},{"damage_healed":0,"gold_gain":0,"player_choice":"Forge","damage_taken":0,"max_hp_gain":0,"max_hp_loss":0,"event_name":"Accursed Blacksmith","floor":48,"gold_loss":0,"cards_upgraded":["Wallop"]}],"is_beta":false,"boss_relics":[{"not_picked":["Astrolabe","Snecko Eye"],"picked":"BloodWine"},{"not_picked":["RhineFirstAidKit","Calling Bell"],"picked":"ExusiaiGun"}],"items_purged_floors":[29],"is_endless":false,"potions_floor_spawned":[1,8,14,19,23,24,31,36,40,44,46],"ascension_level":1}}