{"host":"17uzppmr1r5fe5jj","time":1610545425,"event":{"mods":["BaseMod","Minty Spire (QoL Compilation)","StSLib","TestMod","Youmu（魂魄妖梦）","[IsaacMod]以撒尖塔"],"gold_per_floor":[109,509,527,546,546,546,571,601,601,453,161,161,188,223,223,321,321,336,185,38,53,71,71,106,106,187,213,260,303,327,339,351,467,479,514,476,500,500,500,500,536,579,579,612,643,695,159,205,205,218],"floor_reached":51,"language":"ZHS","playtime":2882,"items_purged":["LightFlashOfTheNetherworld","KarmicPunishmentOfTheIdleAndUnfocused+1"],"score":1548,"play_id":"16957196-d15d-4ee9-8f48-f1eb1e4cea21","local_time":"20210113214345","daily_mods":["SealedDeck","Vintage","Green Cards","Heirloom","Flight","DeadlyEvents","Elite Swarm"],"is_ascension_mode":false,"campfire_choices":[{"data":"Terror","floor":6.0,"key":"SMITH"},{"data":"Backflip","floor":12,"key":"SMITH"},{"data":"Storm of Steel","floor":15,"key":"SMITH"},{"data":"SlashClearingTheSixSenses","floor":23,"key":"SMITH"},{"data":"AsuraSword","floor":25,"key":"SMITH"},{"data":"1","floor":32,"key":"LIFT"},{"data":"2","floor":40,"key":"LIFT"},{"data":"3","floor":49,"key":"LIFT"}],"circlet_count":0,"master_deck":["Backstab","Slice","GhostSword","RapidSlash+1","SlashClearingTheSixSenses+1","Acrobatics+1","Terror+1","Backflip+1","StrangeHalfBody","After Image","SlashOfTheEternalFuture+1","Storm of Steel+1","HeavenSword","AsuraSword+1","IrresoluteSoul","A Thousand Cuts","CelestialStarSword","HeavenSword","testmod-SelfRegulatingSystem"],"relics":["MiniYoumu","testmod-TestBox","GuppysTail","testmod-NegativeEmotionEnhancer","testmod-BlackFramedGlasses","BelialBook","Pantograph","testmod-BouquetWithThorns","Oddly Smooth Stone","Ornamental Fan","Kunai","Habit","testmod-DragonStarHat","testmod-Justice","Potion Belt","Tiny Chest","Bronze Scales","Smiling Mask","Orichalcum","FencingExperience","Singing Bowl","War Paint","Girya","Gremlin Horn","testmod-DeterminationOfClimber","Pear","Vajra","DeadEye","PillsDrop","Bag of Preparation","testmod-Fortitude","testmod-AssaultLearning","CeramicFish","Whetstone","Leech","Turnip"],"acts_visited":["Exordium","TheCity","TheBeyond"],"potions_floor_usage":[14,21,24,27,29,33],"damage_taken":[{"damage":0.0,"enemies":"Jaw Worm","floor":1.0,"turns":1.0},{"damage":0.0,"enemies":"Small Slimes","floor":3.0,"turns":1.0},{"damage":0.0,"enemies":"2 Louse","floor":4.0,"turns":1.0},{"damage":0.0,"enemies":"3 Sentries","floor":7.0,"turns":1.0},{"damage":0.0,"enemies":"Gremlin Nob","floor":8.0,"turns":1.0},{"damage":0,"enemies":"Lagavulin","floor":13,"turns":4},{"damage":0,"enemies":"3 Sentries","floor":14,"turns":3},{"damage":0,"enemies":"Slime Boss","floor":16,"turns":3},{"damage":0,"enemies":"Spheric Guardian","floor":18,"turns":2},{"damage":2,"enemies":"2 Thieves","floor":21,"turns":2},{"damage":6,"enemies":"Snecko","floor":22,"turns":3},{"damage":0,"enemies":"Slavers","floor":24,"turns":3},{"damage":7,"enemies":"Book of Stabbing","floor":27,"turns":2},{"damage":12,"enemies":"Gremlin Leader","floor":28,"turns":2},{"damage":5,"enemies":"Slavers","floor":29,"turns":3},{"damage":0,"enemies":"Snake Plant","floor":30,"turns":2},{"damage":2,"enemies":"Collector","floor":33,"turns":3},{"damage":0,"enemies":"3 Shapes","floor":35,"turns":1},{"damage":0,"enemies":"3 Darklings","floor":37,"turns":2},{"damage":0,"enemies":"Reptomancer","floor":41,"turns":1},{"damage":0,"enemies":"Giant Head","floor":42,"turns":1},{"damage":0,"enemies":"Reptomancer","floor":44,"turns":1},{"damage":0,"enemies":"Nemesis","floor":45,"turns":1},{"damage":2,"enemies":"Reptomancer","floor":46,"turns":1},{"damage":0,"enemies":"Nemesis","floor":48,"turns":1},{"damage":0,"enemies":"Donu and Deca","floor":50,"turns":1}],"seed_played":"-4063979456330262673","potions_obtained":[{"floor":3.0,"key":"Strength Potion"},{"floor":8.0,"key":"AttackPotion"},{"floor":14,"key":"ColorlessPotion"},{"floor":16,"key":"PhantomPosion"},{"floor":18,"key":"SteroidPotion"},{"floor":21,"key":"AttackPotion"},{"floor":27,"key":"SkillPotion"},{"floor":30,"key":"Dexterity Potion"},{"floor":42,"key":"DuplicationPotion"},{"floor":48,"key":"Swift Potion"}],"is_trial":true,"path_per_floor":["M","?","M","M","?","R","E","E","T","$","$","R","E","E","R","B",null,"M","$","$","M","M","R","E","R","T","E","E","E","M","?","R","B",null,"M","$","M","?","T","R","E","E","T","E","E","E","$","E","R","B",null],"character_chosen":"YOUMU","items_purchased":["Habit","testmod-DragonStarHat","KarmicPunishmentOfTheIdleAndUnfocused","Tiny Chest","Bronze Scales","testmod-SelfRegulatingSystem","Leech"],"campfire_rested":0,"item_purchase_floors":[10,11,11,19,20,47,47],"current_hp_per_floor":[76,76,77,78,78,78,79,80,80,80,80,80,81,82,82,83,83,84,84,84,85,82,82,87,87,87,85,81,83,87,87,87,98,98,109,109,110,110,110,110,111,114,114,115,113,113,113,120,120,121],"gold":218,"neow_bonus":"","is_daily":false,"chose_seed":false,"campfire_upgraded":5,"win_rate":0.0,"timestamp":1610545425,"path_taken":["M","?","M","M","?","R","E","E","T","$","$","R","E","E","R","BOSS","M","$","$","M","M","R","E","R","T","E","E","E","M","?","R","BOSS","M","$","?","?","?","R","E","E","T","E","E","E","$","E","R","BOSS"],"items_purchased_type":["Relic","Relic","Card","Relic","Relic","Card","Relic"],"build_version":"2020-12-22","purchased_purges":2,"victory":true,"max_hp_per_floor":[76,76,77,78,78,78,79,80,80,80,80,80,81,82,82,83,83,84,84,84,85,86,86,87,87,87,90,93,94,95,95,95,98,98,109,109,110,110,110,110,111,114,114,115,113,114,114,120,120,121],"card_choices":[{"not_picked":[],"picked":"Bomb","floor":0.0},{"not_picked":["SlashOfSaigyouSpringWind","CherryBlossomSword"],"picked":"StrangeHalfBody","floor":7.0},{"not_picked":["Night Terror","VoidnessSword"],"picked":"After Image","floor":8.0},{"not_picked":["Adrenaline","HeavenGodSword"],"picked":"SlashOfTheEternalFuture","floor":13},{"not_picked":["Burst","CelestialStarSword"],"picked":"Storm of Steel","floor":14},{"not_picked":["Malaise","ReincarnationSword"],"picked":"HeavenSword","floor":16},{"not_picked":["Bullet Time","HellRealmSword"],"picked":"AsuraSword","floor":24},{"not_picked":["Adrenaline","Venomology","SlashOfTheEternalFuture"],"picked":"Singing Bowl","floor":27},{"not_picked":["VoidnessSword","AsuraSword","Die Die Die"],"picked":"Singing Bowl","floor":28},{"not_picked":["StrangeHalfBody","Grand Finale"],"picked":"IrresoluteSoul","floor":29},{"not_picked":["Corpse Explosion","HeavenGodSword","ASingleThoughtAndInfiniteKalpas"],"picked":"Singing Bowl","floor":33},{"not_picked":["DeadlyForm","Die Die Die"],"picked":"A Thousand Cuts","floor":41},{"not_picked":["Malaise","Tools of the Trade","ASingleThoughtAndInfiniteKalpas"],"picked":"Singing Bowl","floor":42},{"not_picked":["Envenom","SuddenDivineSeveringOfKarmicWind"],"picked":"CelestialStarSword","floor":44},{"not_picked":["StrangeHalfBody","Doppelganger","Night Terror"],"picked":"Singing Bowl","floor":45},{"not_picked":["Corpse Explosion","Phantasmal Killer"],"picked":"HeavenSword","floor":46},{"not_picked":["SlashOfSaigyouSpringWind","Burst","SuddenDivineSeveringOfKarmicWind"],"picked":"Singing Bowl","floor":48}],"player_experience":89939,"relics_obtained":[{"floor":1.0,"key":"BelialBook"},{"floor":3.0,"key":"Pantograph"},{"floor":4.0,"key":"testmod-BouquetWithThorns"},{"floor":7.0,"key":"Oddly Smooth Stone"},{"floor":8.0,"key":"Ornamental Fan"},{"floor":9.0,"key":"Kunai"},{"floor":13,"key":"testmod-Justice"},{"floor":18,"key":"Potion Belt"},{"floor":21,"key":"Smiling Mask"},{"floor":22,"key":"Orichalcum"},{"floor":24,"key":"FencingExperience"},{"floor":26,"key":"Singing Bowl"},{"floor":27,"key":"MawBank"},{"floor":28,"key":"War Paint"},{"floor":29,"key":"Girya"},{"floor":30,"key":"Gremlin Horn"},{"floor":35,"key":"Pear"},{"floor":37,"key":"Vajra"},{"floor":39,"key":"PillsDrop"},{"floor":41,"key":"Bag of Preparation"},{"floor":43,"key":"testmod-Fortitude"},{"floor":44,"key":"testmod-AssaultLearning"},{"floor":45,"key":"CeramicFish"},{"floor":46,"key":"Whetstone"},{"floor":48,"key":"Turnip"}],"event_choices":[{"damage_healed":0.0,"max_hp_gain":0.0,"max_hp_loss":0.0,"gold_gain":400.0,"event_name":"恩洛斯的盘子","player_choice":"Sell","floor":2.0,"relics_lost":["HushsDoor"],"gold_loss":0.0,"damage_taken":0.0},{"damage_healed":0.0,"max_hp_gain":0.0,"max_hp_loss":0.0,"gold_gain":0.0,"event_name":"The Cleric","player_choice":"Leave","floor":5.0,"gold_loss":0.0,"damage_taken":0.0},{"damage_healed":0,"gold_gain":0,"player_choice":"Ignored","damage_taken":0,"max_hp_gain":0,"max_hp_loss":0,"event_name":"Vampires","floor":31,"gold_loss":0},{"damage_healed":0,"gold_gain":0,"player_choice":"Swap Relic","damage_taken":0,"relics_obtained":["DeadEye"],"max_hp_gain":0,"max_hp_loss":0,"event_name":"给自己的盒子","floor":38,"relics_lost":["MawBank"],"gold_loss":0}],"is_beta":false,"boss_relics":[{"not_picked":["testmod-StringDisintegrator","Cursed Key"],"picked":"MiniYoumu"},{"not_picked":["Astrolabe","Runic Dome"],"picked":"testmod-DeterminationOfClimber"}],"items_purged_floors":[36,47],"is_endless":false,"potions_floor_spawned":[3,8,14,16,18,21,27,30,42,48],"ascension_level":0}}