{"host":"qd0djjbxud4lzzbr","time":1610563752,"event":{"mods":["AchievementEnabler","BaseMod","Bestiary","Minty Spire (QoL Compilation)","Replay The Spire","StSLib","UnlockEverythingMod"],"gold_per_floor":[115,115,65,82,105,105,105,105,132,282,282,342,354,368,368,442,442,452,463,463,87,31,62,78,78,78,78,93,93,103,115,115,192,242,262,262,162,162,22,22,22,22,46,57,57,57,1,20,20,20,20],"floor_reached":52,"language":"ZHS","playtime":1916,"items_purged":["Doubt","Doubt"],"score":1087,"play_id":"c1cb86a1-2d0f-418e-8336-73aa5d3fdcba","local_time":"20210114024912","daily_mods":["Draft","Vintage","Heirloom","Time Dilation","Flight"],"is_ascension_mode":true,"campfire_choices":[{"data":"White Noise","floor":6,"key":"SMITH"},{"data":"Hologram","floor":6,"key":"SMITH"},{"data":"Go for the Eyes","floor":8,"key":"SMITH"},{"data":"Go for the Eyes","floor":8,"key":"SMITH"},{"floor":11,"key":"REST"},{"floor":29,"key":"REST"},{"data":"Creative AI","floor":32,"key":"SMITH"},{"data":"Turbo","floor":32,"key":"SMITH"},{"data":"Coolheaded","floor":40,"key":"SMITH"},{"data":"Chaos","floor":40,"key":"SMITH"},{"data":"Beam Cell","floor":42,"key":"SMITH"},{"data":"Beam Cell","floor":42,"key":"SMITH"}],"circlet_count":0,"master_deck":["AscendersBane","Hologram+1","White Noise+1","Go for the Eyes+1","Panic Button+1","Turbo+1","Coolheaded+1","Chaos+1","Leap","Gash","Beam Cell+1","Go for the Eyes+1","Time Bomb","Turbo+1","Panic Button","Gash","Scrape+1","Ball Lightning","Creative AI+1","Gash+1","Master of Strategy+1","Master of Strategy+1","Gash+1","Beam Cell+1","All For One+1","Beam Cell+1","ReplayTheSpireMod:Brewmster+1","ReplayTheSpireMod:Uncanny Aura+1","Violence+1","Gash+1"],"relics":["Cracked Core","replay:Trail_Library","Mango","Blue Doll","NeowsBlessing","Replay:WaspNest","Replay:Arrowhead","Bag of Marbles","Blood Vial","HornCleat","Eternal Feather","Prayer Wheel","Painkiller Herb","Golden Egg","Bottled Flame","Enchiridion","Replay:Antivirus Software","Regal Pillow","ReplayTheSpireMod:CursedCoin","Question Card","Potion Belt","Carrot","Nunchaku","TungstenRod","Centennial Puzzle","Tiny House","Replay:Baseball","ReplayTheSpireMod:ShopPack","Dream Catcher","Art of War","MealTicket"],"acts_visited":["Exordium","TheCity","TheBeyond"],"potions_floor_usage":[28,50,50],"damage_taken":[{"damage":9,"enemies":"2 Louse","floor":1,"turns":3},{"damage":1,"enemies":"Small Slimes","floor":4,"turns":3},{"damage":19,"enemies":"Lagavulin Event","floor":12,"turns":5},{"damage":0,"enemies":"Jaw Worm","floor":13,"turns":1},{"damage":9,"enemies":"Blue Slaver","floor":14,"turns":2},{"damage":34,"enemies":"Fading Forest","floor":16,"turns":13},{"damage":11,"enemies":"Shell Parasite","floor":18,"turns":4},{"damage":13,"enemies":"Spheric Guardian","floor":19,"turns":5},{"damage":0,"enemies":"Book of Stabbing","floor":23,"turns":1},{"damage":9,"enemies":"Centurion and Healer","floor":24,"turns":3},{"damage":9,"enemies":"Snake Plant","floor":28,"turns":1},{"damage":0,"enemies":"3 Cultists","floor":30,"turns":3},{"damage":0,"enemies":"Snecko","floor":31,"turns":1},{"damage":15,"enemies":"Champ","floor":33,"turns":4},{"damage":6,"enemies":"3 Shapes","floor":35,"turns":1},{"damage":0,"enemies":"Orb Walker","floor":44,"turns":1},{"damage":15,"enemies":"Writhing Mass","floor":48,"turns":2},{"damage":0,"enemies":"Time Eater","floor":50,"turns":2},{"damage":0,"enemies":"Replay:Hell Engine","floor":51,"turns":1}],"seed_played":"5469957112032781311","potions_obtained":[{"floor":13,"key":"EssenceOfSteel"},{"floor":16,"key":"Fire Potion"},{"floor":18,"key":"Adrenaline Potion"},{"floor":24,"key":"Energy Potion"},{"floor":28,"key":"Strength Potion"},{"floor":34,"key":"Energy Potion"}],"is_trial":true,"path_per_floor":["M","WH","$","M","?","R","?","R","T","?","R","?","M","M","R","B",null,"?","?","?","T","T","E","?","?","T","WH","?","T","?","?","T","B",null,"?","WH","T","WH","T","T","WH","T","T","?","WH","WH","T","?","T","B","B",null],"character_chosen":"DEFECT","items_purchased":["Scrape+1","Gash","Replay:Antivirus Software","Regal Pillow","ReplayTheSpireMod:CursedCoin","Master of Strategy","ReplayTheSpireMod:ShopPack","Gash"],"campfire_rested":2,"item_purchase_floors":[3,21,21,21,22,22,39,47],"current_hp_per_floor":[69,69,69,68,34,34,34,34,34,34,59,42,44,37,74,64,80,71,60,39,39,39,41,34,9,9,18,11,70,72,74,89,76,98,94,104,104,115,115,125,137,137,137,137,150,165,165,150,165,165,165],"gold":20,"neow_bonus":"TEN_PERCENT_HP_BONUS","is_daily":false,"chose_seed":false,"campfire_upgraded":10,"win_rate":0.0,"timestamp":1610563752,"path_taken":["M","WH","$","M","?","R","?","R","T","?","R","?","M","M","R","BOSS","?","?","?","T","T","E","?","?","T","WH","?","T","?","?","T","BOSS","?","WH","T","WH","T","T","WH","T","T","?","WH","WH","T","?","T","BOSS","BOSS"],"items_purchased_type":["Card","Card","Relic","Relic","Relic","Card","Relic","Card"],"build_version":"2020-12-22","purchased_purges":2,"victory":true,"max_hp_per_floor":[85,85,85,85,85,85,85,85,85,85,85,85,85,85,85,85,85,85,85,85,85,85,85,85,90,90,99,99,99,99,99,99,99,104,104,114,114,125,125,125,137,137,137,137,150,165,165,165,165,165,165],"card_choices":[{"not_picked":["Hello World","ReplayTheSpireMod:Calculation Training"],"picked":"Hologram","floor":0},{"not_picked":["Streamline","Hello World"],"picked":"White Noise","floor":0},{"not_picked":["Steam","Auto Shields"],"picked":"Go for the Eyes","floor":0},{"not_picked":["Streamline","Steam"],"picked":"Panic Button","floor":0},{"not_picked":["Rebound","FIFO Queue"],"picked":"Turbo","floor":0},{"not_picked":["Ball Lightning","Sunder"],"picked":"Coolheaded","floor":0},{"not_picked":["ReplayTheSpireMod:Repulse","Streamline"],"picked":"Chaos","floor":0},{"not_picked":["Lockon","Steam"],"picked":"Leap","floor":0},{"not_picked":["ReplaySolidLightProjector","Beam Cell"],"picked":"Gash","floor":0},{"not_picked":["Ball Lightning","Turbo"],"picked":"Beam Cell","floor":0},{"not_picked":["ReplayTheSpireMod:Reroute Power","Chill"],"picked":"Go for the Eyes","floor":0},{"not_picked":["BasicCrystalCard","ReplayTheSpireMod:Reroute Power"],"picked":"Time Bomb","floor":0},{"not_picked":["Steam","Heatsinks"],"picked":"Turbo","floor":0},{"not_picked":["BasicCrystalCard","Rebound"],"picked":"Panic Button","floor":0},{"not_picked":["Coolheaded","Panic Button"],"picked":"Gash","floor":0},{"not_picked":["Stack","Hologram"],"picked":"ReplayTheSpireMod:Fabricate Wheel","floor":12},{"not_picked":["Hyperbeam","Machine Learning"],"picked":"Creative AI","floor":16},{"not_picked":["Streamline+1","ReplayTheSpireMod:Calculation Training"],"picked":"Gash","floor":23},{"not_picked":["Buffer","Multi-Cast","Rainbow"],"picked":"All For One","floor":33},{"not_picked":["Stack","BasicCrystalCard","ReplayTheSpireMod:Reroute Power"],"picked":"Beam Cell","floor":34},{"not_picked":["Transmutation","Poisoned Strike","ReplayTheSpireMod:Necrogeddon"],"picked":"ReplayTheSpireMod:Brewmster","floor":39},{"not_picked":["Midas Touch","Replay:Sssssssssshield","Trip"],"picked":"ReplayTheSpireMod:Uncanny Aura","floor":39},{"not_picked":["Replay:Sssssssssshield","ReplayUltimateDefense","Secret Technique"],"picked":"Violence","floor":39}],"player_experience":56666,"relics_obtained":[{"floor":1,"key":"Blue Doll"},{"floor":4,"key":"Replay:WaspNest"},{"floor":5,"key":"Replay:Arrowhead"},{"floor":9,"key":"Bag of Marbles"},{"floor":13,"key":"HornCleat"},{"floor":14,"key":"Eternal Feather"},{"floor":18,"key":"Golden Egg"},{"floor":19,"key":"Bottled Flame"},{"floor":20,"key":"Enchiridion"},{"floor":23,"key":"Question Card"},{"floor":24,"key":"Potion Belt"},{"floor":26,"key":"Carrot"},{"floor":28,"key":"Nunchaku"},{"floor":30,"key":"TungstenRod"},{"floor":31,"key":"Centennial Puzzle"},{"floor":35,"key":"Replay:Baseball"},{"floor":43,"key":"Dream Catcher"},{"floor":44,"key":"Art of War"},{"floor":48,"key":"MealTicket"}],"event_choices":[{"damage_healed":0,"gold_gain":0,"player_choice":"Grow","damage_taken":0,"max_hp_gain":0,"max_hp_loss":0,"event_name":"Living Wall","floor":7,"gold_loss":0,"cards_upgraded":["Beam Cell"]},{"damage_healed":0,"gold_gain":150,"player_choice":"AGREE","damage_taken":0,"max_hp_gain":0,"max_hp_loss":0,"event_name":"Liars Game","floor":10,"gold_loss":0,"cards_obtained":["Doubt"]},{"damage_healed":0,"gold_gain":0,"player_choice":"Searched \u00272\u0027 times","damage_taken":0,"relics_obtained":["Blood Vial"],"max_hp_gain":0,"max_hp_loss":0,"event_name":"Dead Adventurer","floor":12,"gold_loss":0},{"damage_healed":0,"gold_gain":0,"player_choice":"Obtained Book","damage_taken":21,"max_hp_gain":0,"max_hp_loss":0,"event_name":"Cursed Tome","floor":20,"gold_loss":0},{"damage_healed":0,"gold_gain":0,"player_choice":"Shed Blood","damage_taken":30,"max_hp_gain":5,"max_hp_loss":0,"event_name":"Forgotten Altar","floor":25,"gold_loss":0}],"is_beta":false,"boss_relics":[{"not_picked":["Velvet Choker","Replay:Drink Me"],"picked":"Painkiller Herb"},{"not_picked":["Replay:Grab Bag","Replay:Ancient Bell"],"picked":"Tiny House"}],"items_purged_floors":[22,37],"is_endless":false,"potions_floor_spawned":[13,16,18,24,28,48],"ascension_level":20}}