{"host":"ya062ahhhuj9au1o","time":1610576945,"event":{"mods":["BaseMod","Better Third Choice","Downfall","Filter the Spire","Hermit","Minty Spire (QoL Compilation)","Random Character Button","Robot Space Explorer","Somnambulant","StSLib","The Bug Knight","The Cursed","The Marked","The Servant 0.9.4"],"gold_per_floor":[117,117,135,135,85,85,115,115,169,188,188,188,206,221,221,292,292,304,319,329,344,269,269,269,269,269,269,300,318,318,418,418,495,495,514,525,525,541,308,308,324,324,392,392,426,437,437,437,437,437],"floor_reached":51,"language":"ENG","playtime":2031,"items_purged":["RobotSpaceExplorer:Strike","RobotSpaceExplorer:Strike"],"score":1147,"play_id":"b7c9400f-5f13-4b43-999f-265472804bcc","local_time":"20210113172905","is_ascension_mode":true,"campfire_choices":[{"data":"RobotSpaceExplorer:MiniDrones","floor":6.0,"key":"SMITH"},{"data":"RobotSpaceExplorer:PowerGlove","floor":8.0,"key":"SMITH"},{"data":"RobotSpaceExplorer:MiniLasers","floor":12.0,"key":"SMITH"},{"floor":15.0,"key":"REST"},{"floor":23.0,"key":"REST"},{"data":"RobotSpaceExplorer:Scan","floor":25.0,"key":"SMITH"},{"data":"RobotSpaceExplorer:ChargingLaser","floor":27.0,"key":"SMITH"},{"floor":30.0,"key":"REST"},{"data":"1","floor":32.0,"key":"LIFT"},{"floor":40,"key":"REST"},{"data":"2","floor":42,"key":"LIFT"},{"data":"3","floor":44,"key":"LIFT"},{"data":"Panache","floor":47,"key":"SMITH"},{"floor":49,"key":"REST"}],"circlet_count":0,"master_deck":["AscendersBane","RobotSpaceExplorer:Strike+1","RobotSpaceExplorer:Defend+1","RobotSpaceExplorer:Scan+1","RobotSpaceExplorer:MiniLasers+1","RobotSpaceExplorer:BlastShield","RobotSpaceExplorer:MiniDrones+1","RobotSpaceExplorer:ScrapMissile","RobotSpaceExplorer:RigExplosive","RobotSpaceExplorer:PowerGlove+1","RobotSpaceExplorer:Probe","RobotSpaceExplorer:ChargingLaser+1","RobotSpaceExplorer:Probe","RobotSpaceExplorer:ShockMissile","RobotSpaceExplorer:FranticSearch+1","RobotSpaceExplorer:ScrapMissile","Panache+1","RobotSpaceExplorer:ScrapMissile","Panache+1"],"relics":["RobotSpaceExplorer:RoboCore","Ancient Tea Set","Oddly Smooth Stone","Black Star","Mango","Pantograph","Bottled Flame","Girya","Toxic Egg 2","RobotSpaceExplorer:Reprocessor","The Courier","Molten Egg 2","InkBottle","Centennial Puzzle"],"acts_visited":["Exordium","TheCity","TheBeyond"],"potions_floor_usage":[36,50,50],"damage_taken":[{"damage":0.0,"enemies":"2 Louse","floor":1.0,"turns":3.0},{"damage":0.0,"enemies":"Small Slimes","floor":3.0,"turns":3.0},{"damage":21.0,"enemies":"Gremlin Nob","floor":7.0,"turns":5.0},{"damage":0.0,"enemies":"Cultist","floor":10.0,"turns":2.0},{"damage":0.0,"enemies":"3 Louse","floor":13.0,"turns":2.0},{"damage":3.0,"enemies":"Large Slime","floor":14.0,"turns":3.0},{"damage":11.0,"enemies":"Slime Boss","floor":16.0,"turns":7.0},{"damage":0.0,"enemies":"3 Byrds","floor":18.0,"turns":2.0},{"damage":14.0,"enemies":"Shell Parasite","floor":19.0,"turns":4.0},{"damage":0.0,"enemies":"Centurion and Healer","floor":20.0,"turns":4.0},{"damage":17.0,"enemies":"Shelled Parasite and Fungi","floor":21.0,"turns":4.0},{"damage":18.0,"enemies":"Book of Stabbing","floor":28.0,"turns":4.0},{"damage":10.0,"enemies":"3 Cultists","floor":29.0,"turns":4.0},{"damage":1.0,"enemies":"Colosseum Slavers","floor":31.0,"turns":3.0},{"damage":1.0,"enemies":"Colosseum Nobs","floor":31.0,"turns":3.0},{"damage":9.0,"enemies":"Champ","floor":33.0,"turns":6.0},{"damage":0.0,"enemies":"Orb Walker","floor":35.0,"turns":2.0},{"damage":31,"enemies":"3 Darklings","floor":36,"turns":3},{"damage":30,"enemies":"Maw","floor":38,"turns":5},{"damage":0,"enemies":"Spire Growth","floor":41,"turns":2},{"damage":7,"enemies":"Nemesis","floor":45,"turns":3},{"damage":1,"enemies":"Transient","floor":46,"turns":5},{"damage":18,"enemies":"Donu and Deca","floor":50,"turns":5}],"seed_played":"-2951854105242124923","potions_obtained":[{"floor":1.0,"key":"CultistPotion"},{"floor":7.0,"key":"Dexterity Potion"},{"floor":14.0,"key":"hexamod:EctoCoolerPotion"},{"floor":19.0,"key":"Block Potion"},{"floor":28.0,"key":"Fire Potion"},{"floor":29.0,"key":"LiquidBronze"},{"floor":31.0,"key":"Dexterity Potion"}],"is_trial":false,"path_per_floor":["M","?","M","?","?","R","E","R","T","M","?","R","M","M","R","B",null,"M","M","M","M","$","R","?","R","T","R","E","M","R","?","R","B",null,"M","M","?","M","$","R","M","R","T","R","E","M","R","?","R","B",null],"character_chosen":"RobotSpaceExplorer","items_purchased":["Panache"],"campfire_rested":5,"item_purchase_floors":[39],"current_hp_per_floor":[64,51,51,51,51,51,30,30,30,30,30,30,30,27,46,35,57,57,43,43,26,26,45,34,34,48,48,30,20,44,42,42,58,77,77,46,46,16,16,39,39,39,39,39,32,31,31,31,54,61],"gold":437,"neow_bonus":"TRANSFORM_TWO_CARDS","is_daily":false,"chose_seed":false,"campfire_upgraded":6,"win_rate":0.0,"timestamp":1610576945,"path_taken":["M","?","M","?","?","R","E","R","T","M","?","R","M","M","R","BOSS","M","?","M","M","$","R","?","R","T","R","E","M","R","?","R","BOSS","M","M","?","M","$","R","M","R","T","R","E","M","R","?","R","BOSS"],"items_purchased_type":["Card"],"build_version":"2020-12-22","purchased_purges":2,"victory":true,"max_hp_per_floor":[64,64,64,64,64,64,64,64,64,64,64,64,64,64,64,64,64,64,64,64,64,64,64,69,69,83,83,83,83,83,83,83,83,83,83,83,79,79,79,79,79,79,79,79,79,79,79,79,79,79],"card_choices":[{"not_picked":["RobotSpaceExplorer:Probe","RobotSpaceExplorer:BigMissile"],"picked":"RobotSpaceExplorer:ScrapMissile","floor":1.0},{"not_picked":["RobotSpaceExplorer:SwiftStep","RobotSpaceExplorer:Ammunition"],"picked":"RobotSpaceExplorer:RigExplosive","floor":3.0},{"not_picked":["RobotSpaceExplorer:StunGrenade","RobotSpaceExplorer:GlueShot"],"picked":"RobotSpaceExplorer:PowerGlove","floor":7.0},{"not_picked":["RobotSpaceExplorer:Electroshield","RobotSpaceExplorer:GearShield","RobotSpaceExplorer:FranticSearch"],"picked":"SKIP","floor":10.0},{"not_picked":["RobotSpaceExplorer:SurgingStrike","RobotSpaceExplorer:ImprovisedAttack","RobotSpaceExplorer:ShovelStrike"],"picked":"SKIP","floor":13.0},{"not_picked":["RobotSpaceExplorer:ImprovisedAttack","RobotSpaceExplorer:Reload"],"picked":"RobotSpaceExplorer:Probe","floor":14.0},{"not_picked":["RobotSpaceExplorer:Wormhole","RobotSpaceExplorer:Comet"],"picked":"RobotSpaceExplorer:ChargingLaser","floor":16.0},{"not_picked":["RobotSpaceExplorer:ShockKick","RobotSpaceExplorer:ImprovisedAttack","RobotSpaceExplorer:SelfCleaning"],"picked":"SKIP","floor":18.0},{"not_picked":["RobotSpaceExplorer:TurboDodge","RobotSpaceExplorer:Jetpack"],"picked":"RobotSpaceExplorer:Probe","floor":19.0},{"not_picked":["RobotSpaceExplorer:GlueShot","RobotSpaceExplorer:SwiftStep","RobotSpaceExplorer:StarLightning"],"picked":"SKIP","floor":20.0},{"not_picked":["RobotSpaceExplorer:ShockKick","RobotSpaceExplorer:GearShield","RobotSpaceExplorer:Calculate"],"picked":"SKIP","floor":21.0},{"not_picked":["RobotSpaceExplorer:Pulsar+1","RobotSpaceExplorer:FreezingShield","RobotSpaceExplorer:Counterblock"],"picked":"SKIP","floor":28.0},{"not_picked":["RobotSpaceExplorer:Blitz","RobotSpaceExplorer:IronShell"],"picked":"RobotSpaceExplorer:ShockMissile","floor":29.0},{"not_picked":["RobotSpaceExplorer:SurgingShield+1","RobotSpaceExplorer:ShockKick"],"picked":"RobotSpaceExplorer:FranticSearch+1","floor":31.0},{"not_picked":["RobotSpaceExplorer:ShockMissile","RobotSpaceExplorer:DroneSwarm"],"picked":"RobotSpaceExplorer:Exploration+1","floor":33.0},{"not_picked":["RobotSpaceExplorer:Fix+1","RobotSpaceExplorer:GlueShot+1","RobotSpaceExplorer:TurboDodge+1"],"picked":"SKIP","floor":35.0},{"not_picked":["RobotSpaceExplorer:FreezeRay","RobotSpaceExplorer:ImprovisedAttack"],"picked":"RobotSpaceExplorer:ScrapMissile","floor":36},{"not_picked":["RobotSpaceExplorer:SurgingShield+1","RobotSpaceExplorer:SlimeMissile","RobotSpaceExplorer:SurgingStrike+1"],"picked":"SKIP","floor":38},{"not_picked":["RobotSpaceExplorer:Jetpack+1","RobotSpaceExplorer:SwiftStep+1"],"picked":"RobotSpaceExplorer:ScrapMissile","floor":41},{"not_picked":["RobotSpaceExplorer:MakeshiftVolley+1","RobotSpaceExplorer:ImprovisedAttack+1","RobotSpaceExplorer:GearShield+1"],"picked":"SKIP","floor":45},{"not_picked":["RobotSpaceExplorer:MakeshiftVolley+1","RobotSpaceExplorer:ImprovisedAttack+1","RobotSpaceExplorer:GearShield+1"],"picked":"SKIP","floor":45},{"not_picked":["RobotSpaceExplorer:MetalStrike+1","RobotSpaceExplorer:Wormhole+1","RobotSpaceExplorer:Ammunition+1"],"picked":"SKIP","floor":46}],"player_experience":1795568,"relics_obtained":[{"floor":7.0,"key":"Ancient Tea Set"},{"floor":9.0,"key":"Oddly Smooth Stone"},{"floor":26.0,"key":"Mango"},{"floor":28.0,"key":"Pantograph"},{"floor":28.0,"key":"Bottled Flame"},{"floor":31.0,"key":"Girya"},{"floor":31.0,"key":"Toxic Egg 2"},{"floor":38,"key":"The Courier"},{"floor":43,"key":"Molten Egg 2"},{"floor":45,"key":"InkBottle"},{"floor":45,"key":"Centennial Puzzle"}],"event_choices":[{"damage_healed":64.0,"max_hp_gain":0.0,"max_hp_loss":64.0,"gold_gain":0.0,"event_name":"betterThird:BetterShining","player_choice":"Upgrade","floor":2.0,"gold_loss":0.0,"damage_taken":13.0,"cards_upgraded":["RobotSpaceExplorer:Strike","RobotSpaceExplorer:Defend"]},{"damage_healed":0.0,"max_hp_gain":0.0,"max_hp_loss":0.0,"gold_gain":0.0,"event_name":"betterThird:BetterSerpent","player_choice":"Ignored","floor":4.0,"gold_loss":0.0,"damage_taken":135.0},{"cards_removed":["RobotSpaceExplorer:Defend"],"damage_healed":0.0,"max_hp_gain":0.0,"max_hp_loss":0.0,"gold_gain":0.0,"event_name":"The Cleric","player_choice":"Card Removal","floor":5.0,"gold_loss":50.0,"damage_taken":0.0},{"cards_removed":["RobotSpaceExplorer:Defend"],"damage_healed":0.0,"max_hp_gain":0.0,"max_hp_loss":0.0,"gold_gain":0.0,"event_name":"Bonfire Elementals","player_choice":"Offered Basic","floor":11.0,"gold_loss":0.0,"damage_taken":0.0},{"damage_healed":0.0,"max_hp_gain":5.0,"max_hp_loss":0.0,"gold_gain":0.0,"event_name":"Forgotten Altar","player_choice":"Shed Blood","floor":24.0,"gold_loss":0.0,"damage_taken":16.0},{"damage_healed":0.0,"max_hp_gain":0.0,"max_hp_loss":0.0,"gold_gain":0.0,"event_name":"Colosseum","player_choice":"Fight","floor":31.0,"gold_loss":0.0,"damage_taken":0.0},{"damage_healed":0.0,"max_hp_gain":0.0,"max_hp_loss":0.0,"gold_gain":0.0,"event_name":"Colosseum","player_choice":"Fought Nobs","floor":31.0,"gold_loss":0.0,"damage_taken":0.0},{"damage_healed":0,"gold_gain":0,"player_choice":"Max HP","damage_taken":0,"max_hp_gain":0,"max_hp_loss":4,"event_name":"Winding Halls","floor":37,"gold_loss":0},{"damage_healed":0,"gold_gain":0,"player_choice":"Copied","damage_taken":0,"max_hp_gain":0,"max_hp_loss":0,"event_name":"Duplicator","floor":48,"gold_loss":0,"cards_obtained":["Panache"]}],"is_beta":false,"boss_relics":[{"not_picked":["Velvet Choker","Calling Bell"],"picked":"Black Star"},{"not_picked":["Tiny House","Fusion Hammer"],"picked":"RobotSpaceExplorer:Reprocessor"}],"items_purged_floors":[22,39],"is_endless":false,"potions_floor_spawned":[1,7,14,19,28,29,31,38],"ascension_level":14}}