{"host":"6febr6iklru1ag3j","time":1610542258,"event":{"mods":["BaseMod","Better Note","DeckTracker","Hubris","Minty Spire (QoL Compilation)","Replay The Spire","Shop Mod","StSLib","slay the spire mod where everything is the same but ironclad has a cowboy hat"],"gold_per_floor":[211,23,38,50,50,50,76,76,123,139,134,134,148,162,162,288,288,309,309,309,234,253,253,100,25,25,2,35,35,35,68,68,193,193,211,274,287,367,367,367,381,381,381],"floor_reached":42,"language":"ENG","playtime":1645,"items_purged":["Pain","Shame"],"score":844,"play_id":"d6742113-9205-4e4a-83d1-fb68370b6fce","local_time":"20210113075058","is_ascension_mode":true,"campfire_choices":[{"data":"Dualcast","floor":6.0,"key":"SMITH"},{"floor":12.0,"key":"REST"},{"data":"Defragment","floor":15.0,"key":"SMITH"},{"data":"Zap","floor":23,"key":"SMITH"},{"floor":32,"key":"REST"},{"floor":40,"key":"RECALL"}],"circlet_count":0,"master_deck":["Strike_B","Defend_B+1","Defend_B","Defend_B","Defend_B","Zap+1","Dualcast+1","Defragment+1","Defragment","Self Repair","Leap","Injury","Conserve Battery","Electrodynamics","Delirium","Panic Button","Ball Lightning","Force Field","Leap","Dualcast+1","Core Surge"],"relics":["Cracked Core","Runic Capacitor","Replay:Ringing Soul","Golden Idol","Bronze Scales","Kintsugi","Ring of Shattering","Ring of Panic","WarpedTongs","Replay:WaspNest","Geode","SlaversCollar","Gambling Chip","Molten Egg 2","hubris:Towel"],"acts_visited":["Exordium","TheCity","TheBeyond"],"potions_floor_usage":[16,16,25,31],"damage_taken":[{"damage":1.0,"enemies":"Cultist","floor":1.0,"turns":3.0},{"damage":8.0,"enemies":"2 Louse","floor":3.0,"turns":2.0},{"damage":7.0,"enemies":"Jaw Worm","floor":4.0,"turns":3.0},{"damage":34.0,"enemies":"3 Sentries","floor":7.0,"turns":6.0},{"damage":15.0,"enemies":"Large Slime","floor":10.0,"turns":6.0},{"damage":16.0,"enemies":"Exordium Thugs","floor":11.0,"turns":6.0},{"damage":4.0,"enemies":"Looter","floor":13.0,"turns":3.0},{"damage":6.0,"enemies":"Blue Slaver","floor":14.0,"turns":3.0},{"damage":46,"enemies":"Hexaghost","floor":16,"turns":10},{"damage":7,"enemies":"3 Byrds","floor":18,"turns":3},{"damage":13,"enemies":"Spheric Guardian","floor":22,"turns":4},{"damage":24,"enemies":"Cultist and Chosen","floor":25,"turns":5},{"damage":22,"enemies":"Gremlin Leader","floor":28,"turns":4},{"damage":0,"enemies":"Replay:Snechameleon","floor":31,"turns":5},{"damage":42,"enemies":"Pondfish","floor":33,"turns":7},{"damage":0,"enemies":"3 Darklings","floor":35,"turns":1},{"damage":44,"enemies":"Mind Bloom Boss Battle","floor":36,"turns":5},{"damage":6,"enemies":"3 Shapes","floor":37,"turns":2},{"damage":43,"enemies":"Maw","floor":41,"turns":8},{"damage":37,"enemies":"Jaw Worm Horde","floor":42,"turns":2}],"seed_played":"-4794881187718749593","potions_obtained":[{"floor":1.0,"key":"Explosive Potion"},{"floor":13.0,"key":"SneckoOil"},{"floor":14.0,"key":"Weak Potion"},{"floor":18,"key":"ColorlessPotion"},{"floor":22,"key":"Dexterity Potion"},{"floor":25,"key":"Elixir"},{"floor":36,"key":"Reflective Coating"}],"is_trial":false,"path_per_floor":["M","$","M","M","?","R","E","?","T","M","M","R","M","M","R","B",null,"M","?","?","$","M","R","$","M","T","$","E","?","$","E","R","B",null,"M","?","M","T","?","R","M","M"],"character_chosen":"DEFECT","items_purchased":["Defragment","Runic Capacitor","Ball Lightning","Leap"],"campfire_rested":2,"item_purchase_floors":[2,2,24,27],"current_hp_per_floor":[67,67,59,59,59,59,35,38,38,30,24,49,55,56,56,20,76,76,79,82,82,82,82,85,64,64,67,55,58,58,58,92,60,103,110,66,60,60,60,60,24,0,0],"gold":381,"neow_bonus":"HUNDRED_GOLD","is_daily":false,"chose_seed":false,"campfire_upgraded":3,"win_rate":0.0,"timestamp":1610542258,"path_taken":["M","$","M","M","?","R","E","?","T","M","M","R","M","M","R","BOSS","M","?","?","$","?","R","$","M","T","$","E","?","?","E","R","BOSS","M","?","M","?","?","R","M","?"],"items_purchased_type":["Card","Relic","Card","Card"],"build_version":"2020-12-22","purchased_purges":2,"victory":false,"max_hp_per_floor":[75,75,75,75,75,75,78,81,81,81,84,84,87,87,87,90,93,93,96,99,99,102,102,105,108,108,111,111,114,114,114,114,117,117,117,117,117,117,117,117,117,117,117],"card_choices":[{"not_picked":["Conserve Battery","Turbo"],"picked":"Defragment","floor":1.0},{"not_picked":["Go for the Eyes","Hologram"],"picked":"Self Repair","floor":3.0},{"not_picked":["Stack","Turbo"],"picked":"Leap","floor":4.0},{"not_picked":["ReplaySort","ReplaySolidLightProjector"],"picked":"Blizzard","floor":7.0},{"not_picked":["Gash","Streamline","Hyperbeam"],"picked":"SKIP","floor":10.0},{"not_picked":["Barrage","Steam"],"picked":"Conserve Battery","floor":11.0},{"not_picked":["Gash","Hello World"],"picked":"Blizzard","floor":13.0},{"not_picked":["Doom and Gloom","ReplaySolidLightProjector","Lockon"],"picked":"SKIP","floor":14.0},{"not_picked":["Meteor Strike","hubris:DoWhile"],"picked":"Electrodynamics","floor":16},{"not_picked":["Stack+1","Compile Driver+1","Cold Snap"],"picked":"SKIP","floor":18},{"not_picked":["Hologram","Leap"],"picked":"Panic Button","floor":22},{"not_picked":["Turbo+1","Loop"],"picked":"Force Field","floor":25},{"not_picked":["Sunder","Coolheaded","Time Bomb+1"],"picked":"SKIP","floor":28},{"not_picked":["Rainbow","ReplaySolidLightProjector","Chill"],"picked":"SKIP","floor":31},{"not_picked":["Fission","Buffer"],"picked":"Core Surge","floor":33},{"not_picked":["Heatsinks","BasicCrystalCard+1","Gash"],"picked":"SKIP","floor":35},{"not_picked":["Beam Cell","Sweeping Beam+1","Barrage"],"picked":"SKIP","floor":37},{"not_picked":["Sweeping Beam+1","Reprogram+1","Barrage+1"],"picked":"SKIP","floor":41}],"player_experience":382865,"relics_obtained":[{"floor":7.0,"key":"Replay:Ringing Soul"},{"floor":9.0,"key":"Bronze Scales"},{"floor":19,"key":"Ring of Shattering"},{"floor":19,"key":"Ring of Panic"},{"floor":28,"key":"Replay:WaspNest"},{"floor":31,"key":"Geode"},{"floor":36,"key":"Gambling Chip"},{"floor":38,"key":"Molten Egg 2"}],"event_choices":[{"damage_healed":0.0,"max_hp_gain":0.0,"max_hp_loss":0.0,"gold_gain":0.0,"event_name":"Golden Idol","player_choice":"Take Wound","floor":8.0,"gold_loss":0.0,"damage_taken":0.0,"relics_obtained":["Golden Idol"],"cards_obtained":["Injury"]},{"damage_healed":0,"gold_gain":0,"player_choice":"Rummage","damage_taken":0,"relics_obtained":["WarpedTongs"],"max_hp_gain":0,"max_hp_loss":0,"event_name":"Accursed Blacksmith","floor":20,"gold_loss":0,"cards_obtained":["Pain"]},{"damage_healed":0,"gold_gain":0,"player_choice":"Copied","damage_taken":0,"max_hp_gain":0,"max_hp_loss":0,"event_name":"Duplicator","floor":29,"gold_loss":0,"cards_obtained":["Dualcast"]},{"damage_healed":0,"gold_gain":0,"player_choice":"Fight","damage_taken":0,"max_hp_gain":0,"max_hp_loss":0,"event_name":"MindBloom","floor":36,"gold_loss":0}],"is_beta":false,"boss_relics":[{"not_picked":["Sozu","Runic Pyramid"],"picked":"Kintsugi"},{"not_picked":["Cursed Key","Nuclear Battery"],"picked":"SlaversCollar"}],"items_purged_floors":[21,24],"is_endless":false,"potions_floor_spawned":[1,13,14,18,22,25,36],"killed_by":"Jaw Worm Horde","ascension_level":6}}