{"host":"o5jvvi5yapo90aia","time":1610515171,"event":{"mods":["BaseMod","CapriCore","Minty Spire (QoL Compilation)","MostiFishMod","Prisma Mod","Spicy Shops","StSLib","TestMod","The Immortal","Yakumo Yukari mod","【人物mod】游戏王New YuGiOh mod","【功能Mod】Neow奖励"],"gold_per_floor":[118,143,160,176,226,259,259,290,361,361,381,381,424,91,91,175,175,199,227,251,271,300,345,372,417,444,444,464,492,528,528,528,620,620,652,683,683,520,520,564,564,609,635,661,700,727,768,800,800,818,833,833,833,153,196,221],"floor_reached":57,"language":"ZHS","playtime":1075,"items_purged":["Strike_R","Strike_R","Infernal Blade+1"],"score":3681,"play_id":"6610abc3-5005-45ea-ba60-c2bb56735e1a","local_time":"20210113131931","is_ascension_mode":true,"campfire_choices":[{"data":"MostiFishMod:404NotFound","floor":7.0,"key":"SMITH"},{"data":"Strike_R","floor":10.0,"key":"PURGE"},{"data":"Strike_R","floor":12.0,"key":"PURGE"},{"data":"Bash","floor":15.0,"key":"PURGE"},{"floor":27.0,"key":"RECALL"},{"data":"Cleave","floor":32.0,"key":"PURGE"},{"data":"Burning Pact","floor":41.0,"key":"SMITH"},{"data":"Acrobatics","floor":49.0,"key":"SMITH"},{"data":"Sword Boomerang","floor":53.0,"key":"PURGE"}],"circlet_count":0,"master_deck":["AscendersBane","Disarm","MostiFishMod:404NotFound+1","Burning Pact+1","Acrobatics+1","Rupture","Transmutation","Havoc+1","Havoc+1"],"relics":["DaveBox","testmod-TestBox","testmod-PortableAltar","DianPoetry","testmod-RealStoneCalender","testmod-Hope","CaptainsWheel","Meat on the Bone","Red Skull","PrismaticShard","PatriotShield","Gremlin Horn","testmod-IndustrialRevolution","testmod-IntensifyImprint","Astrolabe","Juzu Bracelet","Blood Vial","Omamori","testmod-Acrobat","Orichalcum","Toolbox","Charon\u0027s Ashes","Ornamental Fan"],"acts_visited":["Exordium","TheCity","TheBeyond","TheEnding"],"potions_floor_usage":[56,56],"damage_taken":[{"damage":4.0,"enemies":"Cultist","floor":1.0,"turns":3.0},{"damage":3.0,"enemies":"2 Louse","floor":2.0,"turns":2.0},{"damage":5.0,"enemies":"Small Slimes","floor":3.0,"turns":3.0},{"damage":7.0,"enemies":"Gremlin Gang","floor":4.0,"turns":4.0},{"damage":9.0,"enemies":"Lagavulin","floor":6.0,"turns":5.0},{"damage":15.0,"enemies":"3 Sentries","floor":8.0,"turns":3.0},{"damage":0.0,"enemies":"Blue Slaver","floor":11.0,"turns":2.0},{"damage":0.0,"enemies":"Lagavulin","floor":13.0,"turns":2.0},{"damage":0.0,"enemies":"The Guardian","floor":16.0,"turns":1.0},{"damage":0.0,"enemies":"Chosen","floor":18.0,"turns":1.0},{"damage":0.0,"enemies":"3 Byrds","floor":19.0,"turns":1.0},{"damage":0.0,"enemies":"Snake Plant","floor":20.0,"turns":1.0},{"damage":0.0,"enemies":"Snecko","floor":21.0,"turns":1.0},{"damage":0.0,"enemies":"Centurion and Healer","floor":22.0,"turns":1.0},{"damage":0.0,"enemies":"Slavers","floor":23.0,"turns":1.0},{"damage":0.0,"enemies":"Cultist and Chosen","floor":24.0,"turns":1.0},{"damage":0.0,"enemies":"Book of Stabbing","floor":25.0,"turns":1.0},{"damage":0.0,"enemies":"3 Cultists","floor":28.0,"turns":2.0},{"damage":0.0,"enemies":"Shelled Parasite and Fungi","floor":29.0,"turns":1.0},{"damage":0.0,"enemies":"Gremlin Leader","floor":30.0,"turns":1.0},{"damage":0.0,"enemies":"Collector","floor":33.0,"turns":2.0},{"damage":0.0,"enemies":"3 Shapes","floor":35.0,"turns":1.0},{"damage":0.0,"enemies":"Orb Walker","floor":36.0,"turns":1.0},{"damage":0.0,"enemies":"Giant Head","floor":40.0,"turns":1.0},{"damage":0.0,"enemies":"Nemesis","floor":42.0,"turns":1.0},{"damage":0.0,"enemies":"Sphere and 2 Shapes","floor":44.0,"turns":1.0},{"damage":0.0,"enemies":"Transient","floor":45.0,"turns":2.0},{"damage":0.0,"enemies":"4 Shapes","floor":46.0,"turns":1.0},{"damage":0.0,"enemies":"Reptomancer","floor":47.0,"turns":1.0},{"damage":0.0,"enemies":"Writhing Mass","floor":48.0,"turns":1.0},{"damage":0.0,"enemies":"Time Eater","floor":50.0,"turns":1.0},{"damage":0.0,"enemies":"Donu and Deca","floor":51.0,"turns":1.0},{"damage":0,"enemies":"Shield and Spear","floor":55,"turns":1},{"damage":0,"enemies":"The Heart","floor":56,"turns":4}],"seed_played":"-8754865712976953446","potions_obtained":[{"floor":8.0,"key":"Fruit Juice"},{"floor":11.0,"key":"BloodPotion"},{"floor":16.0,"key":"Fire Potion"},{"floor":44.0,"key":"testmod-TimePotion"},{"floor":47.0,"key":"ColorlessPotion"}],"is_trial":false,"path_per_floor":["M","M","M","M","?","E","R","E","T","R","M","R","E","$","R","B",null,"M","M","M","M","M","E","M","E","T","R","M","M","E","?","R","B",null,"M","M","?","$","?","E","R","E","T","M","M","M","E","M","R","B","B",null,"R","$","E","B",null],"character_chosen":"IRONCLAD","items_purchased":["PrismaticShard","Juzu Bracelet","ColorlessPotion","Toolbox","Charon\u0027s Ashes"],"campfire_rested":0,"item_purchase_floors":[14,38,54,54,54],"current_hp_per_floor":[66,65,62,57,57,50,50,37,37,37,39,39,41,41,41,48,59,61,61,60,59,58,57,56,55,54,53,52,51,50,49,48,47,46,45,44,43,42,51,50,49,48,47,46,45,44,43,42,41,40,39,38,37,36,35,34],"gold":221,"neow_bonus":"BOSS_RELIC","is_daily":false,"chose_seed":false,"campfire_upgraded":3,"win_rate":0.0,"timestamp":1610515171,"path_taken":["M","M","M","M","?","E","R","E","T","R","M","R","E","$","R","BOSS","M","M","?","M","M","E","M","E","T","R","?","M","E","?","R","BOSS","M","M","?","$","?","E","R","E","T","M","M","M","E","M","R","BOSS","BOSS","R","$","E","BOSS"],"items_purchased_type":["Relic","Relic","Potion","Relic","Relic"],"build_version":"2020-12-22","purchased_purges":3,"victory":true,"max_hp_per_floor":[74,73,72,71,70,69,68,67,66,65,64,63,62,61,60,64,63,62,61,60,59,58,57,56,55,54,53,52,51,50,49,48,47,46,45,44,43,42,51,50,49,48,47,46,45,44,43,42,41,40,39,38,37,36,35,34],"card_choices":[{"not_picked":["Twin Strike","Body Slam"],"picked":"Sword Boomerang","floor":1.0},{"not_picked":["Armaments","Rupture","Sword Boomerang"],"picked":"SKIP","floor":2.0},{"not_picked":["Sever Soul","Body Slam"],"picked":"Disarm","floor":3.0},{"not_picked":["Anger","Intimidate","Wild Strike"],"picked":"SKIP","floor":4.0},{"not_picked":["Carnage","MostiFishMod:#F4004"],"picked":"MostiFishMod:404NotFound","floor":6.0},{"not_picked":["Body Slam","Twin Strike"],"picked":"Burning Pact","floor":8.0},{"not_picked":["Shrug It Off","Clash","Dropkick"],"picked":"SKIP","floor":11.0},{"not_picked":["Clash","Twin Strike","Hemokinesis"],"picked":"SKIP","floor":13.0},{"not_picked":["Unload","testmod-Librarian"],"picked":"testmod-TradeIn","floor":16.0},{"not_picked":["Hologram+1","Burning Pact","LibraryManager"],"picked":"SKIP","floor":18.0},{"not_picked":["MokouMod:AdaptivePyromancy","MokouMod:EternalBurstReactor","Cleave+1"],"picked":"SKIP","floor":19.0},{"not_picked":["True Grit","CardExchange","Reckless Charge+1"],"picked":"SKIP","floor":20.0},{"not_picked":["MokouMod:HeatFactory","PrismaMod:IllyaPoisonTippedWeapons","Conserve Battery"],"picked":"SKIP","floor":21.0},{"not_picked":["Perseverance","Conserve Battery","Well Laid Plans"],"picked":"SKIP","floor":22.0},{"not_picked":["Scrape","PrismaMod:MiyuCheapStrBuff","PrismaMod:IllyaCheapChannelPoison"],"picked":"SKIP","floor":23.0},{"not_picked":["Pommel Strike","Rebound","PrismaMod:IllyaHassanGift"],"picked":"SKIP","floor":24.0},{"not_picked":["Prepared","Fasting2","Stack"],"picked":"SKIP","floor":25.0},{"not_picked":["PrismaMod:MiyuDefenseExplosion","PrismaMod:IllyaBerserCAR","MostiFishMod:ButterFly"],"picked":"SKIP","floor":28.0},{"not_picked":["Expertise","StateErode_purple"],"picked":"Acrobatics","floor":29.0},{"not_picked":["Deflect","True Grit+1","MostiFishMod:Exploitation"],"picked":"SKIP","floor":30.0},{"not_picked":["MostiFishMod:FireWorks","MostiFishMod:UltimateDefense"],"picked":"Transmutation","floor":33.0},{"not_picked":["BowlingBash","PrismaMod:IllyaCheapChannelPoison+1","MokouMod:ImperishableFlame"],"picked":"SKIP","floor":35.0},{"not_picked":["MokouMod:InfernalWave","ExistenceContinue_purple","PrismaMod:MiyuUncommonDefend"],"picked":"SKIP","floor":36.0},{"not_picked":["PrismaMod:ChloeCheapDefend","MokouMod:ScorchingColumn","Body Slam+1"],"picked":"SKIP","floor":40.0},{"not_picked":["PrismaMod:MiyuAttackChannelVul","MokouMod:IndiscriminateIgnition+1","PrismaMod:ChloeGaeBolg+1"],"picked":"SKIP","floor":42.0},{"not_picked":["Anger","PrismaMod:IllyaUpgradeOrbs+1","Heavy Blade"],"picked":"SKIP","floor":44.0},{"not_picked":["Panacea","PrismaMod:MiyuCheapChannelWeak","Anger"],"picked":"SKIP","floor":45.0},{"not_picked":["DemoTeacher","Rebound","PrismaMod:MiyuUberAOEAttack"],"picked":"SKIP","floor":46.0},{"not_picked":["Barrage","FlurryOfBlows","PrismaMod:ChloeDemonicTutor"],"picked":"SKIP","floor":47.0},{"not_picked":["Sword Boomerang","PrismaMod:ChloeCarnivalAOEAttack","MokouMod:FlareStarter"],"picked":"SKIP","floor":48.0},{"not_picked":["PrismaMod:IllyaCheapChannelDefend","Halt+1","Good Instincts"],"picked":"SKIP","floor":55}],"player_experience":1416949,"relics_obtained":[{"floor":6.0,"key":"testmod-Hope"},{"floor":8.0,"key":"CaptainsWheel"},{"floor":9.0,"key":"Meat on the Bone"},{"floor":13.0,"key":"Red Skull"},{"floor":23.0,"key":"Gremlin Horn"},{"floor":25.0,"key":"testmod-IndustrialRevolution"},{"floor":30.0,"key":"testmod-IntensifyImprint"},{"floor":40.0,"key":"Blood Vial"},{"floor":42.0,"key":"Omamori"},{"floor":43.0,"key":"testmod-Acrobat"},{"floor":47.0,"key":"Orichalcum"},{"floor":55,"key":"Ornamental Fan"}],"event_choices":[{"damage_healed":0.0,"max_hp_gain":0.0,"max_hp_loss":0.0,"gold_gain":50.0,"event_name":"Golden Shrine","player_choice":"Pray","floor":5.0,"gold_loss":0.0,"damage_taken":0.0},{"damage_healed":0.0,"max_hp_gain":0.0,"max_hp_loss":0.0,"gold_gain":0.0,"cards_transformed":["Strike_R","Defend_R"],"event_name":"Drug Dealer","player_choice":"Became Test Subject","floor":31.0,"gold_loss":0.0,"damage_taken":0.0,"cards_obtained":["Rupture","Cleave"]},{"damage_healed":0.0,"max_hp_gain":0.0,"max_hp_loss":0.0,"gold_gain":0.0,"event_name":"Tomb of Lord Red Mask","player_choice":"Ignored","floor":37.0,"gold_loss":0.0,"damage_taken":0.0},{"cards_removed":["testmod-TradeIn"],"damage_healed":0.0,"max_hp_gain":10.0,"max_hp_loss":0.0,"gold_gain":0.0,"event_name":"Bonfire Elementals","player_choice":"Offered Rare","floor":39.0,"gold_loss":0.0,"damage_taken":0.0}],"is_beta":false,"boss_relics":[{"not_picked":["Cursed Key","Pandora\u0027s Box"],"picked":"PatriotShield"},{"not_picked":["Velvet Choker","testmod-KeyOfTheVoid"],"picked":"Astrolabe"}],"items_purged_floors":[14,14,54],"is_endless":false,"potions_floor_spawned":[8,11,13,16,18,20,23,28,29,30,40,44,47],"ascension_level":20}}