{"host":"dwyzfvnzfcqffr30","time":1610547876,"event":{"mods":["2.2 Compatiblity","Act Like it!","BaseMod","Beaked The Cultist","Better Altar","Better Match","Better Note","Better Sensory Stone","Better Skull","Better Third Choice","Clockwork Mod","Colored Map","Colored Powertips","Conspire","Downfall","Elementarium","GifTheSpireLib","Halation","Hermit","Hubris","Infinite Spire","Ironclad Rager","Jedi Mod","Menagerie","Mimic Mod","Minty Spire (QoL Compilation)","Permanent Neow","Random Character Button","Replay The Spire","Spicy Shops","Spikes Relics","StSLib","Stuff the Spire","The Construct","The Disciple","The Druid","The Marked","TheFirefly","Trackpad","Wandering Minibosses","vexMod"],"gold_per_floor":[113,113,126,145,145,178,178,178,257,284,284,284,311,326,326,425,425,438,551,562,573,592,592,602,628,655,667,701,721,711,742,742,841,841,853,853,871,871,871,902,902,930,961,961,961,961,961,977,977,977,977,977,487,516,516],"floor_reached":56,"language":"ENG","playtime":8390,"items_purged":[],"score":1402,"play_id":"9ca75398-0071-4c79-bae6-0f771cde2763","local_time":"20210113062436","is_ascension_mode":true,"campfire_choices":[{"floor":7,"key":"RECALL"},{"floor":12,"key":"REST"},{"data":"theMarked:EmpowerWeapon+1","floor":15,"key":"SMITH"},{"data":"theMarked:EmpowerWeapon+2","floor":15,"key":"SMITH"},{"floor":23,"key":"REST"},{"floor":32,"key":"REST"},{"data":"theMarked:RogueSparks+1","floor":41,"key":"SMITH"},{"data":"theMarked:RogueSparks+2","floor":41,"key":"SMITH"},{"data":"theMarked:RogueSparks+3","floor":44,"key":"SMITH"},{"data":"theMarked:Challenge+1","floor":44,"key":"SMITH"},{"data":"theMarked:EmpowerWeapon+4","floor":46,"key":"SMITH"},{"data":"theMarked:RogueSparks+4","floor":46,"key":"SMITH"},{"data":"theMarked:StartUp+1","floor":49,"key":"SMITH"},{"data":"theMarked:StartUp+1","floor":49,"key":"SMITH"},{"data":"theMarked:StartUp+2","floor":52,"key":"SMITH"},{"data":"theMarked:StartUp+2","floor":52,"key":"SMITH"}],"circlet_count":0,"master_deck":["theMarked:Defend+1","theMarked:Defend+1","theMarked:Defend+2","theMarked:Defend+1","theMarked:SoldierOfQuellstein+1","MasterReality+1","Apotheosis+1","theMarked:HeightenedSenses+1","theMarked:EmpowerWeapon+5","theMarked:SwordAndMagic+1","theMarked:Improvise+1","Menagerie:LoxodonWarhammer+1","ReplayTheSpireMod:Book of Names+1","theMarked:StartUp+3","theMarked:Challenge+2","theMarked:ElementalBlade+1","theMarked:StartUp+3","Elementarium:GildedEssence+1","theMarked:ElectricStrings+1","theMarked:EternalStudent+1","theMarked:RogueSparks+5","theMarked:ParalyzingBlade+1","theMarked:Opportunist+1"],"relics":["theMarked:ArtifactOfAir","Bottled Tornado","conspire:InfiniteJournal","Quantum Egg","Frozen Egg 2","Molten Egg 2","Toxic Egg 2","halation:PenCase","Pantograph","trackpad:IceCube","vexMod:BarristanHead","trackpad:StolenKidneys","trackpad:Mousetrap","halation:LettersToHer","Replay:Rubber Ducky","wanderingMiniBosses:CarrionFlame","War Paint","Mummified Hand","Elementarium:ElementariumTrophy","hubris:HollowSoul","Replay:Wax Seal","Counterbalance","SnailShell","hubris:64BitClover","Boot","Medical Kit","Orichalcum"],"acts_visited":["Menagerie:Menagerie","Elementarium:Elementarium","TheBeyond","TheEnding"],"potions_floor_usage":[6,10,20,20,25,35,40,55,55],"damage_taken":[{"damage":0,"enemies":"Menagerie:2_RABBITS","floor":1,"turns":3},{"damage":0,"enemies":"Menagerie:WhisperingWraith","floor":3,"turns":3},{"damage":0,"enemies":"Menagerie:MonstrousExperiment","floor":4,"turns":3},{"damage":9,"enemies":"Menagerie:MaskedSummoner","floor":6,"turns":5},{"damage":2,"enemies":"Menagerie:VoidReaper","floor":10,"turns":5},{"damage":12,"enemies":"Menagerie:MaskedSummoner","floor":13,"turns":5},{"damage":0,"enemies":"Menagerie:KEEPER_AND_YOUNG_SUNEATER","floor":14,"turns":3},{"damage":5,"enemies":"Menagerie:AVATARS","floor":16,"turns":4},{"damage":0,"enemies":"Elementarium:2_ELEMENTALS","floor":18,"turns":3},{"damage":5,"enemies":"Elementarium:VoidCorruption","floor":20,"turns":5},{"damage":1,"enemies":"Elementarium:CYCLONE_AND_ORB_OF_FIRE","floor":21,"turns":7},{"damage":18,"enemies":"Elementarium:VoidBeast","floor":22,"turns":2},{"damage":6,"enemies":"Elementarium:RubyGolem","floor":24,"turns":3},{"damage":24,"enemies":"Elementarium:ElementalPortal","floor":25,"turns":7},{"damage":0,"enemies":"Elementarium:STONE_GOLEMS","floor":27,"turns":4},{"damage":6,"enemies":"Elementarium:WarGolem","floor":28,"turns":3},{"damage":11,"enemies":"Elementarium:CYCLONE_AND_LIVING_STORMCLOUD","floor":29,"turns":6},{"damage":0,"enemies":"Elementarium:FIRE_NOBILITY","floor":31,"turns":4},{"damage":0,"enemies":"Elementarium:GolemEmperor","floor":33,"turns":5},{"damage":0,"enemies":"3 Shapes","floor":35,"turns":2},{"damage":0,"enemies":"Orb Walker","floor":37,"turns":1},{"damage":0,"enemies":"R_Hoarder","floor":40,"turns":7},{"damage":0,"enemies":"Giant Head","floor":42,"turns":6},{"damage":0,"enemies":"Spire Growth","floor":43,"turns":6},{"damage":0,"enemies":"Spire Growth","floor":48,"turns":3},{"damage":0,"enemies":"Replay:Hell Engine","floor":50,"turns":5},{"damage":12,"enemies":"Shield and Spear","floor":54,"turns":4},{"damage":33,"enemies":"The Heart","floor":55,"turns":8}],"seed_played":"6810812338816645619","potions_obtained":[{"floor":0,"key":"Doom Potion"},{"floor":0,"key":"LifebloodPotion"},{"floor":0,"key":"SkillPotion"},{"floor":4,"key":"Dexterity Potion"},{"floor":6,"key":"FairyPotion"},{"floor":13,"key":"SteroidPotion"},{"floor":14,"key":"LiquidMemories"},{"floor":24,"key":"Explosive Potion"},{"floor":31,"key":"champ:CounterPotion"},{"floor":35,"key":"LifebloodPotion"}],"is_trial":false,"path_per_floor":["M","?","M","M","T","E","R","?","T","E","?","R","E","M","R","B",null,"M","?","M","M","M","R","M","E","T","M","E","M","?","E","R","B",null,"M","AVR","M","?","?","E","R","E","MIM","R","?","R","?","M","R","B",null,"R","$","E","B",null],"character_chosen":"THE_DEFAULT","items_purchased":["Boot","Medical Kit","jedi:StrikingPotion","Venom Potion","theMarked:Opportunist+1"],"campfire_rested":3,"item_purchase_floors":[53,53,53,53,53],"current_hp_per_floor":[70,70,70,70,70,61,61,61,61,65,48,69,65,65,65,70,70,70,47,48,54,41,62,60,46,46,53,51,43,43,47,68,70,70,70,70,70,70,70,70,70,70,70,70,70,70,70,70,70,70,70,70,70,63,43],"gold":516,"neow_bonus":"THREE_SMALL_POTIONS","is_daily":false,"chose_seed":false,"campfire_upgraded":12,"win_rate":0.0,"timestamp":1610547876,"path_taken":["M","?","M","M","?","E","R","?","T","E","?","R","E","M","R","BOSS","M","?","?","M","M","R","M","E","T","M","E","M","?","E","R","BOSS","M","AVR","M","?","?","E","R","E","MIM","R","?","R","?","M","R","BOSS","R","$","E","BOSS"],"items_purchased_type":["Relic","Relic","Potion","Potion","Card"],"build_version":"2020-12-22","purchased_purges":0,"victory":true,"max_hp_per_floor":[70,70,70,70,70,70,70,70,70,70,70,70,70,70,70,70,70,70,70,70,70,70,70,70,70,70,70,70,70,70,70,70,70,70,70,70,70,70,70,70,70,70,70,70,70,70,70,70,70,70,70,70,70,70,70],"card_choices":[{"not_picked":["theMarked:BanishingStrike+1","theMarked:Opportunist+1"],"picked":"theMarked:HeightenedSenses+1","floor":1},{"not_picked":["theMarked:Reabsorb+1","theMarked:MaelstromOfLightning+1"],"picked":"theMarked:EmpowerWeapon+1","floor":3},{"not_picked":["theMarked:MaelstromOfLightning+1","theMarked:BanishingStrike+1"],"picked":"theMarked:SwordAndMagic+1","floor":4},{"not_picked":["theMarked:MuscleMemory+1","theMarked:Parkour+1"],"picked":"theMarked:Improvise+1","floor":6},{"not_picked":["Menagerie:DarkRitual+1","Menagerie:Languish+1"],"picked":"Menagerie:LoxodonWarhammer+1","floor":8},{"not_picked":["theMarked:WastefulAttack+1","theMarked:EnhanceMovement+1","theMarked:Generate+1"],"picked":"SKIP","floor":10},{"not_picked":["infinitespire:Fortify","infinitespire:NeuralNetwork"],"picked":"ReplayTheSpireMod:Book of Names","floor":11},{"not_picked":["theMarked:KeepCalmAndFightOn+1","theMarked:RepellingDischarge+1"],"picked":"theMarked:StartUp+1","floor":13},{"not_picked":["theMarked:SwordAndMagic+1","theMarked:RepellingDischarge+1","theMarked:WastefulAttack+1"],"picked":"SKIP","floor":14},{"not_picked":["theMarked:MuscleMemory+1","theMarked:Levitate+1"],"picked":"theMarked:Challenge+1","floor":16},{"not_picked":["theMarked:EmpowerWeapon+1","theMarked:TwofoldDefense+1","theMarked:Reabsorb+1"],"picked":"SKIP","floor":18},{"not_picked":["theMarked:WastefulAttack+1","theMarked:EmpowerWeapon+1","theMarked:Aftermath+1"],"picked":"SKIP","floor":20},{"not_picked":["theMarked:Electrocute+1","theMarked:Frustration+1","theMarked:RepellingDischarge+1"],"picked":"SKIP","floor":21},{"not_picked":["theMarked:HeightenedSenses+1","theMarked:RepellingDischarge+1","theMarked:EmpowerWeapon+1"],"picked":"SKIP","floor":22},{"not_picked":["theMarked:HeightenedSenses+1","theMarked:WastefulAttack+1","theMarked:Static+1"],"picked":"SKIP","floor":24},{"not_picked":["theMarked:Generate+1","theMarked:Snap+1","theMarked:DeterminationOfTheMarked+1"],"picked":"SKIP","floor":25},{"not_picked":["theMarked:PowerFlow+1","theMarked:LightningStrikesTwice+1"],"picked":"theMarked:ElementalBlade+1","floor":27},{"not_picked":["theMarked:Panic+1","theMarked:RepellingDischarge+1","theMarked:Static+1"],"picked":"SKIP","floor":28},{"not_picked":["theMarked:BanishingWave+1","theMarked:BanishingStrike+1"],"picked":"theMarked:StartUp+1","floor":29},{"not_picked":["theMarked:BanishingWave+1","theMarked:ResourceFulStrike+1"],"picked":"theMarked:ElectricStrings+1","floor":31},{"not_picked":["theMarked:TakeOffHeels+1","theMarked:Challenge+1"],"picked":"theMarked:EternalStudent+1","floor":33},{"not_picked":["theMarked:WastefulAttack+1","theMarked:Polarize+1","theMarked:Improvise+1"],"picked":"SKIP","floor":35},{"not_picked":["theMarked:Frustration+1","theMarked:ElectricStrings+1","theMarked:ReduceFriction+1"],"picked":"SKIP","floor":37},{"not_picked":["theMarked:EnhanceMovement+1","theMarked:Generate+1"],"picked":"theMarked:RogueSparks+1","floor":40},{"not_picked":["theMarked:RepellingDischarge+1","theMarked:TakeCover+1"],"picked":"theMarked:ParalyzingBlade+1","floor":42},{"not_picked":["theMarked:Challenge+1","theMarked:TakeCover+1","theMarked:GodGivenPower+1"],"picked":"SKIP","floor":48},{"not_picked":["theMarked:Seal+1","theMarked:HeightenedSenses+1","theMarked:WastefulAttack+1"],"picked":"SKIP","floor":54}],"player_experience":2768114,"relics_obtained":[{"floor":6,"key":"halation:PenCase"},{"floor":9,"key":"Pantograph"},{"floor":10,"key":"trackpad:IceCube"},{"floor":13,"key":"vexMod:BarristanHead"},{"floor":25,"key":"halation:LettersToHer"},{"floor":26,"key":"halation:LettersToHer"},{"floor":26,"key":"Replay:Rubber Ducky"},{"floor":27,"key":"wanderingMiniBosses:CarrionFlame"},{"floor":28,"key":"War Paint"},{"floor":31,"key":"Mummified Hand"},{"floor":40,"key":"Counterbalance"},{"floor":42,"key":"SnailShell"},{"floor":43,"key":"hubris:64BitClover"},{"floor":43,"key":"halation:LettersToHer"},{"floor":54,"key":"Orichalcum"}],"event_choices":[{"damage_healed":0,"gold_gain":0,"player_choice":"Simplicity","damage_taken":0,"max_hp_gain":0,"max_hp_loss":9,"event_name":"betterThird:BetterWriting","floor":0,"gold_loss":0},{"damage_healed":0,"gold_gain":0,"player_choice":"Forge","damage_taken":0,"max_hp_gain":0,"max_hp_loss":0,"event_name":"Accursed Blacksmith","floor":2,"gold_loss":0,"cards_upgraded":["theMarked:Strike"]},{"damage_healed":0,"gold_gain":0,"player_choice":"Peek","damage_taken":0,"max_hp_gain":0,"max_hp_loss":0,"event_name":"Menagerie:OvergrownLibrary","floor":8,"gold_loss":0},{"damage_healed":0,"gold_gain":113,"player_choice":"RE GO ","damage_taken":26,"relics_obtained":["trackpad:Mousetrap"],"max_hp_gain":0,"max_hp_loss":0,"event_name":"betterSkull:BetterSkull","floor":19,"gold_loss":0,"cards_upgraded":[]},{"damage_healed":0,"gold_gain":0,"player_choice":"Toss","damage_taken":0,"max_hp_gain":0,"max_hp_loss":0,"event_name":"Elementarium:OnrushingOffering","floor":30,"gold_loss":10,"cards_obtained":["Elementarium:GildedEssence"]}],"is_beta":false,"boss_relics":[{"not_picked":["halation:PlatinumPhoenix","Honey Jar"],"picked":"trackpad:StolenKidneys"},{"not_picked":["infinitespire:Cupcake","hubris:VirtuousBlindfold"],"picked":"hubris:HollowSoul"}],"items_purged_floors":[],"is_endless":false,"potions_floor_spawned":[1,4,6,13,14,18,24,29,31,35,54],"ascension_level":4}}