{"host":"i0avyit1s6jb1siw","time":1610556263,"event":{"mods":["BaseMod","DeckTracker","Dota2Spire","Highlight Path","Minty Spire (QoL Compilation)","Quick Restart","StSLib","SuperFastMode"],"gold_per_floor":[115,115,0,0,13,13,57,81,105,105,5,30,30,30,30,30,30],"floor_reached":16,"language":"ENG","playtime":238,"items_purged":["Strike_G","Strike_G"],"score":242,"play_id":"2eb51f3f-e3ce-4736-96a8-83223bb4239e","local_time":"20210113174423","is_ascension_mode":true,"campfire_choices":[{"data":"Skewer","floor":6,"key":"SMITH"},{"data":"Well Laid Plans","floor":13,"key":"SMITH"},{"floor":15,"key":"REST"}],"circlet_count":0,"master_deck":["AscendersBane","Strike_G","Strike_G","Strike_G","Defend_G","Defend_G","Defend_G","Defend_G","Defend_G","Survivor","Neutralize","Skewer+1","Noxious Fumes","Well Laid Plans+1","Footwork","Flechettes"],"relics":["Ring of the Snake","NeowsBlessing","Golden Idol","Juzu Bracelet","Blood Vial","Dota2Spire:MagicBottle","Odd Mushroom"],"acts_visited":["Exordium"],"potions_floor_usage":[16,16],"damage_taken":[{"damage":0,"enemies":"Jaw Worm","floor":1,"turns":1},{"damage":0,"enemies":"Small Slimes","floor":5,"turns":1},{"damage":0,"enemies":"Lagavulin","floor":7,"turns":1},{"damage":0,"enemies":"2 Louse","floor":8,"turns":4},{"damage":27,"enemies":"The Mushroom Lair","floor":12,"turns":5},{"damage":38,"enemies":"Hexaghost","floor":16,"turns":14}],"seed_played":"-2475947193241903377","potions_obtained":[{"floor":1,"key":"Block Potion"},{"floor":8,"key":"Block Potion"}],"is_trial":false,"path_per_floor":["M","?","$","?","M","R","E","M","T","?","$","?","R","?","R","B"],"character_chosen":"THE_SILENT","items_purchased":["Noxious Fumes"],"campfire_rested":1,"item_purchase_floors":[3],"current_hp_per_floor":[59,59,59,59,59,59,59,59,59,41,41,16,16,7,25,0,0],"gold":30,"neow_bonus":"THREE_ENEMY_KILL","is_daily":false,"chose_seed":false,"campfire_upgraded":2,"win_rate":0.0,"timestamp":1610556263,"path_taken":["M","?","$","?","M","R","E","M","T","?","$","?","R","?","R","BOSS"],"items_purchased_type":["Card"],"build_version":"2020-12-22","purchased_purges":2,"victory":false,"max_hp_per_floor":[66,60,60,60,60,60,60,60,60,60,60,60,60,60,60,60,60],"card_choices":[{"not_picked":["Flying Knee","Underhanded Strike"],"picked":"Skewer","floor":1},{"not_picked":["Cloak And Dagger","Deflect","Prepared"],"picked":"SKIP","floor":5},{"not_picked":["Deflect","Slice"],"picked":"Well Laid Plans","floor":7},{"not_picked":["Quick Slash","Flying Knee"],"picked":"Footwork","floor":8},{"not_picked":["Sucker Punch","Dagger Spray"],"picked":"Flechettes","floor":12}],"player_experience":2226204,"relics_obtained":[{"floor":7,"key":"Juzu Bracelet"},{"floor":9,"key":"Blood Vial"},{"floor":12,"key":"Odd Mushroom"}],"event_choices":[{"damage_healed":0,"gold_gain":0,"player_choice":"Lose Max HP","damage_taken":0,"relics_obtained":["Golden Idol"],"max_hp_gain":0,"max_hp_loss":6,"event_name":"Golden Idol","floor":2,"gold_loss":0},{"damage_healed":0,"gold_gain":0,"player_choice":"Ignored","damage_taken":0,"max_hp_gain":0,"max_hp_loss":0,"event_name":"Liars Game","floor":4,"gold_loss":0},{"damage_healed":0,"gold_gain":0,"player_choice":"Success","damage_taken":18,"relics_obtained":["Dota2Spire:MagicBottle"],"max_hp_gain":0,"max_hp_loss":0,"event_name":"Scrap Ooze","floor":10,"gold_loss":0},{"damage_healed":0,"gold_gain":0,"player_choice":"Fought Mushrooms","damage_taken":0,"max_hp_gain":0,"max_hp_loss":0,"event_name":"Mushrooms","floor":12,"gold_loss":0},{"damage_healed":0,"gold_gain":0,"player_choice":"Damaged","damage_taken":9,"max_hp_gain":0,"max_hp_loss":0,"event_name":"Wheel of Change","floor":14,"gold_loss":0}],"is_beta":false,"boss_relics":[],"items_purged_floors":[3,11],"is_endless":false,"potions_floor_spawned":[1,8],"killed_by":"Hexaghost","ascension_level":20}}