{"host":"r1lswj8jzavt5cf1","time":1610578488,"event":{"mods":["AchievementEnabler","BaseMod","Bestiary","Custom Start","Minty Spire (QoL Compilation)","New YuGiOh mod","Replay The Spire","StSLib","SuperFastMode","The Animator","The Bug Knight"],"gold_per_floor":[99,99,99,99,99,99,99,99,99,99,99,99,99,99,99,99,99,99,99,99,99,99,99,99,99,99,99,99,99,99,99,99,99,99,99,99,99,99,99,99,99,99,99,99,99,99,99,99,99,99,99,99],"floor_reached":53,"language":"ENG","playtime":7289,"items_purged":[],"score":1285,"play_id":"08d7771f-5338-4099-8a7c-ab90e743ca83","local_time":"20210113225448","is_ascension_mode":false,"campfire_choices":[{"floor":6,"key":"REST"},{"floor":15,"key":"REST"},{"floor":17,"key":"REST"},{"floor":25,"key":"REST"},{"floor":27,"key":"REST"},{"floor":34,"key":"REST"},{"floor":43,"key":"REST"}],"circlet_count":0,"master_deck":["Catalyst+1","Bane+1","Bane+1","Noxious Fumes+1","Noxious Fumes+1","Noxious Fumes+1","Bullet Time+1","Bullet Time+1","Burst+1","Burst+1","Burst+1","Adrenaline+1","Adrenaline+1","Adrenaline+1","Bouncing Flask+1","Bouncing Flask+1","Bouncing Flask+1","Bouncing Flask+1","Bouncing Flask+1","Catalyst+1","Catalyst+1","Catalyst+1","Catalyst+1","Catalyst+1","Deadly Poison+1","Deadly Poison+1","Deadly Poison+1","Bane+1","Bane+1","Bane+1","Catalyst+1"],"relics":["Ring of the Snake","Ancient Tea Set","Art of War","Bag of Preparation","Busted Crown","Burning Blood","Ectoplasm","Eternal Feather","FossilizedHelix","Fusion Hammer","Gremlin Horn","Happy Flower","HoveringKite","Ice Cream","InkBottle","ReplayTheSpireMod:Lightbulb","Lizard Tail","Lee\u0027s Waffle","Lantern","Orichalcum","Pantograph","Pear","Pen Nib","Regal Pillow","Ring of the Snake","Ring of the Serpent","SlaversCollar","Snake Skull","Sozu","Strawberry","Sundial","The Specimen","Unceasing Top","TwistedFunnel","ReplayFunnel","Black Star","Golden Egg","Bronze Scales","Red Mask","Blue Doll","Replay:Baseball","Vajra","Bird Faced Urn"],"acts_visited":["Exordium","TheCity","TheBeyond"],"potions_floor_usage":[],"damage_taken":[{"damage":0,"enemies":"Cultist","floor":1,"turns":1},{"damage":0,"enemies":"Small Slimes","floor":2,"turns":1},{"damage":0,"enemies":"Jaw Worm","floor":3,"turns":1},{"damage":0,"enemies":"Exordium Thugs","floor":4,"turns":1},{"damage":0,"enemies":"Looter","floor":9,"turns":1},{"damage":0,"enemies":"Lagavulin","floor":10,"turns":1},{"damage":0,"enemies":"Gremlin Nob","floor":12,"turns":1},{"damage":0,"enemies":"Blue Slaver","floor":14,"turns":1},{"damage":0,"enemies":"Red Slaver","floor":16,"turns":1},{"damage":0,"enemies":"The Guardian","floor":18,"turns":1},{"damage":0,"enemies":"2 Thieves","floor":20,"turns":1},{"damage":0,"enemies":"3 Byrds","floor":21,"turns":1},{"damage":0,"enemies":"3 Cultists","floor":23,"turns":2},{"damage":0,"enemies":"Book of Stabbing","floor":26,"turns":1},{"damage":0,"enemies":"Cultist and Chosen","floor":29,"turns":1},{"damage":0,"enemies":"Centurion and Healer","floor":31,"turns":1},{"damage":0,"enemies":"Masked Bandits","floor":32,"turns":1},{"damage":0,"enemies":"Sentry and Sphere","floor":33,"turns":1},{"damage":0,"enemies":"Automaton","floor":35,"turns":1},{"damage":0,"enemies":"Orb Walker","floor":37,"turns":1},{"damage":8,"enemies":"3 Darklings","floor":39,"turns":2},{"damage":0,"enemies":"4 Shapes","floor":40,"turns":1},{"damage":0,"enemies":"Writhing Mass","floor":41,"turns":1},{"damage":0,"enemies":"Giant Head","floor":42,"turns":1},{"damage":0,"enemies":"3 Darklings","floor":44,"turns":1},{"damage":0,"enemies":"Maw","floor":46,"turns":1},{"damage":0,"enemies":"Nemesis","floor":47,"turns":1},{"damage":0,"enemies":"Sphere and 2 Shapes","floor":48,"turns":1},{"damage":0,"enemies":"R_Hoarder","floor":50,"turns":1},{"damage":0,"enemies":"2 Orb Walkers","floor":51,"turns":1},{"damage":0,"enemies":"Donu and Deca","floor":52,"turns":2}],"seed_played":"8740810783667109053","potions_obtained":[],"is_trial":true,"path_per_floor":["M","M","M","M","$","R","PTL","PTL","M","E","T","E","?","M","R","M","R","B",null,"M","M","?","M","T","R","E","R","T","M","$","M","?","M","R","B",null,"M","?","M","M","M","E","R","M","T","M","E","M","?","E","R","B",null],"character_chosen":"THE_SILENT","items_purchased":[],"campfire_rested":7,"item_purchase_floors":[],"current_hp_per_floor":[94,94,94,94,94,94,94,94,94,94,94,94,94,94,94,94,94,94,94,94,94,94,94,94,94,94,94,94,94,94,94,94,94,94,94,94,94,94,92,94,94,94,94,94,94,94,94,94,94,94,94,94],"gold":99,"neow_bonus":"","is_daily":false,"chose_seed":false,"campfire_upgraded":0,"win_rate":0.0,"timestamp":1610578488,"path_taken":["M","M","M","M","?","R","PTL","PTL","M","E","T","E","?","M","R","M","R","BOSS","M","M","?","M","?","R","E","R","T","M","$","M","?","M","R","BOSS","M","?","M","M","M","E","R","M","T","?","E","M","?","E","R","BOSS"],"items_purchased_type":[],"build_version":"2020-12-22","purchased_purges":0,"victory":true,"max_hp_per_floor":[94,94,94,94,94,94,94,94,94,94,94,94,94,94,94,94,94,94,94,94,94,94,94,94,94,94,94,94,94,94,94,94,94,94,94,94,94,94,94,94,94,94,94,94,94,94,94,94,94,94,94,94],"card_choices":[{"not_picked":["Bane"],"picked":"SKIP","floor":1},{"not_picked":["Poisoned Stab"],"picked":"SKIP","floor":2},{"not_picked":["Calculated Gamble"],"picked":"SKIP","floor":3},{"not_picked":["Underhanded Strike"],"picked":"SKIP","floor":4},{"not_picked":["Outmaneuver"],"picked":"SKIP","floor":9},{"not_picked":["Heel Hook"],"picked":"SKIP","floor":10},{"not_picked":["Noxious Fumes"],"picked":"SKIP","floor":12},{"not_picked":["Underhanded Strike"],"picked":"SKIP","floor":14},{"not_picked":["Deflect"],"picked":"SKIP","floor":16},{"not_picked":["Finisher"],"picked":"SKIP","floor":20},{"not_picked":["Dagger Throw"],"picked":"SKIP","floor":21},{"not_picked":["Deadly Poison+1"],"picked":"SKIP","floor":23},{"not_picked":["Sucker Punch+1"],"picked":"SKIP","floor":26},{"not_picked":["Masterful Stab+1"],"picked":"SKIP","floor":29},{"not_picked":["Expertise"],"picked":"SKIP","floor":31},{"not_picked":["Poisoned Stab"],"picked":"SKIP","floor":33},{"not_picked":["Replay:Poison Smokescreen+1"],"picked":"SKIP","floor":37},{"not_picked":["Escape Plan+1"],"picked":"SKIP","floor":39},{"not_picked":["Tactician+1"],"picked":"SKIP","floor":40},{"not_picked":["Blade Dance+1"],"picked":"SKIP","floor":41},{"not_picked":["Poisoned Stab"],"picked":"SKIP","floor":42},{"not_picked":["Blade Dance"],"picked":"SKIP","floor":44},{"not_picked":["Flying Knee+1"],"picked":"SKIP","floor":46},{"not_picked":["Flechettes+1"],"picked":"SKIP","floor":47},{"not_picked":["PiercingWail"],"picked":"SKIP","floor":48},{"not_picked":["Cloak And Dagger+1"],"picked":"SKIP","floor":50}],"player_experience":246888,"relics_obtained":[{"floor":11,"key":"ReplayFunnel"},{"floor":24,"key":"Golden Egg"},{"floor":28,"key":"Bronze Scales"},{"floor":32,"key":"Red Mask"},{"floor":45,"key":"Blue Doll"},{"floor":47,"key":"Replay:Baseball"},{"floor":50,"key":"Vajra"},{"floor":51,"key":"Bird Faced Urn"}],"event_choices":[{"damage_healed":31,"gold_gain":0,"player_choice":"Heal","damage_taken":0,"max_hp_gain":0,"max_hp_loss":0,"event_name":"The Library","floor":22,"gold_loss":0},{"damage_healed":0,"gold_gain":0,"player_choice":"Fought Bandits","damage_taken":0,"max_hp_gain":0,"max_hp_loss":0,"event_name":"Masked Bandits","floor":32,"gold_loss":0},{"damage_healed":0,"gold_gain":0,"player_choice":"Copied","damage_taken":0,"max_hp_gain":0,"max_hp_loss":0,"event_name":"Duplicator","floor":38,"gold_loss":0,"cards_obtained":["Catalyst"]},{"damage_healed":0,"gold_gain":0,"player_choice":"Fight","damage_taken":0,"max_hp_gain":0,"max_hp_loss":0,"event_name":"Mysterious Sphere","floor":51,"gold_loss":0}],"is_beta":false,"boss_relics":[{"not_picked":["Empty Cage","Snecko Heart"],"picked":"Black Star"},{"not_picked":["Coffee Dripper","Runic Pyramid","Abe\u0027s Treasure"]}],"items_purged_floors":[],"is_endless":false,"potions_floor_spawned":[2,3,12,16,23,29,31,33,40,44,46,47,48,50,51],"ascension_level":0}}