{"host":"llpusn9usp8rznkj","time":1610515210,"event":{"mods":["2.2 Compatiblity","Aspiration","BaseMod","Colored Map","Colored Powertips","Conspire","Hubris","Minty Spire (QoL Compilation)","Quick Restart","Rare Cards Sparkle","Replay The Spire","StSLib","The Cursed"],"gold_per_floor":[110,110,178,36,46,46,76,92,92,127,127,127,153,181,181,258,358,358,358],"floor_reached":18,"language":"ENG","playtime":561,"items_purged":[],"score":406,"play_id":"806fc107-6325-45d2-bc77-cbffdd66c5a2","local_time":"20210113002010","is_ascension_mode":true,"campfire_choices":[{"data":"ReplayTheSpireMod:Limb From Limb","floor":6,"key":"SMITH"},{"floor":15,"key":"DIG"}],"circlet_count":0,"master_deck":["AscendersBane","Strike_R","Strike_R","Strike_R","Strike_R","Strike_R","Defend_R+1","Defend_R","Defend_R","Defend_R","Bash","Warcry","Iron Wave","Inflame","Shrug It Off","ReplayTheSpireMod:Limb From Limb+1","ReplayTheSpireMod:Muscle Training","Shrug It Off","Delirium","Demon Form","Immolate"],"relics":["Burning Blood","NeowsBlessing","hubris:Icosahedron","Red Skull","aspiration:StickyExplosives_weak","Juzu Bracelet","Ring of Searing","Ring of Peace","Replay:Bandana","conspire:GiftBox","Replay:Wanted Poster"],"acts_visited":["Exordium","TheCity"],"potions_floor_usage":[10,13,14],"damage_taken":[{"damage":0,"enemies":"Jaw Worm","floor":1,"turns":1},{"damage":0,"enemies":"2 Louse","floor":5,"turns":1},{"damage":0,"enemies":"Lagavulin","floor":7,"turns":1},{"damage":15,"enemies":"Small Slimes","floor":8,"turns":3},{"damage":19,"enemies":"3 Sentries","floor":10,"turns":7},{"damage":6,"enemies":"Gremlin Nob","floor":13,"turns":4},{"damage":19,"enemies":"2 Fungi Beasts","floor":14,"turns":4},{"damage":10,"enemies":"Slime Boss","floor":16,"turns":5},{"damage":0,"enemies":"Chosen","floor":18,"turns":1}],"seed_played":"4241350588777920321","potions_obtained":[{"floor":3,"key":"Flashbang"},{"floor":3,"key":"PowerPotion"},{"floor":8,"key":"EssenceOfSteel"},{"floor":13,"key":"Adrenaline Potion"},{"floor":16,"key":"Dexterity Potion"}],"is_trial":false,"path_per_floor":["M","?","?","$","M","R","E","M","T","E","?","?","E","M","R_BF","B",null,"M"],"character_chosen":"IRONCLAD","items_purchased":["Inflame","Shrug It Off"],"campfire_rested":0,"item_purchase_floors":[4,4],"current_hp_per_floor":[74,74,50,50,56,56,62,53,53,40,40,40,40,27,27,23,62,62,62],"gold":358,"neow_bonus":"THREE_ENEMY_KILL","is_daily":false,"chose_seed":false,"campfire_upgraded":1,"win_rate":0.0,"timestamp":1610515210,"path_taken":["M","?","?","$","M","R","E","M","T","E","?","?","E","M","R_BF","BOSS","M"],"items_purchased_type":["Card","Card"],"build_version":"2020-12-22","purchased_purges":0,"victory":false,"max_hp_per_floor":[75,75,75,75,75,75,75,75,75,75,75,75,75,75,75,75,75,75,75],"card_choices":[{"not_picked":["Clash","Intimidate"],"picked":"Warcry","floor":1},{"not_picked":["Sentinel","Warcry"],"picked":"Iron Wave","floor":3},{"not_picked":["Perfected Strike","Wild Strike"],"picked":"ReplayTheSpireMod:Limb From Limb","floor":5},{"not_picked":["Reckless Charge","Wild Strike"],"picked":"ReplayTheSpireMod:Muscle Training","floor":7},{"not_picked":["Run Through","Armaments"],"picked":"Shrug It Off","floor":8},{"not_picked":["Havoc","Warcry","Clothesline"],"picked":"SKIP","floor":10},{"not_picked":["Perfected Strike","ReplayTheSpireMod:Strike From Hell","Infernal Blade"],"picked":"SKIP","floor":13},{"not_picked":["Replay:Undeath\u0027s Touch","Cleave","Replay:Many Hands"],"picked":"SKIP","floor":14},{"not_picked":["conspire:HitWhereItHurts","Impervious"],"picked":"Demon Form","floor":15},{"not_picked":["Bludgeon","conspire:HitWhereItHurts"],"picked":"Immolate","floor":16}],"player_experience":1145012,"relics_obtained":[{"floor":3,"key":"Red Skull"},{"floor":7,"key":"aspiration:StickyExplosives_weak"},{"floor":10,"key":"Juzu Bracelet"},{"floor":12,"key":"Ring of Searing"},{"floor":12,"key":"Ring of Peace"},{"floor":13,"key":"Replay:Bandana"},{"floor":15,"key":"conspire:GiftBox"}],"event_choices":[],"is_beta":false,"boss_relics":[{"not_picked":["Honey Jar","ChewingGum"],"picked":"Replay:Wanted Poster"}],"items_purged_floors":[],"is_endless":false,"potions_floor_spawned":[5,7,8,13,16],"killed_by":"Chosen","ascension_level":20}}