{"host":"gtv41eena9h15rk5","time":1610549212,"event":{"mods":["BaseMod","Colored Powertips","Downfall","Googly Eyes","Marisa£®ÏF”Í°°ƒß¿Ì…≥£©","Minty Spire (QoL Compilation)","Quick Restart","Replay The Spire","Shop Mod","StSLib","The Bug Knight","The Construct","The Cursed","The Runesmith","The Servant 0.9.4","[IsaacMod]“‘»ˆº‚À˛"],"gold_per_floor":[111,123,141,21,37,37,72,72,127,127,227,227,253,273,273,372,372,385,485,485,499,76,76,76,76,106,106,106,106,116,133,53,53,53,158,158,176,176,137,187,202,202,202,218,270,270,288,308,338,338,338,338],"floor_reached":53,"language":"ZHS","playtime":2827,"items_purged":["Defend_P","Defend_P","Pain"],"score":930,"play_id":"62f7b8e6-19ef-4414-8188-af3b4873369b","local_time":"20210113224652","is_ascension_mode":true,"campfire_choices":[{"data":"Establishment","floor":6,"key":"SMITH"},{"data":"Study","floor":8,"key":"SMITH"},{"data":"Meditate","floor":10,"key":"SMITH"},{"data":"Nirvana","floor":15,"key":"SMITH"},{"floor":25,"key":"REST"},{"floor":27,"key":"REST"},{"data":"EpicFetus","floor":29,"key":"SMITH"},{"floor":34,"key":"REST"},{"floor":42,"key":"RECALL"},{"data":"Collect","floor":46,"key":"SMITH"},{"floor":51,"key":"REST"}],"circlet_count":0,"master_deck":["Strike_P","Strike_P","Strike_P","Strike_P","Defend_P","Defend_P","Eruption","Vigilance+1","EpicFetus+1","Replay:ManipulateFuture","Establishment+1","Meditate+1","Replay:AtTheReady","Weave","Study+1","Prostrate+1","Protect","Nirvana+1","Devotion","SandsOfTime","ThirdEye","Replay:DivineShield+1","SandsOfTime","Wireheading","Protect","CarveReality+1","Prostrate","Replay:ManipulateFuture+1","Collect+1","ThirdEye","Protect+1","ThirdEye+1","Nirvana+1"],"relics":["PureWater","HushsDoor","PunchingBag","Quantum Egg","Runesmith:AutoHammer","Blue Doll","construct:WeddingRing","SteamSale","MerchantsRug","Tiny Chest","Ancient Tea Set","Happy Flower","Runesmith:Nanobots","Vajra","Replay:Ancient Bell","ReplayTheSpireMod:CursedCoin","ReplayTheSpireMod:Lightbulb","BranchBurnRelic","CaptainsWheel","Void","War Paint"],"acts_visited":["Exordium","TheCity","TheBeyond"],"potions_floor_usage":[16,16,35,52,52],"damage_taken":[{"damage":7,"enemies":"Cultist","floor":1,"turns":3},{"damage":11,"enemies":"Jaw Worm","floor":2,"turns":5},{"damage":1,"enemies":"2 Louse","floor":3,"turns":4},{"damage":1,"enemies":"Large Slime","floor":5,"turns":5},{"damage":18,"enemies":"Gremlin Nob","floor":7,"turns":4},{"damage":0,"enemies":"Lagavulin","floor":13,"turns":4},{"damage":9,"enemies":"Blue Slaver","floor":14,"turns":4},{"damage":0,"enemies":"Slime Boss","floor":16,"turns":7},{"damage":1,"enemies":"Shell Parasite","floor":18,"turns":5},{"damage":32,"enemies":"3 Byrds","floor":21,"turns":4},{"damage":29,"enemies":"Slavers","floor":26,"turns":6},{"damage":16,"enemies":"Shelled Parasite and Fungi","floor":30,"turns":5},{"damage":7,"enemies":"Cultist and Chosen","floor":31,"turns":4},{"damage":0,"enemies":"Collector","floor":35,"turns":7},{"damage":5,"enemies":"3 Shapes","floor":37,"turns":3},{"damage":3,"enemies":"Mind Bloom Boss Battle","floor":40,"turns":5},{"damage":16,"enemies":"3 Darklings","floor":41,"turns":3},{"damage":15,"enemies":"4 Shapes","floor":44,"turns":3},{"damage":27,"enemies":"Maw","floor":47,"turns":6},{"damage":8,"enemies":"Spire Growth","floor":48,"turns":4},{"damage":0,"enemies":"Giant Head","floor":49,"turns":7},{"damage":24,"enemies":"Awakened One","floor":52,"turns":9}],"seed_played":"8012301623530314458","potions_obtained":[{"floor":1,"key":"champ:CounterPotion"},{"floor":3,"key":"GamblersBrew"},{"floor":5,"key":"Regen Potion"},{"floor":14,"key":"AttackPotion"},{"floor":16,"key":"BlessingOfTheForge"},{"floor":18,"key":"PowerPotion"},{"floor":31,"key":"LiquidBronze"},{"floor":37,"key":"SteroidPotion"},{"floor":44,"key":"LifebloodPotion"}],"is_trial":false,"path_per_floor":["M","M","M","$","M","R","E","R","T","R","?","?","E","M","R","B",null,"M","?","?","M","$","PTL","PTL","R","E","R","T","R","M","M","$","?","R","B",null,"M","?","$","?","M","R","T","M","T","R","M","M","E","?","R","B",null],"character_chosen":"WATCHER","items_purchased":["Replay:AtTheReady","SteamSale","Replay:DivineShield+1","MerchantsRug","Tiny Chest","Ancient Tea Set","Protect","Vajra","ReplayTheSpireMod:CursedCoin","Prostrate","ReplayTheSpireMod:Lightbulb"],"campfire_rested":4,"item_purchase_floors":[4,22,22,22,22,22,32,32,39,39,39],"current_hp_per_floor":[72,61,60,60,59,59,41,41,41,41,41,46,46,37,37,52,84,83,83,67,35,35,35,35,61,32,58,58,58,42,35,35,35,61,61,89,84,84,84,81,65,65,65,59,59,59,47,39,39,39,64,55],"gold":338,"neow_bonus":"TEN_PERCENT_HP_BONUS","is_daily":false,"chose_seed":false,"campfire_upgraded":6,"win_rate":0.0,"timestamp":1610549212,"path_taken":["M","M","M","$","?","R","E","R","T","R","?","?","E","M","R","BOSS","M","?","?","M","?","PTL","PTL","R","E","R","T","R","M","M","$","?","R","BOSS","M","?","$","?","M","R","?","?","T","R","M","M","E","?","R","BOSS"],"items_purchased_type":["Card","Relic","Card","Relic","Relic","Relic","Card","Relic","Relic","Card","Relic"],"build_version":"2020-12-22","purchased_purges":3,"victory":true,"max_hp_per_floor":[79,79,79,79,79,79,79,79,79,79,79,84,84,84,84,84,84,84,84,89,89,89,89,89,89,89,89,89,89,89,89,89,89,89,89,89,89,89,89,89,89,89,89,89,89,89,89,89,89,85,85,85],"card_choices":[{"not_picked":[],"picked":"EpicFetus","floor":0},{"not_picked":["Prostrate","EmptyBody"],"picked":"Replay:ManipulateFuture","floor":1},{"not_picked":["InnerPeace","Bomb"],"picked":"Establishment","floor":2},{"not_picked":["BowlingBash","Replay:Hum"],"picked":"Meditate","floor":3},{"not_picked":["Replay:Vibes","SashWhip"],"picked":"Weave","floor":5},{"not_picked":["EmptyFist","Replay:Vibes"],"picked":"Study","floor":7},{"not_picked":["FlurryOfBlows","Pray"],"picked":"Prostrate","floor":11},{"not_picked":["ReachHeaven","Wish"],"picked":"Protect","floor":13},{"not_picked":["SashWhip","Bomb"],"picked":"Nirvana","floor":14},{"not_picked":["Wish","LessonLearned"],"picked":"Devotion","floor":16},{"not_picked":["Evaluate","Halt+1","PathToVictory"],"picked":"SKIP","floor":18},{"not_picked":["Collect+1","PathToVictory"],"picked":"SandsOfTime","floor":19},{"not_picked":["Swivel","Crescendo"],"picked":"ThirdEye","floor":21},{"not_picked":["FollowUp","Meditate"],"picked":"SandsOfTime","floor":26},{"not_picked":["Indignation","Replay:BluntJabs","WreathOfFlame"],"picked":"SKIP","floor":30},{"not_picked":["Nirvana","FollowUp"],"picked":"Wireheading","floor":31},{"not_picked":["Halt+1","PathToVictory"],"picked":"CarveReality+1","floor":37},{"not_picked":["ClearTheMind","Wish"],"picked":"Replay:ManipulateFuture+1","floor":40},{"not_picked":["CarveReality","EmptyFist"],"picked":"Collect","floor":41},{"not_picked":["SignatureMove+1","Replay:BluntJabs"],"picked":"ThirdEye","floor":44},{"not_picked":["Replay:AtTheReady","Vengeance"],"picked":"Protect+1","floor":47},{"not_picked":["Study","EmptyBody+1"],"picked":"ThirdEye+1","floor":48},{"not_picked":["Crescendo","Halt+1"],"picked":"Nirvana+1","floor":49}],"player_experience":208618,"relics_obtained":[{"floor":7,"key":"Quantum Egg"},{"floor":9,"key":"Runesmith:AutoHammer"},{"floor":13,"key":"Blue Doll"},{"floor":26,"key":"Happy Flower"},{"floor":28,"key":"Runesmith:Nanobots"},{"floor":40,"key":"Dead Branch"},{"floor":43,"key":"CaptainsWheel"},{"floor":45,"key":"Void"},{"floor":49,"key":"War Paint"}],"event_choices":[{"damage_healed":0,"gold_gain":0,"player_choice":"Donut","damage_taken":0,"max_hp_gain":5,"max_hp_loss":0,"event_name":"Big Fish","floor":12,"gold_loss":0},{"damage_healed":0,"gold_gain":0,"player_choice":"Shed Blood","damage_taken":21,"max_hp_gain":5,"max_hp_loss":0,"event_name":"Forgotten Altar","floor":20,"gold_loss":0},{"damage_healed":0,"gold_gain":0,"player_choice":"Ignored","damage_taken":0,"max_hp_gain":0,"max_hp_loss":0,"event_name":"Ghosts","floor":33,"gold_loss":0},{"damage_healed":0,"gold_gain":0,"player_choice":"Bought 0 Potions","damage_taken":0,"max_hp_gain":0,"max_hp_loss":0,"event_name":"The Woman in Blue","floor":38,"gold_loss":0},{"damage_healed":0,"gold_gain":0,"player_choice":"Fight","damage_taken":0,"max_hp_gain":0,"max_hp_loss":0,"event_name":"MindBloom","floor":40,"gold_loss":0},{"damage_healed":0,"gold_gain":0,"player_choice":"Max HP","damage_taken":0,"max_hp_gain":0,"max_hp_loss":4,"event_name":"Winding Halls","floor":50,"gold_loss":0}],"is_beta":false,"boss_relics":[{"not_picked":["Replay:Bronze Core","Pandora\u0027s Box"],"picked":"construct:WeddingRing"},{"not_picked":[]},{"not_picked":["Coffee Dripper","Velvet Choker"],"picked":"Replay:Ancient Bell"},{"not_picked":[]}],"items_purged_floors":[4,22,39],"is_endless":false,"potions_floor_spawned":[1,3,5,14,16,18,31,37,44],"ascension_level":1}}