{"host":"6bsan6hkua32tfq7","time":1610508879,"event":{"mods":["BaseMod","Better Third Choice","Colored Map","Highlight Path","Minty Spire (QoL Compilation)","StSLib"],"gold_per_floor":[117,117,130,130,142,142,170,182,194,222,254,279,318,344,356,447,459,451,480,512,236,248,248,248,248],"floor_reached":24,"language":"ENG","playtime":646,"items_purged":["Strike_R"],"score":424,"play_id":"c3ef890f-85d3-49d3-b488-5cf44d2541cf","local_time":"20210113043439","is_ascension_mode":true,"campfire_choices":[{"data":"Armaments","floor":6,"key":"SMITH"},{"data":"Rampage","floor":8,"key":"SMITH"},{"floor":15,"key":"REST"},{"floor":23,"key":"REST"}],"circlet_count":0,"master_deck":["AscendersBane","Strike_R","Strike_R","Strike_R","Defend_R","Defend_R","Defend_R","Defend_R","Bash+1","Rampage+1","Fiend Fire","Armaments+1","Shockwave+1","Feed","Reaper","Shrug It Off+1","Juggernaut","Shrug It Off+1","Shrug It Off+1"],"relics":["Burning Blood","Vajra","MawBank","Toxic Egg 2","Mummified Hand","Sozu","Orrery"],"acts_visited":["Exordium","TheCity"],"potions_floor_usage":[10,11,13,16,22],"damage_taken":[{"damage":7,"enemies":"Small Slimes","floor":1,"turns":3},{"damage":1,"enemies":"Cultist","floor":3,"turns":3},{"damage":0,"enemies":"2 Louse","floor":5,"turns":2},{"damage":8,"enemies":"Gremlin Nob","floor":7,"turns":3},{"damage":15,"enemies":"Lots of Slimes","floor":10,"turns":4},{"damage":31,"enemies":"Exordium Thugs","floor":11,"turns":3},{"damage":8,"enemies":"Large Slime","floor":12,"turns":3},{"damage":27,"enemies":"Lagavulin","floor":13,"turns":6},{"damage":6,"enemies":"Blue Slaver","floor":14,"turns":4},{"damage":35,"enemies":"Slime Boss","floor":16,"turns":12},{"damage":25,"enemies":"2 Thieves","floor":18,"turns":4},{"damage":4,"enemies":"Chosen","floor":19,"turns":3},{"damage":20,"enemies":"Snecko","floor":20,"turns":4},{"damage":25,"enemies":"Sentry and Sphere","floor":22,"turns":7},{"damage":48,"enemies":"Book of Stabbing","floor":24,"turns":7}],"seed_played":"9217713250881852464","potions_obtained":[{"floor":1,"key":"SkillPotion"},{"floor":7,"key":"ColorlessPotion"},{"floor":10,"key":"Weak Potion"},{"floor":11,"key":"Weak Potion"},{"floor":13,"key":"SpeedPotion"}],"is_trial":false,"path_per_floor":["M","?","M","?","M","R","E","R","T","M","M","M","E","M","R","B",null,"M","M","M","$","M","R","E"],"character_chosen":"IRONCLAD","items_purchased":["Orrery","Shrug It Off+1"],"campfire_rested":2,"item_purchase_floors":[21,21],"current_hp_per_floor":[67,67,72,72,75,75,73,73,73,64,39,37,16,16,38,9,59,40,42,28,28,16,39,0,0],"gold":248,"neow_bonus":"RANDOM_COMMON_RELIC","is_daily":false,"chose_seed":false,"campfire_upgraded":2,"win_rate":0.0,"timestamp":1610508879,"path_taken":["M","?","?","?","M","R","E","R","T","M","?","M","E","M","R","BOSS","M","M","M","$","M","R","E"],"items_purchased_type":["Relic","Card"],"build_version":"2020-12-22","purchased_purges":1,"victory":false,"max_hp_per_floor":[75,75,75,75,75,75,75,75,75,75,75,75,75,75,75,75,75,75,75,75,75,78,78,78,78],"card_choices":[{"not_picked":["Headbutt","Heavy Blade"],"picked":"Rampage","floor":1},{"not_picked":["Pommel Strike","Combust","Heavy Blade"],"picked":"SKIP","floor":3},{"not_picked":["Clash","Reckless Charge"],"picked":"Armaments","floor":5},{"not_picked":["Perfected Strike","Shockwave","Shrug It Off"],"picked":"SKIP","floor":7},{"not_picked":["Burning Pact+1","Perfected Strike"],"picked":"Shockwave+1","floor":10},{"not_picked":["Rampage","Clothesline","Power Through+1"],"picked":"SKIP","floor":11},{"not_picked":["Headbutt","Flex+1","Corruption"],"picked":"SKIP","floor":12},{"not_picked":["Wild Strike","Heavy Blade","Rage+1"],"picked":"SKIP","floor":13},{"not_picked":["Anger","Whirlwind","Rampage"],"picked":"SKIP","floor":14},{"not_picked":["Juggernaut","Offering+1"],"picked":"Feed","floor":16},{"not_picked":["Havoc+1","Perfected Strike","Fire Breathing"],"picked":"SKIP","floor":18},{"not_picked":["Wild Strike","Intimidate+1","Perfected Strike"],"picked":"SKIP","floor":19},{"not_picked":["Corruption","Pommel Strike","Rage+1"],"picked":"SKIP","floor":20},{"not_picked":["Body Slam+1","Bludgeon"],"picked":"Reaper","floor":21},{"not_picked":["Burning Pact+1","Pummel"],"picked":"Shrug It Off+1","floor":21},{"not_picked":["Heavy Blade","Pommel Strike"],"picked":"Juggernaut","floor":21},{"not_picked":["Flex+1","Iron Wave"],"picked":"Shrug It Off+1","floor":22}],"player_experience":5267558,"relics_obtained":[{"floor":7,"key":"MawBank"},{"floor":9,"key":"Toxic Egg 2"},{"floor":13,"key":"Mummified Hand"}],"event_choices":[{"damage_healed":0,"gold_gain":0,"player_choice":"Upgraded","damage_taken":0,"max_hp_gain":0,"max_hp_loss":0,"event_name":"Upgrade Shrine","floor":2,"gold_loss":0,"cards_upgraded":["Bash"]},{"damage_healed":0,"gold_gain":0,"cards_transformed":["Strike_R"],"player_choice":"Transformed","damage_taken":0,"max_hp_gain":0,"max_hp_loss":0,"event_name":"Transmorgrifier","floor":4,"gold_loss":0,"cards_obtained":["Fiend Fire"]}],"is_beta":false,"boss_relics":[{"not_picked":["Snecko Eye","Runic Dome"],"picked":"Sozu"}],"items_purged_floors":[21],"is_endless":false,"potions_floor_spawned":[1,7,10,11,13,18,19],"killed_by":"Book of Stabbing","ascension_level":20}}