{"host":"4ftwfwncs88tvnc0","time":1610500396,"event":{"mods":["AchievementEnabler","Arknights The Spire","Aspiration","BaseMod","Beaked The Cultist","Bestiary","Better Altar","Better Match","Better Note","Better Sensory Stone","Better Skull","Better Third Choice","Clawfect","Colored Map","Conspire","Downfall","GifTheSpireLib","Halation","Hubris","Infinite Spire","Mad Scientist","Mimic Mod","Minty Spire (QoL Compilation)","Replay The Spire","Shade Mod","Shop Mod","Spicy Shops","StSLib","Stuff the Spire","The Construct","The Cursed","The Disciple","The Necromancer","The Servant 0.9.4"],"gold_per_floor":[115,115,128,128,53,53,81,99,123,123,157,157,175,185,185,281,281,296,296,314,314,327,356,356,366,392,392,392,392,392,392,408,428,428,527,527,540,559,559,576,590,590,590],"floor_reached":42,"language":"ENG","playtime":1839,"items_purged":[],"score":480,"play_id":"4c205d33-dcd3-4351-805d-827193062293","local_time":"20210113011316","is_ascension_mode":false,"campfire_choices":[{"data":"Clawfect:ClawingBeam","floor":6,"key":"SMITH"},{"data":"Clawfect:ClawCell","floor":10,"key":"SMITH"},{"floor":15,"key":"REST"},{"floor":24,"key":"REST"},{"floor":27,"key":"REST"},{"floor":34,"key":"REST"}],"circlet_count":0,"master_deck":["Gash","Gash","Gash","Gash","Gash","Defend_B","Defend_B","Defend_B","Defend_B","Defend_B","Clawfect:ClawingBeam+1","hubris:Fate","Clawfect:ClawLightning","Clawfect:ClawCell+1","Reprogram","Clawfect:ClawpileDriver","Clawfect:Clawter","Clawfect:Clawrage","Dark Shackles+1","FTL","Clawfect:ScrapingClaw","Clawfect:ClawAndGloom","Reprogram+1","Echo Form+1","Clawfect:ClawCell","Clawfect:ClawLightning+1","Stack+1"],"relics":["Clawfect:DRClaw","StuffTheSpire:BottledEssence","halation:Pancakes","StuffTheSpire:GrapeVine","aspiration:ChemicalBlood","Frozen Egg 2","construct:WeddingRing","Orichalcum","conspire:TopHat","hubris:Icosahedron","Ring of Chaos"],"acts_visited":["Exordium","TheCity","TheBeyond"],"potions_floor_usage":[7,11,16,16,16,16,16,16,20,23,23,23,35,41,41,42,42,42],"damage_taken":[{"damage":5,"enemies":"Small Slimes","floor":1,"turns":4},{"damage":7,"enemies":"2 Louse","floor":3,"turns":3},{"damage":28,"enemies":"Gremlin Nob","floor":7,"turns":4},{"damage":6,"enemies":"Jaw Worm","floor":8,"turns":3},{"damage":0,"enemies":"3 Sentries","floor":11,"turns":4},{"damage":12,"enemies":"Exordium Thugs","floor":13,"turns":3},{"damage":11,"enemies":"Large Slime","floor":14,"turns":3},{"damage":46,"enemies":"Hexaghost","floor":16,"turns":5},{"damage":5,"enemies":"Chosen","floor":18,"turns":3},{"damage":14,"enemies":"Shell Parasite","floor":20,"turns":3},{"damage":21,"enemies":"Snake Plant","floor":22,"turns":4},{"damage":40,"enemies":"Slavers","floor":23,"turns":4},{"damage":13,"enemies":"Cultist and Chosen","floor":25,"turns":5},{"damage":11,"enemies":"Centurion and Healer","floor":32,"turns":5},{"damage":6,"enemies":"3 Cultists","floor":33,"turns":4},{"damage":17,"enemies":"Collector","floor":35,"turns":6},{"damage":0,"enemies":"Orb Walker","floor":37,"turns":3},{"damage":14,"enemies":"3 Darklings","floor":38,"turns":5},{"damage":8,"enemies":"Transient","floor":40,"turns":5},{"damage":45,"enemies":"4 Shapes","floor":41,"turns":6},{"damage":35,"enemies":"Nightmare","floor":42,"turns":3}],"seed_played":"3372085554944345967","potions_obtained":[{"floor":3,"key":"Fire Potion"},{"floor":8,"key":"Dexterity Potion"},{"floor":14,"key":"Swift Potion"},{"floor":16,"key":"Elixir"},{"floor":18,"key":"Adrenaline Potion"},{"floor":20,"key":"LiquidBronze"},{"floor":23,"key":"sneckomod:MuddlingPotion"},{"floor":32,"key":"BlessingOfTheForge"},{"floor":33,"key":"Block Potion"},{"floor":38,"key":"Strength Potion"},{"floor":40,"key":"Fruit Juice"}],"is_trial":false,"path_per_floor":["M","?","M","?","$","R","E","M","T","R","E","?","M","M","R","B",null,"M","?","M","?","M","E","R","M","T","R","?","PTL","PTL","?","M","M","R","B",null,"M","M","?","M","M","NM"],"character_chosen":"DEFECT","items_purchased":["StuffTheSpire:BottledEssence"],"campfire_rested":4,"item_purchase_floors":[5],"current_hp_per_floor":[77,77,70,51,51,51,67,61,61,61,61,61,49,38,62,16,82,77,77,63,63,42,2,26,13,13,37,37,37,37,37,26,20,44,27,82,82,68,68,60,20,0,0],"gold":590,"neow_bonus":"TEN_PERCENT_HP_BONUS","is_daily":false,"chose_seed":false,"campfire_upgraded":2,"win_rate":0.0,"timestamp":1610500396,"path_taken":["M","?","M","?","?","R","E","M","T","R","E","?","M","M","R","BOSS","M","?","M","?","M","E","R","M","T","R","?","PTL","PTL","?","M","M","R","BOSS","M","M","?","?","M","NM"],"items_purchased_type":["Relic"],"build_version":"2020-12-22","purchased_purges":0,"victory":false,"max_hp_per_floor":[82,82,82,82,82,82,82,82,82,82,82,82,82,82,82,82,82,82,82,82,82,82,82,82,82,82,82,82,82,82,82,82,82,82,82,82,82,82,82,82,87,87,87],"card_choices":[{"not_picked":["BasicCrystalCard","Hologram"],"picked":"Clawfect:ClawingBeam","floor":1},{"not_picked":["Steam","StuffTheSpire:Plugnplay","Storm"],"picked":"SKIP","floor":3},{"not_picked":["infinitespire:Menacing","infinitespire:Fortify"],"picked":"hubris:Fate","floor":4},{"not_picked":["hubris:Ukulele","Steam"],"picked":"Clawfect:ClawLightning","floor":7},{"not_picked":["Clawfect:ClawpileDriver","Redo"],"picked":"Clawfect:ClawCell","floor":8},{"not_picked":["StuffTheSpire:Rend","Auto Shields"],"picked":"Reprogram","floor":11},{"not_picked":["StuffTheSpire:ShieldGenerator","Heatsinks+1"],"picked":"Clawfect:ClawpileDriver","floor":13},{"not_picked":["Panic Button","Coolheaded","Redo"],"picked":"SKIP","floor":14},{"not_picked":["Stack","BootSequence"],"picked":"Clawfect:Clawter","floor":18},{"not_picked":["FTL+1","Time Bomb+1"],"picked":"Clawfect:Clawrage","floor":20},{"not_picked":["Forethought+1","expansioncontent:YouAreMine+1"],"picked":"Dark Shackles+1","floor":21},{"not_picked":["Double Energy","Gash+1"],"picked":"FTL","floor":22},{"not_picked":["aspiration:Polymerization+1","Clawfect:ClawCell+1"],"picked":"Clawfect:ScrapingClaw","floor":23},{"not_picked":["Turbo","Conserve Battery","Panic Button"],"picked":"SKIP","floor":25},{"not_picked":["BasicCrystalCard","ReplaySolidLightProjector"],"picked":"Clawfect:ClawAndGloom","floor":32},{"not_picked":["Coolheaded","BasicCrystalCard"],"picked":"Reprogram+1","floor":33},{"not_picked":["hubris:DoWhile","Multi-Cast"],"picked":"Echo Form+1","floor":35},{"not_picked":["Rebound+1","ReplayTheSpireMod:Repulse"],"picked":"Clawfect:ClawCell","floor":37},{"not_picked":["StuffTheSpire:Plugnplay","Clawfect:ClawForTheEyes+1"],"picked":"Clawfect:ClawLightning+1","floor":38},{"not_picked":["Clawfect:Clawline","ReplaySort+1","Steam Power+1"],"picked":"SKIP","floor":40},{"not_picked":["Recycle","Double Energy+1"],"picked":"Stack+1","floor":41}],"player_experience":128426,"relics_obtained":[{"floor":7,"key":"halation:Pancakes"},{"floor":9,"key":"StuffTheSpire:GrapeVine"},{"floor":11,"key":"aspiration:ChemicalBlood"},{"floor":23,"key":"Orichalcum"},{"floor":26,"key":"conspire:TopHat"}],"event_choices":[{"damage_healed":0,"gold_gain":0,"player_choice":"Ignored","damage_taken":115,"max_hp_gain":0,"max_hp_loss":0,"event_name":"betterThird:BetterSerpent","floor":2,"gold_loss":0},{"damage_healed":0,"gold_gain":0,"player_choice":"Ignored","damage_taken":0,"max_hp_gain":0,"max_hp_loss":0,"event_name":"betterNote:BetterNote","floor":19,"gold_loss":0,"cards_obtained":["Strike_R"]},{"damage_healed":0,"gold_gain":0,"player_choice":"2","damage_taken":0,"max_hp_gain":0,"max_hp_loss":0,"event_name":"betterMatch:BetterMatch","floor":21,"gold_loss":0,"cards_obtained":["betterMatch:ColorlessUncommonCard"]},{"damage_healed":0,"gold_gain":0,"player_choice":"Ignored","damage_taken":0,"max_hp_gain":0,"max_hp_loss":0,"event_name":"Ghosts","floor":28,"gold_loss":0},{"cards_removed":["Injury"],"damage_healed":0,"gold_gain":0,"player_choice":"Removed Curses","damage_taken":0,"max_hp_gain":0,"max_hp_loss":0,"event_name":"Fountain of Cleansing","floor":39,"gold_loss":0}],"is_beta":false,"boss_relics":[{"not_picked":["hubris:HollowSoul","hubris:CrackedHourglass"],"picked":"construct:WeddingRing"},{"not_picked":["halation:ForbiddenBikini","halation:Prosthetics"],"picked":"Ring of Chaos"}],"items_purged_floors":[],"is_endless":false,"potions_floor_spawned":[3,8,14,16,18,23,33,40],"killed_by":"Nightmare","ascension_level":0}}