{"host":"4id8injl4bo2b6ih","time":1610570610,"event":{"mods":["Act Like it!","BaseMod","Better Third Choice","Colored Map","Downfall","Friendly Minions","Hermit","Highlight Path","Ironclad Rager","Minty Spire (QoL Compilation)","Relic Stats","Robot Space Explorer","Shop Mod","Spicy Shops","StSLib"],"gold_per_floor":[99,115,134,154,168,188,188,288,302,328,253,281,206,218,234,335,335,335,353,370,383,397,397,397,247,265,276,276,295,323,337,355,453,453,453,467,487,506,506,531,577,603,603,636,561,585,601,631,644,644],"floor_reached":51,"language":"ENG","playtime":5828,"items_purged":[],"score":1148,"play_id":"a69babce-5c7d-41cf-9ee5-eea4255bc793","local_time":"20210113214330","is_ascension_mode":true,"campfire_choices":[{"floor":1,"key":"RECALL"},{"floor":11,"key":"REST"},{"floor":13,"key":"REST"},{"data":"sneckomod:UnlimitedRolls","floor":18,"key":"SMITH"},{"data":"sneckomod:Nope","floor":23,"key":"SMITH"},{"data":"sneckomod:Nope","floor":28,"key":"SMITH"},{"data":"sneckomod:Restock","floor":35,"key":"SMITH"},{"data":"sneckomod:UnknownDexterity","floor":45,"key":"SMITH"}],"circlet_count":0,"master_deck":["sneckomod:Strike","sneckomod:Strike","sneckomod:Strike","sneckomod:Defend","sneckomod:Defend","sneckomod:Defend","sneckomod:TailWhip","sneckomod:SnekBite","sneckomod:Unknown","sneckomod:Unknown","sneckomod:Nope+1","sneckomod:UnknownWeak","sneckomod:UnknownUncommonPower","sneckomod:Unknown2Cost","sneckomod:UnknownClassSLIMEBOUND","sneckomod:SerpentIdol","sneckomod:UnknownUncommonSkill","sneckomod:DiceBlock","sneckomod:Nope+1","sneckomod:UnknownStrength","sneckomod:QuickMove","sneckomod:SnekBeam","sneckomod:CheapStock","sneckomod:UnknownRarePower+1","sneckomod:UnlimitedRolls+1","sneckomod:UnknownBlock+1","sneckomod:UnknownUncommonPower+1","sneckomod:UnknownClassSLIMEBOUND","sneckomod:PureSnecko","sneckomod:UnknownClassPURPLE+1","sneckomod:UnknownRarePower+1","sneckomod:SerpentMind","sneckomod:UnknownClassDEFAULT_GRAY_COLOR+1","sneckomod:UnknownClassSLIMEBOUND","sneckomod:Unknown1Cost+1","sneckomod:UnknownRareSkill","sneckomod:RainOfDice+1","sneckomod:UnknownClassBLUE+1","sneckomod:UnknownClassROBOT_ORANGE_COLOR","sneckomod:CheapStock","sneckomod:UnknownClassBLUE+1","sneckomod:ImprovisedGuard","sneckomod:Unknown0Cost","sneckomod:Unknown0Cost+1","sneckomod:UnknownVulnerable+1","sneckomod:SoulRoll+1","sneckomod:UnknownClassGREEN+1","sneckomod:UnknownColorless+1","sneckomod:Mudshield","sneckomod:UnknownDexterity","sneckomod:Restock+1","sneckomod:UnknownRareAttack+1","sneckomod:ImprovisedGuard+1","sneckomod:UnknownStrength+1","sneckomod:SerpentIdol+1","sneckomod:RainOfDice+1","sneckomod:UnknownBlock+1","sneckomod:RainOfDice+1","sneckomod:UnknownDexterity+1","expansioncontent:LastStand","expansioncontent:PolyBeam","expansioncontent:Collect","sneckomod:UnknownStrength+1","sneckomod:UnknownEthereal","hexamod:SixthSeal","sneckomod:UnknownUncommonSkill","sneckomod:Nope+1"],"relics":["sneckomod:SuperSneckoSoul","Boot","Prayer Wheel","White Beast Statue","sneckomod:CleanMud","downfall:HeartBlessingRed","Bird Faced Urn","downfall:HeartBlessingGreen","SlaversCollar","Sundial","Mummified Hand","Unceasing Top","Vajra","downfall:HeartBlessingBlue","Juzu Bracelet","Dream Catcher"],"acts_visited":["Exordium","TheCity","TheBeyond"],"potions_floor_usage":[8,10,16,20,20,21,21,21,22,26,29,30,33,33,38,44,48],"damage_taken":[{"damage":5,"enemies":"Small Slimes","floor":2,"turns":3},{"damage":0,"enemies":"Cultist","floor":3,"turns":2},{"damage":5,"enemies":"2 Louse","floor":4,"turns":2},{"damage":8,"enemies":"Exordium Wildlife","floor":5,"turns":3},{"damage":5,"enemies":"Blue Slaver","floor":6,"turns":4},{"damage":10,"enemies":"downfall:LadyInBlue","floor":8,"turns":4},{"damage":10,"enemies":"Lots of Slimes","floor":9,"turns":3},{"damage":40,"enemies":"3 Sentries","floor":10,"turns":17},{"damage":13,"enemies":"Lagavulin","floor":12,"turns":5},{"damage":2,"enemies":"Red Slaver","floor":14,"turns":4},{"damage":4,"enemies":"Exordium Wildlife","floor":15,"turns":3},{"damage":70,"enemies":"downfall:Defect","floor":16,"turns":8},{"damage":11,"enemies":"Chosen","floor":19,"turns":11},{"damage":28,"enemies":"3 Byrds","floor":20,"turns":3},{"damage":3,"enemies":"Snecko","floor":21,"turns":5},{"damage":6,"enemies":"Cultist and Chosen","floor":22,"turns":8},{"damage":27,"enemies":"Shelled Parasite and Fungi","floor":26,"turns":8},{"damage":27,"enemies":"Centurion and Healer","floor":27,"turns":6},{"damage":23,"enemies":"Sentry and Sphere","floor":29,"turns":6},{"damage":22,"enemies":"Gremlin Leader","floor":30,"turns":4},{"damage":21,"enemies":"Snecko","floor":31,"turns":4},{"damage":7,"enemies":"Snake Plant","floor":32,"turns":3},{"damage":46,"enemies":"downfall:Ironclad","floor":33,"turns":5},{"damage":41,"enemies":"3 Darklings","floor":36,"turns":3},{"damage":12,"enemies":"Orb Walker","floor":37,"turns":3},{"damage":8,"enemies":"Transient","floor":38,"turns":5},{"damage":0,"enemies":"Reptomancer","floor":40,"turns":6},{"damage":3,"enemies":"Writhing Mass","floor":42,"turns":6},{"damage":17,"enemies":"Giant Head","floor":44,"turns":4},{"damage":1,"enemies":"Maw","floor":47,"turns":6},{"damage":92,"enemies":"Nemesis","floor":48,"turns":7},{"damage":26,"enemies":"Transient","floor":49,"turns":5},{"damage":59,"enemies":"downfall:Silent","floor":50,"turns":5}],"seed_played":"6752592432048593795","potions_obtained":[{"floor":2,"key":"EntropicBrew"},{"floor":3,"key":"Ancient Potion"},{"floor":6,"key":"hexamod:EctoCoolerPotion"},{"floor":8,"key":"Regen Potion"},{"floor":9,"key":"CultistPotion"},{"floor":10,"key":"Fire Potion"},{"floor":19,"key":"DistilledChaos"},{"floor":20,"key":"ColorlessPotion"},{"floor":21,"key":"ColorlessPotion"},{"floor":22,"key":"BlessingOfTheForge"},{"floor":26,"key":"SmokeBomb"},{"floor":27,"key":"GamblersBrew"},{"floor":29,"key":"hexamod:EctoCoolerPotion"},{"floor":30,"key":"sneckomod:MuddlingPotion"},{"floor":31,"key":"SkillPotion"},{"floor":33,"key":"BlessingOfTheForge"},{"floor":36,"key":"Block Potion"},{"floor":38,"key":"FairyPotion"},{"floor":40,"key":"Slimebound:ThreeZeroPotion"},{"floor":44,"key":"Strength Potion"},{"floor":48,"key":"Fire Potion"}],"is_trial":false,"path_per_floor":["R","M","M","M","M","M","T","?","M","E","R","E","R","M","M","B",null,"R","M","M","M","M","R","T","?","M","M","R","M","E","M","M","B",null,"R","M","M","M","?","E","T","M","?","E","R","T","M","E","M","B",null],"character_chosen":"THE_SNECKO","items_purchased":[],"campfire_rested":2,"item_purchase_floors":[],"current_hp_per_floor":[81,76,77,73,70,66,66,56,47,22,50,38,66,70,70,11,76,76,80,64,73,87,87,87,116,102,102,102,99,93,85,92,100,178,178,143,141,147,147,173,173,185,175,185,195,195,195,129,119,122],"gold":644,"neow_bonus":"RANDOM_COMMON_RELIC","is_daily":false,"chose_seed":false,"campfire_upgraded":5,"win_rate":0.0,"timestamp":1610570610,"path_taken":["R","M","M","M","M","M","T","?","M","E","R","E","R","M","M","BOSS","R","M","M","M","M","R","T","?","M","M","R","?","E","M","M","BOSS","R","M","M","M","?","E","T","M","?","E","R","?","M","E","M","BOSS"],"items_purchased_type":[],"build_version":"2020-12-22","purchased_purges":0,"victory":true,"max_hp_per_floor":[90,90,91,92,93,94,94,94,95,95,95,96,96,96,96,97,97,97,100,102,104,106,106,106,116,121,122,122,123,125,126,128,129,185,185,185,185,185,185,185,185,185,185,185,195,195,195,195,195,195],"relic_stats":{"Dream Catcher":0,"counters":[33,171],"Sundial":[0],"Mummified Hand":[151],"Bird Faced Urn":[315],"Prayer Wheel":18,"Juzu Bracelet":0,"Boot":[87],"obtain_stats":[{"downfall:HeartBlessingRed":11,"Vajra":44,"downfall:HeartBlessingGreen":13,"sneckomod:CleanMud":10,"Juzu Bracelet":46,"sneckomod:SneckoSoul":0,"Boot":0,"White Beast Statue":8,"SlaversCollar":17,"sneckomod:SuperSneckoSoul":34,"Dream Catcher":48,"Sundial":24,"Mummified Hand":30,"downfall:HeartBlessingBlue":45,"Bird Faced Urn":12,"Prayer Wheel":7,"Unceasing Top":40},{"downfall:HeartBlessingRed":8,"Vajra":29,"downfall:HeartBlessingGreen":9,"sneckomod:CleanMud":8,"Juzu Bracelet":29,"sneckomod:SneckoSoul":0,"Boot":0,"White Beast Statue":6,"SlaversCollar":12,"sneckomod:SuperSneckoSoul":23,"Dream Catcher":31,"Sundial":16,"Mummified Hand":20,"downfall:HeartBlessingBlue":29,"Bird Faced Urn":9,"Prayer Wheel":5,"Unceasing Top":27},{"downfall:HeartBlessingRed":38,"Vajra":148,"downfall:HeartBlessingGreen":43,"sneckomod:CleanMud":38,"Juzu Bracelet":148,"sneckomod:SneckoSoul":0,"Boot":0,"White Beast Statue":18,"SlaversCollar":58,"sneckomod:SuperSneckoSoul":121,"Dream Catcher":161,"Sundial":85,"Mummified Hand":109,"downfall:HeartBlessingBlue":148,"Bird Faced Urn":43,"Prayer Wheel":14,"Unceasing Top":138}],"Unceasing Top":[19]},"card_choices":[{"not_picked":["sneckomod:IronFang","sneckomod:UnknownUncommonSkill"],"picked":"sneckomod:Nope","floor":2},{"not_picked":["sneckomod:Unknown1Cost","sneckomod:DiceCrush"],"picked":"sneckomod:UnknownWeak","floor":3},{"not_picked":["sneckomod:UnknownStrike","sneckomod:UnknownCommonAttack"],"picked":"sneckomod:UnknownUncommonPower","floor":4},{"not_picked":["sneckomod:UnknownUncommonAttack","sneckomod:IronFang"],"picked":"sneckomod:Unknown2Cost","floor":5},{"not_picked":["sneckomod:QuickMove","sneckomod:Unknown1Cost"],"picked":"sneckomod:UnknownClassSLIMEBOUND","floor":6},{"not_picked":["sneckomod:UnknownClassBLUE","sneckomod:DiceBlock"],"picked":"sneckomod:SerpentIdol","floor":8},{"not_picked":["sneckomod:DangerNoodle","sneckomod:UnknownWeak"],"picked":"sneckomod:UnknownUncommonSkill","floor":9},{"not_picked":["sneckomod:QuickMove","sneckomod:SoulDraw"],"picked":"sneckomod:DiceBlock","floor":9},{"not_picked":["sneckomod:UnknownWeak","sneckomod:QuickMove"],"picked":"sneckomod:Nope","floor":10},{"not_picked":["sneckomod:UnknownClassGUARDIAN","sneckomod:SoulRoll"],"picked":"sneckomod:UnknownStrength","floor":12},{"not_picked":["sneckomod:IronFang","sneckomod:UnknownWeak"],"picked":"sneckomod:MorePower","floor":14},{"not_picked":["sneckomod:QuickBite","sneckomod:SoulDraw"],"picked":"sneckomod:QuickMove","floor":14},{"not_picked":["sneckomod:UnknownCommonAttack","sneckomod:SoulDraw"],"picked":"sneckomod:SnekBeam","floor":15},{"not_picked":["sneckomod:PureSnecko","sneckomod:UnknownClassGUARDIAN"],"picked":"sneckomod:CheapStock","floor":15},{"not_picked":["sneckomod:UnknownRareSkill+1","sneckomod:UnknownEthereal+1"],"picked":"sneckomod:UnknownRarePower+1","floor":16},{"not_picked":["sneckomod:UnknownRareSkill","sneckomod:SerpentMind"],"picked":"sneckomod:UnlimitedRolls","floor":16},{"not_picked":["sneckomod:SoulDraw","sneckomod:Nope"],"picked":"sneckomod:UnknownBlock+1","floor":19},{"not_picked":["sneckomod:Unknown3Cost+1","sneckomod:UnknownEthereal+1"],"picked":"sneckomod:UnknownUncommonPower+1","floor":19},{"not_picked":["sneckomod:DiceCrush","sneckomod:Unknown1Cost"],"picked":"sneckomod:UnknownClassSLIMEBOUND","floor":19},{"not_picked":["sneckomod:Nope","sneckomod:UnknownBlock"],"picked":"sneckomod:PureSnecko","floor":20},{"not_picked":["sneckomod:UnknownVulnerable","sneckomod:SoulExchange"],"picked":"sneckomod:UnknownClassPURPLE+1","floor":20},{"not_picked":["sneckomod:UnknownVulnerable+1","sneckomod:UnknownCommonAttack+1"],"picked":"sneckomod:UnknownRarePower+1","floor":20},{"not_picked":["sneckomod:WideSting+1","sneckomod:UnknownStrike"],"picked":"sneckomod:SerpentMind","floor":21},{"not_picked":["sneckomod:Unknown+1","sneckomod:UnknownWeak+1"],"picked":"sneckomod:UnknownClassDEFAULT_GRAY_COLOR+1","floor":21},{"not_picked":["sneckomod:SlitherStrike","sneckomod:IronFang"],"picked":"sneckomod:UnknownClassSLIMEBOUND","floor":21},{"not_picked":["sneckomod:UnknownCommonAttack+1","sneckomod:UnknownVulnerable+1"],"picked":"sneckomod:Unknown1Cost+1","floor":22},{"not_picked":["sneckomod:DiceBlock","sneckomod:TrashToTreasure"],"picked":"sneckomod:UnknownRareSkill","floor":22},{"not_picked":["sneckomod:SlitherStrike","sneckomod:DiceCrush"],"picked":"sneckomod:RainOfDice+1","floor":22},{"not_picked":["sneckomod:UnknownCommonAttack+1","sneckomod:UnknownVulnerable+1"],"picked":"sneckomod:UnknownClassBLUE+1","floor":26},{"not_picked":["sneckomod:UnknownClassPURPLE+1","sneckomod:WideSting"],"picked":"sneckomod:UnknownClassROBOT_ORANGE_COLOR","floor":26},{"not_picked":["sneckomod:QuickMove+1","sneckomod:UnknownUncommonAttack"],"picked":"sneckomod:CheapStock","floor":26},{"not_picked":["sneckomod:MasterEye","sneckomod:DiceCrush"],"picked":"sneckomod:UnknownClassBLUE+1","floor":27},{"not_picked":["sneckomod:UnknownCommonAttack","sneckomod:SoulDraw+1"],"picked":"sneckomod:ImprovisedGuard","floor":27},{"not_picked":["sneckomod:Unknown1Cost+1","sneckomod:WideSting"],"picked":"sneckomod:Unknown0Cost","floor":29},{"not_picked":["sneckomod:SoulDraw","sneckomod:UnknownCommonSkill","sneckomod:QuickMove"],"picked":"SKIP","floor":29},{"not_picked":["sneckomod:UnknownUncommonAttack+1","sneckomod:UnknownCommonSkill+1"],"picked":"sneckomod:Unknown0Cost+1","floor":30},{"not_picked":["sneckomod:Unknown1Cost","sneckomod:UnknownCommonAttack+1"],"picked":"sneckomod:UnknownVulnerable+1","floor":30},{"not_picked":["sneckomod:UnknownVulnerable","sneckomod:RainOfDice+1"],"picked":"sneckomod:SoulRoll+1","floor":31},{"not_picked":["sneckomod:UnknownCommonAttack+1","sneckomod:UnknownClassROBOT_ORANGE_COLOR+1"],"picked":"sneckomod:UnknownClassGREEN+1","floor":31},{"not_picked":["sneckomod:UnknownStrike","sneckomod:RainOfDice","sneckomod:DiceCrush"],"picked":"SKIP","floor":31},{"not_picked":["sneckomod:UnknownExhaust+1","sneckomod:UnknownUncommonAttack+1"],"picked":"sneckomod:UnknownColorless+1","floor":32},{"not_picked":["sneckomod:UnknownCommonAttack","sneckomod:UnknownWeak"],"picked":"sneckomod:Mudshield","floor":32},{"not_picked":["sneckomod:SlitherStrike","sneckomod:DiceCrush"],"picked":"sneckomod:UnknownDexterity","floor":32},{"not_picked":["sneckomod:GlitteringGambit","sneckomod:Transmogrify"],"picked":"sneckomod:Restock","floor":33},{"not_picked":["sneckomod:UnknownExhaust+1","sneckomod:UnknownEthereal+1"],"picked":"sneckomod:UnknownRareAttack+1","floor":33},{"not_picked":["sneckomod:WideSting","sneckomod:SoulCleanse"],"picked":"sneckomod:ImprovisedGuard+1","floor":36},{"not_picked":["sneckomod:IronFang","sneckomod:MixItUp+1","sneckomod:UnknownCommonSkill+1"],"picked":"SKIP","floor":36},{"not_picked":["sneckomod:UnknownRareAttack+1","sneckomod:UnknownClassPURPLE+1"],"picked":"sneckomod:UnknownStrength+1","floor":37},{"not_picked":["sneckomod:Unknown0Cost+1","sneckomod:CheapStock+1"],"picked":"sneckomod:SerpentIdol+1","floor":37},{"not_picked":["sneckomod:UnknownVulnerable+1","sneckomod:PureSnecko"],"picked":"sneckomod:RainOfDice+1","floor":37},{"not_picked":["sneckomod:SoulRoll+1","sneckomod:DiceBlock"],"picked":"sneckomod:UnknownBlock+1","floor":38},{"not_picked":["sneckomod:SoulDraw","sneckomod:RainOfDice","sneckomod:UnknownClassPURPLE"],"picked":"SKIP","floor":38},{"not_picked":["sneckomod:DiceBlock","sneckomod:IronFang"],"picked":"sneckomod:RainOfDice+1","floor":40},{"not_picked":["sneckomod:UnknownWeak+1","sneckomod:RainOfDice+1"],"picked":"sneckomod:UnknownDexterity","floor":42},{"not_picked":["sneckomod:UnknownCommonSkill+1","sneckomod:ImprovisedGuard","sneckomod:MasterEye+1"],"picked":"SKIP","floor":42},{"not_picked":["expansioncontent:SuperHexaguard","expansioncontent:FaceSlap"],"picked":"expansioncontent:LastStand","floor":43},{"not_picked":["expansioncontent:DarkVoid","expansioncontent:PrepareCrush"],"picked":"expansioncontent:PolyBeam","floor":43},{"not_picked":["expansioncontent:GuardianWhirl","expansioncontent:LastStand"],"picked":"expansioncontent:Collect","floor":43},{"not_picked":["sneckomod:SoulDraw","sneckomod:QuickMove","sneckomod:MasterEye"],"picked":"SKIP","floor":44},{"not_picked":["sneckomod:WideSting","sneckomod:UnknownStrike+1"],"picked":"sneckomod:UnknownStrength+1","floor":47},{"not_picked":["sneckomod:QuickBite","sneckomod:SoulDraw","sneckomod:UnknownStrike+1"],"picked":"SKIP","floor":47},{"not_picked":["sneckomod:DiceBlock","sneckomod:SoulCleanse"],"picked":"sneckomod:UnknownEthereal","floor":48},{"not_picked":["hexamod:FirstSeal","hexamod:SecondSeal"],"picked":"hexamod:SixthSeal","floor":49},{"not_picked":["sneckomod:DiceBlock+1","sneckomod:QuickBite+1"],"picked":"sneckomod:UnknownUncommonSkill","floor":49},{"not_picked":["sneckomod:Rotation","sneckomod:UnknownEthereal"],"picked":"sneckomod:Nope+1","floor":49}],"player_experience":417880,"relics_obtained":[{"floor":7,"key":"Prayer Wheel"},{"floor":8,"key":"White Beast Statue"},{"floor":10,"key":"sneckomod:CleanMud"},{"floor":12,"key":"Bird Faced Urn"},{"floor":24,"key":"Sundial"},{"floor":30,"key":"Mummified Hand"},{"floor":40,"key":"Unceasing Top"},{"floor":44,"key":"Vajra"},{"floor":46,"key":"Juzu Bracelet"},{"floor":48,"key":"Dream Catcher"}],"event_choices":[{"cards_removed":["sneckomod:MorePower"],"damage_healed":0,"gold_gain":0,"player_choice":"Removed Power","damage_taken":0,"max_hp_gain":0,"max_hp_loss":0,"event_name":"Falling","floor":39,"gold_loss":0}],"is_beta":false,"boss_relics":[{"not_picked":["Black Star","Snecko Eye"],"picked":"SlaversCollar"},{"not_picked":["Runic Dome","Astrolabe"],"picked":"sneckomod:SuperSneckoSoul"}],"items_purged_floors":[],"is_endless":false,"potions_floor_spawned":[2,3,6,9,10,12,14,15,16,19,20,21,22,26,27,29,30,31,32,33,36,37,38,40,42,44,47,48,49],"ascension_level":6}}