{"host":"22s5scuj7mu87reg","time":1610562776,"event":{"mods":["BaseMod","Colored Powertips","Dota2Spire","Downfall","Duelist Mod","GungeonMod","Halation","Hubris","Koishi","KomeijiMod","Minty Spire (QoL Compilation)","Replay The Spire","StSLib","SuperFastMode","The Jungle","The Mystic","The Necromancer","Wandering Minibosses"],"gold_per_floor":[110,110,167,183,196,221,238,273,273,287,287,303,315,333,333,438,438,457,556,82,82,100,132,144,158,158,158,158,158,158,158,170,186,186,291,291,306,316,316,216,232,107,133,133,133],"floor_reached":44,"language":"POL","playtime":3471,"items_purged":["Looming Evil","Defend_G","Decay"],"score":798,"play_id":"cc15ad6e-4601-4eae-b347-d9c801c80e68","local_time":"20210113193256","is_ascension_mode":false,"campfire_choices":[{"floor":15.0,"key":"REST"},{"floor":29,"key":"REST"},{"data":"Burst","floor":31,"key":"SMITH"},{"data":"Venomology","floor":34,"key":"SMITH"}],"circlet_count":0,"master_deck":["Defend_G","Defend_G","Defend_G","Defend_G","Survivor","Neutralize","Backflip","Venomology","Reflex","Venomology+1","Bane","Outmaneuver","PiercingWail","Unload","Poisoned Stab","Burst+1","Reflex+1","Prepared+1","Pot Of Greed","Pot Of Greed","Poisoned Stab+1","Prepared+1","Poisoned Stab","Envenom","Pot Of Greed","Replay:Poison Smokescreen","Outmaneuver+1","Prepared"],"relics":["Ring of the Snake","NeowsBlessing","ReplayTheSpireMod:Ring of Addiction","ReplayTheSpireMod:Ring of Sloth","SacredBark","hubris:EmptyBottle","Dota2Spire:BattleFury","DemoMod:WhiteGuonStone","Pantograph","Darkstone Periapt","Regal Pillow","Kintsugi","DemoMod:PinkGuonStone","OrangePellets","Spirit Poop","Grinning Jar","Sundial","Replay:Bronze Core","hubris:Towel","Tough Bandages"],"acts_visited":["Exordium","TheCity","TheBeyond"],"potions_floor_usage":[32,32,32,33,33,35,35,35,35,35,35,35,35,35,37,37,37,37,38,41,41,41,43,43,43,43,43,43,43,43,43,44],"damage_taken":[{"damage":0.0,"enemies":"Jaw Worm","floor":1.0,"turns":1.0},{"damage":0.0,"enemies":"2 Louse","floor":4.0,"turns":1.0},{"damage":0.0,"enemies":"Cultist","floor":5.0,"turns":1.0},{"damage":0.0,"enemies":"Lagavulin","floor":6.0,"turns":5.0},{"damage":0.0,"enemies":"Blue Slaver","floor":7.0,"turns":4.0},{"damage":0.0,"enemies":"Gremlin Nob","floor":8.0,"turns":2.0},{"damage":1.0,"enemies":"2 Fungi Beasts","floor":10.0,"turns":4.0},{"damage":0.0,"enemies":"Gremlin Gang","floor":12.0,"turns":1.0},{"damage":6.0,"enemies":"Blue Slaver","floor":13.0,"turns":3.0},{"damage":2.0,"enemies":"Exordium Wildlife","floor":14.0,"turns":3.0},{"damage":29.0,"enemies":"Hexaghost","floor":16.0,"turns":5.0},{"damage":27.0,"enemies":"Chosen","floor":18.0,"turns":9.0},{"damage":17.0,"enemies":"Spheric Guardian","floor":22.0,"turns":7.0},{"damage":22.0,"enemies":"Book of Stabbing","floor":23.0,"turns":5.0},{"damage":0.0,"enemies":"Snecko","floor":24.0,"turns":4.0},{"damage":0.0,"enemies":"3 Cultists","floor":25.0,"turns":2.0},{"damage":0,"enemies":"Cultist and Chosen","floor":32,"turns":7},{"damage":0,"enemies":"Snake Plant","floor":33,"turns":4},{"damage":1,"enemies":"Pondfish","floor":35,"turns":9},{"damage":0,"enemies":"3 Shapes","floor":37,"turns":6},{"damage":11,"enemies":"3 Darklings","floor":38,"turns":6},{"damage":27,"enemies":"Writhing Mass","floor":41,"turns":6},{"damage":58,"enemies":"Reptomancer","floor":43,"turns":8},{"damage":10,"enemies":"Sphere and 2 Shapes","floor":44,"turns":2}],"seed_played":"-6253759319277506006","potions_obtained":[{"floor":1.0,"key":"SkillPotion"},{"floor":2.0,"key":"Adrenaline Potion"},{"floor":2.0,"key":"GamblersBrew"},{"floor":2.0,"key":"SteroidPotion"},{"floor":10.0,"key":"SteroidPotion"},{"floor":12.0,"key":"Languid Potion"},{"floor":22.0,"key":"Dota2Spire:HealingSalve"},{"floor":23.0,"key":"LiquidBronze"},{"floor":32,"key":"SkillPotion"},{"floor":41,"key":"Languid Potion"},{"floor":43,"key":"SpeedPotion"}],"is_trial":false,"path_per_floor":["M","?","?","M","M","E","M","E","T","M","T","M","M","M","R","B",null,"M","?","$","?","M","E","M","M","T","PTL","PTL","R","?","R","M","M","R","B",null,"M","M","?","$","M","$","E","M"],"character_chosen":"THE_SILENT","items_purchased":["DemoMod:PinkGuonStone","OrangePellets"],"campfire_rested":2,"item_purchase_floors":[20,20],"current_hp_per_floor":[70,70,53,53,53,53,53,53,53,52,52,52,46,44,70,41,82,55,55,62,62,45,35,35,35,35,35,35,75,75,75,75,75,75,82,83,83,72,72,72,66,66,8,0,0],"gold":133,"neow_bonus":"THREE_ENEMY_KILL","is_daily":false,"chose_seed":false,"campfire_upgraded":2,"win_rate":0.0,"timestamp":1610562776,"path_taken":["M","?","?","M","?","E","M","E","T","M","?","M","M","?","R","BOSS","M","?","$","?","?","E","M","M","T","PTL","PTL","R","?","R","M","M","R","BOSS","M","M","?","$","M","$","E","M"],"items_purchased_type":["Relic","Relic"],"build_version":"2020-12-13","purchased_purges":3,"victory":false,"max_hp_per_floor":[70,70,70,70,70,70,70,70,70,70,70,70,70,70,70,70,82,82,82,89,89,87,87,87,87,87,87,87,85,85,85,83,83,83,83,83,83,83,83,83,83,83,83,83,83],"card_choices":[{"not_picked":["Dagger Spray","Dagger Throw"],"picked":"Backflip","floor":1.0},{"not_picked":["hubris:SlightOfHand","Slice"],"picked":"Venomology","floor":3.0},{"not_picked":["Dagger Throw","Deflect"],"picked":"Reflex","floor":3.0},{"not_picked":["Dagger Spray","ReplayTheSpireMod:Tripwire"],"picked":"Venomology","floor":4.0},{"not_picked":["Acrobatics","Caltrops"],"picked":"Bane","floor":5.0},{"not_picked":["Dodge and Roll","Dagger Spray"],"picked":"Outmaneuver","floor":6.0},{"not_picked":["Well Laid Plans","hubris:SlightOfHand"],"picked":"PiercingWail","floor":7.0},{"not_picked":["Toxin Wave","Underhanded Strike"],"picked":"Unload","floor":8.0},{"not_picked":["Skewer","Slice","Hidden Blade"],"picked":"SKIP","floor":10.0},{"not_picked":["Dodge and Roll","Blade Dance","Distraction"],"picked":"SKIP","floor":12.0},{"not_picked":["Dodge and Roll","Infinite Blades","Quick Slash"],"picked":"SKIP","floor":13.0},{"not_picked":["hubris:Counter","Prepared"],"picked":"Poisoned Stab","floor":14.0},{"not_picked":["Atom Bomb","A Thousand Cuts"],"picked":"Burst","floor":16.0},{"not_picked":["Dagger Throw","Sucker Punch+1"],"picked":"Reflex+1","floor":18.0},{"not_picked":["Backflip","Eviscerate"],"picked":"Prepared+1","floor":22.0},{"not_picked":["hubris:Counter","Dagger Throw"],"picked":"Poisoned Stab+1","floor":23.0},{"not_picked":["Masterful Stab","Crippling Poison+1"],"picked":"Prepared+1","floor":24.0},{"not_picked":["Fluid Movement","Dagger Throw"],"picked":"Poisoned Stab","floor":25},{"not_picked":["Quick Slash","Eviscerate","Prepared"],"picked":"SKIP","floor":32},{"not_picked":["Quick Slash","Draining Mist+1","hubris:SlightOfHand"],"picked":"SKIP","floor":33},{"not_picked":["ReplayTheSpireMod:From All Sides","Malaise"],"picked":"Envenom","floor":35},{"not_picked":["Leg Sweep+1","Eviscerate","Poisoned Stab"],"picked":"SKIP","floor":37},{"not_picked":["Slice+1","Flying Knee"],"picked":"Replay:Poison Smokescreen","floor":38},{"not_picked":["Deflect+1","Prepared+1"],"picked":"Outmaneuver+1","floor":41},{"not_picked":["Dodge and Roll+1","Sucker Punch"],"picked":"Prepared","floor":43}],"player_experience":94229,"relics_obtained":[{"floor":2.0,"key":"ReplayTheSpireMod:Ring of Addiction"},{"floor":2.0,"key":"ReplayTheSpireMod:Ring of Sloth"},{"floor":2.0,"key":"SacredBark"},{"floor":2.0,"key":"hubris:EmptyBottle"},{"floor":3.0,"key":"Dota2Spire:BattleFury"},{"floor":6.0,"key":"DemoMod:WhiteGuonStone"},{"floor":8.0,"key":"Pantograph"},{"floor":9.0,"key":"Darkstone Periapt"},{"floor":11.0,"key":"Regal Pillow"},{"floor":23.0,"key":"Grinning Jar"},{"floor":26,"key":"Sundial"},{"floor":43,"key":"Tough Bandages"}],"event_choices":[{"damage_healed":0.0,"max_hp_gain":0.0,"max_hp_loss":0.0,"gold_gain":99.0,"event_name":"Nest","player_choice":"Stole From Cult","floor":19.0,"gold_loss":0.0,"damage_taken":0.0},{"cards_removed":["Pain"],"damage_healed":0.0,"max_hp_gain":0.0,"max_hp_loss":0.0,"gold_gain":0.0,"event_name":"Bonfire Elementals","player_choice":"Offered Curse","floor":21.0,"gold_loss":0.0,"damage_taken":0.0,"relics_obtained":["Spirit Poop"]}],"is_beta":false,"boss_relics":[{"not_picked":["halation:CatFaceCupcake","Fusion Hammer"],"picked":"Kintsugi"},{"not_picked":["hubris:HollowSoul","hubris:GrandSneckoEye"],"picked":"Replay:Bronze Core"}],"items_purged_floors":[20,40,42],"is_endless":false,"potions_floor_spawned":[1,5,6,10,12,22,23,32,33,41,43],"killed_by":"Sphere and 2 Shapes","ascension_level":0}}