{"host":"1pwde2j81wdvsae3","time":1610544897,"event":{"mods":["BaseMod","Minty Spire (QoL Compilation)","Replay The Spire","Shop Mod","StSLib"],"gold_per_floor":[113,132,132,207,207,239,239,258,308,364,43,8,8,8,8,8,8],"floor_reached":16,"language":"ZHS","playtime":566,"items_purged":[],"score":144,"play_id":"8730e5d5-4137-48f1-927d-846969da41b4","local_time":"20210113213457","is_ascension_mode":true,"campfire_choices":[{"data":"ReplayReversal","floor":7.0,"key":"SMITH"},{"floor":13.0,"key":"REST"},{"data":"Bash","floor":15.0,"key":"SMITH"}],"circlet_count":0,"master_deck":["AscendersBane","Strike_R","Strike_R","Strike_R","Strike_R","Strike_R","Defend_R","Defend_R","Defend_R","Bash+1","ReplayReversal+1","Rage","Dropkick","Feed","Flex"],"relics":["Burning Blood","Centennial Puzzle","Blood Vial","ReplayTheSpireMod:Shallot","Regal Pillow","Singing Bowl","Bronze Scales"],"acts_visited":["Exordium"],"potions_floor_usage":[16,16],"damage_taken":[{"damage":4.0,"enemies":"Small Slimes","floor":1.0,"turns":5.0},{"damage":7.0,"enemies":"Jaw Worm","floor":2.0,"turns":3.0},{"damage":50.0,"enemies":"3 Sentries","floor":6.0,"turns":12.0},{"damage":3.0,"enemies":"Cultist","floor":8.0,"turns":4.0},{"damage":34.0,"enemies":"3 Sentries","floor":10.0,"turns":10.0},{"damage":94,"enemies":"The Guardian","floor":16,"turns":12}],"seed_played":"-9158412313598397263","potions_obtained":[{"floor":2.0,"key":"EntropicBrew"},{"floor":8.0,"key":"Explosive Potion"},{"floor":10.0,"key":"SkillPotion"}],"is_trial":false,"path_per_floor":["M","M","?","?","?","E","R","M","T","?","$","?","R","$","R","B"],"character_chosen":"IRONCLAD","items_purchased":["Bronze Scales","Feed","Flex"],"campfire_rested":1,"item_purchase_floors":[11,11,11],"current_hp_per_floor":[74,73,73,62,62,36,36,41,41,17,17,37,76,76,76,0,0],"gold":8,"neow_bonus":"RANDOM_COMMON_RELIC","is_daily":false,"chose_seed":false,"campfire_upgraded":2,"win_rate":0.0,"timestamp":1610544897,"path_taken":["M","M","?","?","?","E","R","?","T","?","$","?","R","?","R","BOSS"],"items_purchased_type":["Relic","Card","Card"],"build_version":"2020-12-22","purchased_purges":0,"victory":false,"max_hp_per_floor":[80,80,80,80,80,80,80,80,80,82,82,82,82,82,82,82,82],"card_choices":[{"not_picked":["Warcry","Pommel Strike"],"picked":"Sword Boomerang","floor":1.0},{"not_picked":["Wild Strike","Run Through"],"picked":"ReplayReversal","floor":2.0},{"not_picked":["Heavy Blade","Hemokinesis"],"picked":"Rage","floor":6.0},{"not_picked":["Combust","Uppercut"],"picked":"Dropkick","floor":8.0},{"not_picked":["Twin Strike","Rampage","Spot Weakness"],"picked":"Singing Bowl","floor":10.0}],"player_experience":194890,"relics_obtained":[{"floor":6.0,"key":"ReplayTheSpireMod:Shallot"},{"floor":9.0,"key":"Regal Pillow"},{"floor":10.0,"key":"Singing Bowl"}],"event_choices":[{"damage_healed":0.0,"max_hp_gain":0.0,"max_hp_loss":0.0,"gold_gain":75.0,"event_name":"World of Goop","player_choice":"Gather Gold","floor":4.0,"gold_loss":0.0,"damage_taken":11.0},{"cards_removed":["Sword Boomerang"],"damage_healed":0.0,"max_hp_gain":0.0,"max_hp_loss":0.0,"gold_gain":0.0,"event_name":"WeMeetAgain","player_choice":"Gave Card","floor":5.0,"gold_loss":0.0,"damage_taken":0.0,"relics_obtained":["Blood Vial"]},{"damage_healed":0.0,"max_hp_gain":0.0,"max_hp_loss":0.0,"gold_gain":0.0,"event_name":"Dead Adventurer","player_choice":"Searched \u00272\u0027 times","floor":10.0,"gold_loss":0.0,"damage_taken":0.0},{"damage_healed":20.0,"max_hp_gain":0.0,"max_hp_loss":0.0,"gold_gain":0.0,"event_name":"The Cleric","player_choice":"Healed","floor":12.0,"gold_loss":35.0,"damage_taken":0.0}],"is_beta":false,"boss_relics":[],"items_purged_floors":[],"is_endless":false,"potions_floor_spawned":[2,8,10],"killed_by":"The Guardian","ascension_level":10}}