{"host":"Qube","time":1610513418,"event":{"mods":["AchievementEnabler","BaseMod","Colored Map","Colored Powertips","Minty Spire (QoL Compilation)","Quick Restart","Random Character Button","StSLib"],"gold_per_floor":[119,119,137,137,156,156,190,204,204,242,267,267,267,288,288,384,384,397,397,397,397,397],"floor_reached":21,"language":"ENG","playtime":594,"items_purged":[],"score":453,"play_id":"e756fb58-8b84-4bea-a9a4-e04ad8173e3e","local_time":"20210112205018","is_ascension_mode":true,"campfire_choices":[{"data":"Sunder","floor":6,"key":"SMITH"},{"data":"White Noise","floor":12,"key":"SMITH"},{"data":"Biased Cognition","floor":15,"key":"SMITH"}],"circlet_count":0,"master_deck":["AscendersBane","Defend_B","Defend_B","Defend_B","Defend_B","Zap","Dualcast","Rip and Tear","Sunder+1","Streamline","White Noise+1","Biased Cognition+1","Steam","Multi-Cast","Chill","Bite","Bite","Bite","Bite","Bite"],"relics":["Cracked Core","NeowsBlessing","Bloody Idol","Anchor","InkBottle","Ginger","Black Star"],"acts_visited":["Exordium","TheCity"],"potions_floor_usage":[7,10],"damage_taken":[{"damage":0,"enemies":"Small Slimes","floor":1,"turns":1},{"damage":0,"enemies":"Jaw Worm","floor":3,"turns":1},{"damage":0,"enemies":"Cultist","floor":5,"turns":1},{"damage":0,"enemies":"3 Sentries","floor":7,"turns":4},{"damage":1,"enemies":"Looter","floor":8,"turns":2},{"damage":8,"enemies":"Gremlin Nob","floor":10,"turns":3},{"damage":3,"enemies":"Exordium Thugs","floor":11,"turns":3},{"damage":6,"enemies":"Exordium Wildlife","floor":14,"turns":3},{"damage":31,"enemies":"Hexaghost","floor":16,"turns":8},{"damage":42,"enemies":"3 Byrds","floor":18,"turns":6}],"seed_played":"-6511690633878905975","potions_obtained":[{"floor":1,"key":"Energy Potion"},{"floor":7,"key":"SteroidPotion"},{"floor":8,"key":"DistilledChaos"},{"floor":11,"key":"FairyPotion"}],"is_trial":false,"path_per_floor":["M","?","M","?","M","R","E","M","T","E","M","R","?","M","R","B",null,"M","?","?","?"],"character_chosen":"DEFECT","items_purchased":[],"campfire_rested":0,"item_purchase_floors":[],"current_hp_per_floor":[64,40,40,40,40,40,40,39,39,33,32,32,32,28,28,21,59,19,19,19,0,0],"gold":397,"neow_bonus":"THREE_ENEMY_KILL","is_daily":false,"chose_seed":false,"campfire_upgraded":3,"win_rate":0.0,"timestamp":1610513418,"path_taken":["M","?","M","?","?","R","E","M","T","E","M","R","?","M","R","BOSS","M","?","?","?"],"items_purchased_type":[],"build_version":"2020-12-18","purchased_purges":0,"victory":false,"max_hp_per_floor":[71,71,71,71,71,71,71,71,71,71,71,71,71,71,71,71,71,71,71,71,71,71],"card_choices":[{"not_picked":["Turbo","Redo"],"picked":"Rip and Tear","floor":1},{"not_picked":["Reprogram","Turbo"],"picked":"Barrage","floor":3},{"not_picked":["Fusion","Redo"],"picked":"Sunder","floor":5},{"not_picked":["Sweeping Beam","Gash"],"picked":"Streamline","floor":7},{"not_picked":["Redo","Turbo"],"picked":"White Noise","floor":8},{"not_picked":["Go for the Eyes","Cold Snap"],"picked":"Biased Cognition","floor":10},{"not_picked":["BootSequence","Streamline","Steam Power"],"picked":"SKIP","floor":11},{"not_picked":["Force Field","Darkness"],"picked":"Steam","floor":14},{"not_picked":["Meteor Strike","Machine Learning"],"picked":"Multi-Cast","floor":16},{"not_picked":["Steam","Compile Driver"],"picked":"Chill","floor":18}],"player_experience":890043,"relics_obtained":[{"floor":7,"key":"InkBottle"},{"floor":9,"key":"Blood Vial"},{"floor":10,"key":"Ginger"}],"event_choices":[{"damage_healed":0,"gold_gain":0,"player_choice":"Take Damage","damage_taken":24,"relics_obtained":["Golden Idol"],"max_hp_gain":0,"max_hp_loss":0,"event_name":"Golden Idol","floor":2,"gold_loss":0},{"cards_removed":["Barrage"],"damage_healed":0,"gold_gain":0,"player_choice":"Gave Card","damage_taken":0,"relics_obtained":["Anchor"],"max_hp_gain":0,"max_hp_loss":0,"event_name":"WeMeetAgain","floor":4,"gold_loss":0},{"cards_removed":["Strike_B"],"damage_healed":0,"gold_gain":0,"player_choice":"Offered Basic","damage_taken":0,"max_hp_gain":0,"max_hp_loss":0,"event_name":"Bonfire Elementals","floor":13,"gold_loss":0},{"damage_healed":0,"gold_gain":0,"player_choice":"Became a vampire (Vial)","damage_taken":0,"max_hp_gain":0,"max_hp_loss":0,"event_name":"Vampires","floor":19,"relics_lost":["Blood Vial"],"gold_loss":0,"cards_obtained":["Bite","Bite","Bite","Bite","Bite"]},{"damage_healed":0,"gold_gain":0,"player_choice":"Gave Idol","damage_taken":0,"relics_obtained":["Bloody Idol"],"max_hp_gain":0,"max_hp_loss":0,"event_name":"Forgotten Altar","floor":20,"relics_lost":["Golden Idol"],"gold_loss":0}],"is_beta":true,"boss_relics":[{"not_picked":["Busted Crown","FrozenCore"],"picked":"Black Star"}],"items_purged_floors":[],"is_endless":false,"potions_floor_spawned":[1,7,8,11],"ascension_level":20}}