{"host":"h26iowzi6bk5r55d","time":1610544761,"event":{"mods":["ATMod(阿瑾Mod)","Arknights The Spire","Aspiration","BaseMod","Colored Powertips","Conspire","Downfall","Hermit","KomeijiMod","Luminous","Marisa（F雨　魔理沙）","Minty Spire (QoL Compilation)","Relic Stats","Replay The Spire","RumiaBox-露米娅的神秘盒子","SIMod","StSLib","The Administrix","The Marked","TheVelvet","WarShipGirlsR/战舰少女R mod","Yakumo Yukari mod","Youmu（魂魄妖梦）","[地精首领爬塔]The Maniac","vexMod","【遗物卡牌】REMEMod","残留之物"],"gold_per_floor":[114,126,136,179,179,179,237,254,277,277,252,263,36,53,53,156,822,839,839,839,809,147,179,195,195,195,220,220,232,232,232,232,333,333,349,349,368,386,402,437,455,470,470,38,49,99,99,126,126,126],"floor_reached":51,"language":"ZHS","playtime":4572,"items_purged":["Defend_TS","Strike_RD"],"score":839,"play_id":"fdab6e35-7bc0-42a6-abfb-79ade6ec1a78","local_time":"20210113213241","is_ascension_mode":false,"campfire_choices":[{"data":"FriendOfNature","floor":6,"key":"SMITH"},{"floor":10,"key":"REST"},{"data":"Dear_Princess","floor":15,"key":"SMITH"},{"data":"FriendshipIsMagic","floor":25,"key":"SMITH"},{"data":"GemstoneDetection","floor":28,"key":"SMITH"},{"data":"Winterwrapup","floor":30,"key":"SMITH"},{"data":"Strike_RR","floor":32,"key":"PURGE"},{"data":"Midas Touch","floor":47,"key":"SMITH"},{"data":"HarmonyForm","floor":49,"key":"SMITH"}],"circlet_count":0,"master_deck":["Strike_AJ","Defend_FS","Defend_AJ","ConcertedEfforts","HarmonyShield","GemstoneDetection","Guardian:Gem_Orange","Generousity","Magictrain","FriendOfNature+1","Dear_Princess+1","GemstoneDetection+1","SwiftKick","BigDeal","FriendshipIsMagic+1","HarmonyForm+1","Laughter","DynamicVision","RunningOfTheLeaves","Dear_Princess","Winterwrapup+1","Harmanyblast","HarmonyForm","Smile+1","CheerUp+1","RashStunts","Smile+1","AllByMyself","BatchProduction+1","FriendOfNature","RunningOfTheLeaves+1","CleanLibrary+1","AllByMyself+1","FarmExpert+1","Midas Touch+1","CleanLibrary+1","Harmanyblast"],"relics":["The_element_of_harmony","REME_ComplimentaryCards","AT_ATBox","NeowsBlessing","Boot","AT_SunfireAegis","AT_ChloranthyRing","vexMod:RockOfEvil","aspiration:RitualStick","Vajra","Oddly Smooth Stone","conspire:TreasureMap","Question Card","aspiration:FrozenJewel","aspiration:ChemicalBlood","Empty Cage","ShirouKen","ZombieArmy","Garlic","conspire:GiftBox","Lantern"],"acts_visited":["Exordium","TheCity","TheBeyond"],"potions_floor_usage":[4,4,7,33,33,35,35,37,39,41,42,48,48],"damage_taken":[{"damage":0,"enemies":"Cultist","floor":1,"turns":1},{"damage":0,"enemies":"Small Slimes","floor":2,"turns":1},{"damage":0,"enemies":"2 Louse","floor":3,"turns":1},{"damage":6,"enemies":"conspire:2 RoseBushes","floor":4,"turns":10},{"damage":60,"enemies":"Gremlin Nob","floor":7,"turns":7},{"damage":0,"enemies":"3 Louse","floor":8,"turns":5},{"damage":0,"enemies":"Looter","floor":12,"turns":4},{"damage":7,"enemies":"Blue Slaver","floor":14,"turns":3},{"damage":0,"enemies":"Hexaghost","floor":16,"turns":8},{"damage":20,"enemies":"2 Thieves","floor":18,"turns":4},{"damage":6,"enemies":"conspire:Head Lice","floor":23,"turns":5},{"damage":0,"enemies":"Chosen","floor":24,"turns":4},{"damage":10,"enemies":"conspire:SneckoGhost","floor":27,"turns":4},{"damage":11,"enemies":"Snake Plant","floor":29,"turns":4},{"damage":15,"enemies":"Champ","floor":33,"turns":6},{"damage":6,"enemies":"3 Darklings","floor":35,"turns":3},{"damage":5,"enemies":"Orb Walker","floor":37,"turns":3},{"damage":13,"enemies":"Transient","floor":38,"turns":5},{"damage":0,"enemies":"Maw","floor":39,"turns":3},{"damage":0,"enemies":"R_Hoarder","floor":40,"turns":6},{"damage":0,"enemies":"Jaw Worm Horde","floor":41,"turns":3},{"damage":0,"enemies":"Transient","floor":42,"turns":5},{"damage":8,"enemies":"Spire Growth","floor":45,"turns":3},{"damage":5,"enemies":"Mind Bloom Boss Battle","floor":46,"turns":3},{"damage":11,"enemies":"Nemesis","floor":48,"turns":3},{"damage":26,"enemies":"conspire:OrnateMirror","floor":50,"turns":6}],"seed_played":"-9186340737617620582","potions_obtained":[{"floor":1,"key":"DistilledChaos"},{"floor":2,"key":"REME_GoldPotion"},{"floor":4,"key":"Weak Potion"},{"floor":14,"key":"Elixir"},{"floor":18,"key":"SkillPotion"},{"floor":29,"key":"Adrenaline Potion"},{"floor":33,"key":"Swift Potion"},{"floor":35,"key":"CalmPotion"},{"floor":38,"key":"PowerPotion"},{"floor":40,"key":"Toxic Potion"},{"floor":41,"key":"Swift Potion"}],"is_trial":false,"path_per_floor":["M","M","M","M","T","R","?","M","T","R","?","M","$","M","R","B",null,"M","?","?","?","$","E","M","R","T","E","R","M","R","?","R","B",null,"M","?","M","M","M","E","M","M","T","$","M","?","R","E","R","B",null],"character_chosen":"TWI_CLASS","items_purchased":["SwiftKick","BigDeal","Vajra","DynamicVision","Oddly Smooth Stone","conspire:TreasureMap","RunningOfTheLeaves","Garlic","Midas Touch"],"campfire_rested":1,"item_purchase_floors":[13,13,22,22,22,22,22,44,44],"current_hp_per_floor":[82,82,82,76,76,76,22,27,27,51,51,56,56,54,54,60,82,67,67,51,51,51,50,55,55,55,50,50,42,42,42,42,33,82,76,76,71,64,67,67,70,82,82,82,79,82,82,71,71,57],"gold":126,"neow_bonus":"THREE_ENEMY_KILL","is_daily":false,"chose_seed":false,"campfire_upgraded":7,"win_rate":0.0,"timestamp":1610544761,"path_taken":["M","M","M","M","?","R","?","M","T","R","?","M","$","M","R","BOSS","M","?","?","?","$","E","M","R","T","E","R","M","R","?","R","BOSS","M","?","?","M","M","E","?","M","T","$","M","?","R","E","R","BOSS"],"items_purchased_type":["Card","Card","Relic","Card","Relic","Relic","Card","Relic","Card"],"build_version":"2020-12-22","purchased_purges":2,"victory":true,"max_hp_per_floor":[82,82,82,82,82,82,82,82,82,82,82,82,82,82,82,82,82,82,82,82,82,82,82,82,82,82,82,82,82,82,82,82,82,82,82,82,82,82,82,82,82,82,82,82,82,82,82,82,82,82],"relic_stats":{"counters":[26,110],"Boot":[118],"Question Card":29,"obtain_stats":[{"AT_ChloranthyRing":9,"conspire:TreasureMap":22,"Lantern":48,"AT_ATBox":0,"ShirouKen":40,"NeowsBlessing":0,"Vajra":22,"Oddly Smooth Stone":22,"The_element_of_harmony":0,"Boot":5,"vexMod:RockOfEvil":17,"Question Card":23,"Empty Cage":34,"aspiration:RitualStick":20,"aspiration:FrozenJewel":26,"conspire:GiftBox":46,"Garlic":44,"AT_SunfireAegis":7,"REME_ComplimentaryCards":0,"aspiration:ChemicalBlood":27,"ZombieArmy":43},{"AT_ChloranthyRing":6,"conspire:TreasureMap":10,"Lantern":25,"AT_ATBox":0,"ShirouKen":20,"NeowsBlessing":0,"Vajra":10,"Oddly Smooth Stone":10,"The_element_of_harmony":0,"Boot":4,"vexMod:RockOfEvil":9,"Question Card":11,"Empty Cage":15,"aspiration:RitualStick":10,"aspiration:FrozenJewel":12,"conspire:GiftBox":24,"Garlic":22,"AT_SunfireAegis":5,"REME_ComplimentaryCards":0,"aspiration:ChemicalBlood":13,"ZombieArmy":22},{"AT_ChloranthyRing":25,"conspire:TreasureMap":44,"Lantern":104,"AT_ATBox":0,"ShirouKen":87,"NeowsBlessing":0,"Vajra":44,"Oddly Smooth Stone":44,"The_element_of_harmony":0,"Boot":13,"vexMod:RockOfEvil":40,"Question Card":49,"Empty Cage":67,"aspiration:RitualStick":44,"aspiration:FrozenJewel":53,"conspire:GiftBox":101,"Garlic":95,"AT_SunfireAegis":20,"REME_ComplimentaryCards":0,"aspiration:ChemicalBlood":57,"ZombieArmy":95}],"aspiration:RitualStick":[0]},"card_choices":[{"not_picked":["FarmExpert"],"picked":"GemstoneDetection","floor":1},{"not_picked":["PinkiePromise","AppleFeast"],"picked":"SKIP","floor":1},{"not_picked":["PinkiePromise","AppleFeast"],"picked":"SKIP","floor":1},{"not_picked":["Batlization"],"picked":"Generousity","floor":2},{"not_picked":["Boundary"],"picked":"Magictrain","floor":2},{"not_picked":["PinkiePromise","BehindTheScene"],"picked":"SKIP","floor":3},{"not_picked":["RashStunts","CleanLibrary"],"picked":"SKIP","floor":3},{"not_picked":["Celebrities"],"picked":"FriendOfNature","floor":4},{"not_picked":["PartyAlone","AppleFever"],"picked":"SKIP","floor":4},{"not_picked":["Magic_Beam"],"picked":"Dear_Princess","floor":7},{"not_picked":["Tornado"],"picked":"GemstoneDetection","floor":8},{"not_picked":["FarmExpert","FollowTherRainbow"],"picked":"SKIP","floor":8},{"not_picked":["ThrowingApples","CowboySkills"],"picked":"SKIP","floor":12},{"not_picked":["TwentyPercentcooler","RushToSky"],"picked":"SKIP","floor":12},{"not_picked":["TenInstruments"],"picked":"Lasso","floor":14},{"not_picked":["Celebrities","ServeMeal"],"picked":"SKIP","floor":14},{"not_picked":["SonicRainbow"],"picked":"FriendshipIsMagic","floor":16},{"not_picked":["FriendshipIsMagic"],"picked":"HarmonyForm","floor":16},{"not_picked":["ReinventMyself"],"picked":"Laughter","floor":18},{"not_picked":["RashStunts+1","KillingWithKindness"],"picked":"SKIP","floor":18},{"not_picked":["BehindTheScene","Laughter"],"picked":"SKIP","floor":23},{"not_picked":["ThunderCloud","AppleFeast+1"],"picked":"SKIP","floor":23},{"not_picked":["Winterwrapup","RashStunts+1"],"picked":"Dear_Princess","floor":24},{"not_picked":["SwiftKick","FollowTherRainbow","PinkiePromise"],"picked":"SKIP","floor":24},{"not_picked":["Magictrain","ReinventMyself","Laughter+1"],"picked":"SKIP","floor":27},{"not_picked":["SwiftKick","ServeMeal","TenInstruments+1"],"picked":"SKIP","floor":27},{"not_picked":["Whining","ReinventMyself"],"picked":"Winterwrapup","floor":29},{"not_picked":["AppleFever","RashStunts","Boundary"],"picked":"SKIP","floor":29},{"not_picked":["MirrorLake","InspirationRecovery"],"picked":"Harmanyblast","floor":33},{"not_picked":["LoveMe","PartyCana"],"picked":"HarmonyForm","floor":33},{"not_picked":["Boundary+1","RashStunts+1"],"picked":"Smile+1","floor":35},{"not_picked":["Return_To_Past+1","ISayNo"],"picked":"CheerUp+1","floor":35},{"not_picked":["Boundary","RunningOfTheLeaves"],"picked":"Smile+1","floor":37},{"not_picked":["BigDeal+1","AlloutStrike","Flutterguy"],"picked":"SKIP","floor":37},{"not_picked":["RushToSky+1","Generousity"],"picked":"AllByMyself","floor":38},{"not_picked":["Charge","Celebrities","Whining+1"],"picked":"SKIP","floor":38},{"not_picked":["HideCarefully","Lasso"],"picked":"BatchProduction+1","floor":39},{"not_picked":["Honesty+1","Smile+1"],"picked":"FriendOfNature","floor":39},{"not_picked":["Magic+1","AppleFever+1"],"picked":"RunningOfTheLeaves+1","floor":40},{"not_picked":["InspirationRecovery","ISayNo"],"picked":"CleanLibrary+1","floor":40},{"not_picked":["MirrorLake","Louder+1"],"picked":"AllByMyself+1","floor":41},{"not_picked":["ServeMeal+1","Smile+1","ThrowingApples"],"picked":"SKIP","floor":41},{"not_picked":["AllByMyself","CleanLibrary"],"picked":"FarmExpert+1","floor":42},{"not_picked":["AllByMyself+1","GemstoneDetection+1","Mischief+1"],"picked":"SKIP","floor":42},{"not_picked":["Magic_Beam","Laughter+1"],"picked":"CleanLibrary+1","floor":45},{"not_picked":["Louder+1","Yay","Charge+1"],"picked":"SKIP","floor":45},{"not_picked":["RegisterCowboySkills","RegisterLadiesDemeanor","FriendshipIsMagic"],"picked":"Harmanyblast","floor":46},{"not_picked":["PartyAlone+1","Whining+1","BigDeal"],"picked":"SKIP","floor":48},{"not_picked":["BigDeal","ISayNo","AllByMyself"],"picked":"SKIP","floor":48}],"player_experience":380635,"relics_obtained":[{"floor":5,"key":"Boot"},{"floor":7,"key":"AT_SunfireAegis"},{"floor":9,"key":"AT_ChloranthyRing"},{"floor":23,"key":"Question Card"},{"floor":26,"key":"aspiration:FrozenJewel"},{"floor":27,"key":"aspiration:ChemicalBlood"},{"floor":40,"key":"ShirouKen"},{"floor":43,"key":"ZombieArmy"},{"floor":46,"key":"conspire:GiftBox"},{"floor":48,"key":"Lantern"}],"event_choices":[{"damage_healed":0,"gold_gain":0,"player_choice":"Searched \u00271\u0027 times","damage_taken":0,"max_hp_gain":0,"max_hp_loss":0,"event_name":"Dead Adventurer","floor":7,"gold_loss":0},{"damage_healed":0,"gold_gain":0,"player_choice":"Ignored","damage_taken":0,"max_hp_gain":0,"max_hp_loss":0,"event_name":"Vampires","floor":19,"gold_loss":0},{"damage_healed":0,"gold_gain":0,"cards_transformed":["Lasso"],"player_choice":"Transformed","damage_taken":0,"max_hp_gain":0,"max_hp_loss":0,"event_name":"Transmorgrifier","floor":36,"gold_loss":0,"cards_obtained":["RashStunts"]},{"damage_healed":0,"gold_gain":0,"player_choice":"Fight","damage_taken":0,"max_hp_gain":0,"max_hp_loss":0,"event_name":"MindBloom","floor":46,"gold_loss":0}],"is_beta":false,"boss_relics":[{"not_picked":["PlaceholderMod:LiveLive","REME_LowDesire"],"picked":"vexMod:RockOfEvil"},{"not_picked":["Astrolabe","aspiration:RunicSpoon"],"picked":"Empty Cage"}],"items_purged_floors":[13,22],"is_endless":false,"potions_floor_spawned":[1,2,4,14,18,29,33,35,38,40,41],"ascension_level":0}}