{"host":"raai0vtvcfkt8csp","time":1610542024,"event":{"mods":["2.2 Compatiblity","BaseMod","Beaked The Cultist","Block Reminder","Booster Modes","Clockwork Mod","DeckTracker","Defective Defect","Defuse TimeMaze Blight","Dio Mod","GifTheSpireLib","Infinite Spire","Minty Spire (QoL Compilation)","Quick Restart","Random Character Button","Rare Cards Sparkle","StSLib","The Marked","Unceasing Turn Reminder"],"gold_per_floor":[117,117,128,128,148,148,179,198,198,198,198],"floor_reached":10,"language":"ENG","playtime":379,"items_purged":[],"score":71,"play_id":"1fdf45b4-ba4b-4ec1-8291-837ab8c2141c","local_time":"20210113134704","is_ascension_mode":true,"campfire_choices":[{"floor":6,"key":"RECALL"}],"circlet_count":0,"master_deck":["theMarked:Strike","theMarked:Strike","theMarked:Strike","theMarked:Strike","theMarked:Strike","theMarked:Defend","theMarked:Defend","theMarked:Defend","theMarked:Defend","theMarked:SoldierOfQuellstein","theMarked:Overcharge","theMarked:EmpowerWeapon","theMarked:ReduceFriction","theMarked:Electrocute","theMarked:Polarize"],"relics":["theMarked:ArtifactOfAir","NeowsBlessing","Ancient Tea Set","theMarked:VonisonLock","infinitespire:FocusingShard"],"acts_visited":["Exordium"],"potions_floor_usage":[10],"damage_taken":[{"damage":0,"enemies":"Cultist","floor":1,"turns":1},{"damage":0,"enemies":"Jaw Worm","floor":3,"turns":1},{"damage":0,"enemies":"Small Slimes","floor":5,"turns":1},{"damage":17,"enemies":"3 Sentries","floor":7,"turns":9},{"damage":6,"enemies":"Blue Slaver","floor":8,"turns":5},{"damage":48,"enemies":"Gremlin Nob","floor":10,"turns":4}],"seed_played":"-999694434343583962","potions_obtained":[{"floor":5,"key":"theMarked:ChargePotion"}],"is_trial":false,"path_per_floor":["M","?","M","?","M","R","E","M","T","E"],"character_chosen":"THE_DEFAULT","items_purchased":[],"campfire_rested":0,"item_purchase_floors":[],"current_hp_per_floor":[70,70,70,52,52,52,35,29,29,0,0],"gold":198,"neow_bonus":"THREE_ENEMY_KILL","is_daily":false,"chose_seed":false,"campfire_upgraded":0,"win_rate":0.0,"timestamp":1610542024,"path_taken":["M","?","M","?","?","R","E","M","T","E"],"items_purchased_type":[],"build_version":"2020-12-22","purchased_purges":0,"victory":false,"max_hp_per_floor":[70,70,70,70,70,70,70,70,70,70,70],"card_choices":[{"not_picked":["theMarked:Improvise","theMarked:Parkour"],"picked":"theMarked:Overcharge","floor":1},{"not_picked":["theMarked:Parkour","theMarked:WastefulAttack"],"picked":"theMarked:EmpowerWeapon","floor":3},{"not_picked":["theMarked:Seal","theMarked:PowerFlow"],"picked":"theMarked:ReduceFriction","floor":5},{"not_picked":["theMarked:Seal","theMarked:ChainLightning"],"picked":"theMarked:Electrocute","floor":7},{"not_picked":["theMarked:ResourceFulStrike","theMarked:Indomitable"],"picked":"theMarked:Polarize","floor":8}],"player_experience":879753,"relics_obtained":[{"floor":7,"key":"theMarked:VonisonLock"},{"floor":9,"key":"infinitespire:FocusingShard"}],"event_choices":[{"damage_healed":0,"gold_gain":0,"player_choice":"Leave","damage_taken":0,"max_hp_gain":0,"max_hp_loss":0,"event_name":"The Cleric","floor":2,"gold_loss":0},{"damage_healed":0,"gold_gain":0,"player_choice":"Success","damage_taken":18,"relics_obtained":["Ancient Tea Set"],"max_hp_gain":0,"max_hp_loss":0,"event_name":"Scrap Ooze","floor":4,"gold_loss":0}],"is_beta":false,"boss_relics":[],"items_purged_floors":[],"is_endless":false,"potions_floor_spawned":[5],"killed_by":"Gremlin Nob","ascension_level":1}}