{"host":"utcbn1j9ebmpc40m","time":1610560660,"event":{"mods":["BaseMod","Better Match","Minty Spire (QoL Compilation)","Poor People Problems","StSLib","SuperFastMode","The IronCluck"],"gold_per_floor":[11,22,22,22,42,42,68,83,107,138,138,138,58,72,72,176,176,189,35,35,55,29,29,29],"floor_reached":23,"language":"ENG","playtime":597,"items_purged":[],"score":299,"play_id":"7246ad98-6a43-4d74-b7d8-791b81f95586","local_time":"20210113125740","is_ascension_mode":true,"campfire_choices":[{"floor":6,"key":"REST"},{"data":"Backflip","floor":12,"key":"SMITH"},{"data":"Neutralize","floor":15,"key":"SMITH"}],"circlet_count":0,"master_deck":["AscendersBane","Strike_G+1","Strike_G","Strike_G","Strike_G","Defend_G","Defend_G","Defend_G","Defend_G","Defend_G","Survivor","Neutralize+1","Venomology+1","Flying Knee","Leg Sweep","Backflip+1","Blade Dance","Die Die Die","Corpse Explosion","Deadly Poison+1","Prepared+1","Deadly Poison"],"relics":["Ring of the Snake","Blood Vial","PreservedInsect","Nunchaku","Black Star","TwistedFunnel"],"acts_visited":["Exordium","TheCity"],"potions_floor_usage":[2,5,7,7,7,8,8,10,10,16,16,16],"damage_taken":[{"damage":5,"enemies":"Small Slimes","floor":1,"turns":5},{"damage":0,"enemies":"Jaw Worm","floor":2,"turns":4},{"damage":0,"enemies":"Cultist","floor":5,"turns":3},{"damage":25,"enemies":"Lagavulin","floor":7,"turns":6},{"damage":0,"enemies":"Gremlin Gang","floor":8,"turns":2},{"damage":1,"enemies":"3 Sentries","floor":10,"turns":6},{"damage":0,"enemies":"3 Louse","floor":14,"turns":3},{"damage":50,"enemies":"Slime Boss","floor":16,"turns":15},{"damage":13,"enemies":"Chosen","floor":18,"turns":5},{"damage":25,"enemies":"Shell Parasite","floor":21,"turns":7},{"damage":39,"enemies":"Shelled Parasite and Fungi","floor":23,"turns":2}],"seed_played":"-8269279684911472741","potions_obtained":[{"floor":1,"key":"Explosive Potion"},{"floor":5,"key":"DuplicationPotion"},{"floor":7,"key":"Explosive Potion"},{"floor":8,"key":"EssenceOfSteel"},{"floor":14,"key":"Strength Potion"},{"floor":18,"key":"Weak Potion"}],"is_trial":false,"path_per_floor":["M","M","?","?","M","R","E","M","T","E","?","R","$","M","R","B",null,"M","$","?","M","$","M"],"character_chosen":"THE_SILENT","items_purchased":["Die Die Die","TwistedFunnel","Deadly Poison"],"campfire_rested":1,"item_purchase_floors":[13,19,22],"current_hp_per_floor":[58,58,58,44,44,65,40,42,42,43,66,66,66,68,68,20,58,47,47,41,18,18,0,0],"gold":29,"neow_bonus":"THREE_RARE_CARDS","is_daily":false,"chose_seed":false,"campfire_upgraded":2,"win_rate":0.0,"timestamp":1610560660,"path_taken":["M","M","?","?","M","R","E","M","T","E","?","R","?","M","R","BOSS","M","$","?","M","$","M"],"items_purchased_type":["Card","Relic","Card"],"build_version":"2020-12-22","purchased_purges":0,"victory":false,"max_hp_per_floor":[70,70,70,70,70,70,70,70,70,70,70,70,70,70,70,70,70,70,70,70,70,70,70,70],"card_choices":[{"not_picked":["Tools of the Trade","Grand Finale"],"picked":"Venomology","floor":0},{"not_picked":["Underhanded Strike","Eviscerate"],"picked":"Flying Knee","floor":1},{"not_picked":["Flying Knee","Acrobatics","Heel Hook"],"picked":"SKIP","floor":2},{"not_picked":["PiercingWail","Underhanded Strike"],"picked":"Leg Sweep","floor":5},{"not_picked":["A Thousand Cuts","Flying Knee"],"picked":"Backflip","floor":7},{"not_picked":["Dagger Spray","Deflect"],"picked":"Blade Dance","floor":8},{"not_picked":["All Out Attack","Flying Knee","Dagger Spray"],"picked":"SKIP","floor":10},{"not_picked":["Acrobatics","Catalyst","PiercingWail"],"picked":"SKIP","floor":14},{"not_picked":["Venomology","Night Terror"],"picked":"Corpse Explosion","floor":16},{"not_picked":["Infinite Blades+1","Acrobatics"],"picked":"Deadly Poison+1","floor":18},{"not_picked":["Backflip","Escape Plan+1"],"picked":"Prepared+1","floor":21}],"player_experience":466170,"relics_obtained":[{"floor":7,"key":"Blood Vial"},{"floor":9,"key":"PreservedInsect"},{"floor":10,"key":"Nunchaku"}],"event_choices":[{"cards_removed":["Strike_G"],"damage_healed":0,"gold_gain":0,"player_choice":"Forget","damage_taken":0,"max_hp_gain":0,"max_hp_loss":0,"event_name":"Living Wall","floor":3,"gold_loss":0},{"damage_healed":0,"gold_gain":0,"player_choice":"Entered Light","damage_taken":14,"max_hp_gain":0,"max_hp_loss":0,"event_name":"Shining Light","floor":4,"gold_loss":0,"cards_upgraded":["Strike_G","Venomology"]},{"damage_healed":23,"gold_gain":0,"player_choice":"Banana","damage_taken":0,"max_hp_gain":0,"max_hp_loss":0,"event_name":"Big Fish","floor":11,"gold_loss":0},{"damage_healed":0,"gold_gain":0,"player_choice":"","damage_taken":6,"max_hp_gain":0,"max_hp_loss":0,"event_name":"Knowing Skull","floor":20,"potions_obtained":[],"gold_loss":0,"cards_obtained":[]}],"is_beta":false,"boss_relics":[{"not_picked":["Fusion Hammer","Ring of the Serpent"],"picked":"Black Star"}],"items_purged_floors":[],"is_endless":false,"potions_floor_spawned":[1,5,7,8,14,18],"killed_by":"Shelled Parasite and Fungi","ascension_level":10}}