{"host":"dzit4ljil6490tuf","time":1610504663,"event":{"mods":["BaseMod","Downfall","Hermit","Hubris","Minty Spire (QoL Compilation)","StSLib","The Cursed","The Runesmith","The Servant 0.9.4"],"gold_per_floor":[99,114,114,129,114,129,129,144,174,174,189,14,29,204,219,319,319,319,334,357,372,372,447,447,462,492,492,492,507,507,522,537,637,637,637,652,667,667,682,682,732,747,747,747,747,117,147,72,87,87],"floor_reached":51,"language":"ITA","playtime":2676,"items_purged":[],"score":976,"play_id":"cca1cbcf-24db-4155-889a-6c8427d87a0b","local_time":"20210113032423","daily_mods":["Insanity","Hoarder","Binary"],"is_ascension_mode":false,"campfire_choices":[{"data":"Coolheaded","floor":1,"key":"SMITH"},{"data":"Aggregate","floor":10,"key":"SMITH"},{"data":"Capacitor","floor":18,"key":"SMITH"},{"floor":28,"key":"REST"},{"data":"Steam Power","floor":35,"key":"SMITH"},{"floor":40,"key":"REST"},{"floor":43,"key":"REST"},{"floor":45,"key":"REST"},{"data":"hubris:PowerSurge","floor":48,"key":"SMITH"}],"circlet_count":0,"master_deck":["Cold Snap","Conserve Battery","Go for the Eyes","Leap","Leap","Tempest","Aggregate","BootSequence","Steam Power+1","Ball Lightning","Auto Shields","Coolheaded","Go for the Eyes","Aggregate+1","Beam Cell","Barrage","Steam Power","Barrage","Loop","Compile Driver","Aggregate","Turbo","Melter","Leap","Beam Cell","Redo","Coolheaded","Go for the Eyes","hubris:PowerSurge+1","Go for the Eyes","Conserve Battery","Conserve Battery","Capacitor+1","Beam Cell","Streamline","Scrape","Cold Snap","Go for the Eyes","Coolheaded+1","Cold Snap","Rebound","Barrage","Streamline","Cold Snap","Conserve Battery+1","Ball Lightning","Double Energy","Streamline","Sweeping Beam","Gash","Gash","Gash","Barrage","Barrage","Barrage","Fusion","Fusion","Fusion+1","Electrodynamics","Electrodynamics","Electrodynamics","Doubt","Defragment","Defragment","Defragment","Capacitor","Capacitor","Capacitor","Capacitor+1","Capacitor+1","Capacitor+1","Core Surge","Core Surge","Core Surge","TheCursedMod:Dregs","TheCursedMod:Dregs","TheCursedMod:Dregs","Coolheaded+1","Coolheaded+1","Coolheaded+1","Stack+1","Stack+1","Stack+1","Darkness+1","Darkness+1","Darkness+1","Conserve Battery+1","Conserve Battery+1","Conserve Battery+1"],"relics":["Cracked Core","hubris:MysteriousPyramids","Art of War","expansioncontent:StudyCardRelic","Red Mask","The Courier","hubris:Metronome","Cursed Key","Ancient Tea Set","hubris:PeanutButter","Bag of Preparation","War Paint","Blue Candle","Cables","Orichalcum","Darkstone Periapt","downfall:HeartBlessingGreen"],"acts_visited":["Exordium","TheCity","TheBeyond"],"potions_floor_usage":[4,29,33,39,47,50],"damage_taken":[{"damage":0,"enemies":"Cultist","floor":2,"turns":3},{"damage":0,"enemies":"Jaw Worm","floor":4,"turns":2},{"damage":5,"enemies":"downfall:FleeingMerchant","floor":5,"turns":4},{"damage":0,"enemies":"2 Louse","floor":6,"turns":1},{"damage":0,"enemies":"Exordium Thugs","floor":8,"turns":1},{"damage":1,"enemies":"Gremlin Nob","floor":9,"turns":4},{"damage":0,"enemies":"Exordium Wildlife","floor":11,"turns":2},{"damage":6,"enemies":"downfall:FleeingMerchant","floor":12,"turns":4},{"damage":0,"enemies":"Large Slime","floor":13,"turns":4},{"damage":3,"enemies":"Red Slaver","floor":15,"turns":2},{"damage":50,"enemies":"downfall:Defect","floor":16,"turns":7},{"damage":0,"enemies":"Shell Parasite","floor":19,"turns":4},{"damage":0,"enemies":"Masked Bandits","floor":20,"turns":2},{"damage":10,"enemies":"Spheric Guardian","floor":21,"turns":3},{"damage":0,"enemies":"Snecko","floor":25,"turns":5},{"damage":2,"enemies":"Slavers","floor":26,"turns":2},{"damage":14,"enemies":"Snake Plant","floor":29,"turns":3},{"damage":0,"enemies":"Centurion and Healer","floor":31,"turns":4},{"damage":0,"enemies":"Snecko","floor":32,"turns":4},{"damage":10,"enemies":"downfall:Watcher","floor":33,"turns":6},{"damage":27,"enemies":"3 Darklings","floor":36,"turns":5},{"damage":25,"enemies":"3 Shapes","floor":37,"turns":3},{"damage":7,"enemies":"Writhing Mass","floor":39,"turns":5},{"damage":10,"enemies":"Jaw Worm Horde","floor":42,"turns":5},{"damage":0,"enemies":"downfall:FleeingMerchant","floor":46,"turns":1},{"damage":7,"enemies":"Reptomancer","floor":47,"turns":6},{"damage":0,"enemies":"Maw","floor":49,"turns":2},{"damage":0,"enemies":"downfall:Ironclad","floor":50,"turns":9}],"seed_played":"-4624312993155624390","potions_obtained":[{"floor":4,"key":"Fruit Juice"},{"floor":11,"key":"SpeedPotion"},{"floor":15,"key":"Guardian:BlockOnCardUsePotion"},{"floor":16,"key":"Weak Potion"},{"floor":20,"key":"AttackPotion"},{"floor":23,"key":"downfall:CursedFountainPotion"},{"floor":31,"key":"SkillPotion"},{"floor":33,"key":"AttackPotion"},{"floor":42,"key":"DuplicationPotion"},{"floor":47,"key":"Regen Potion"},{"floor":49,"key":"FocusPotion"}],"is_trial":false,"path_per_floor":["R","M","?","M","$","M","T","M","E","R","M","$","M","?","M","B",null,"R","M","?","M","?","?","T","M","E","?","R","M","?","M","M","B",null,"R","M","M","?","M","R","T","M","R","?","R","$","E","R","M","B",null],"character_chosen":"DEFECT","items_purchased":["Electrodynamics","hubris:PeanutButter","Bag of Preparation","War Paint","Blue Candle","Cables","Orichalcum"],"campfire_rested":4,"item_purchase_floors":[12,46,46,46,46,46,46],"current_hp_per_floor":[75,75,75,80,75,75,75,75,74,74,74,68,68,68,65,15,80,80,80,80,70,70,70,70,70,68,53,78,64,64,64,64,54,85,85,58,33,33,26,51,51,41,66,56,81,81,74,74,74,74],"gold":87,"neow_bonus":"","is_daily":true,"chose_seed":false,"campfire_upgraded":5,"win_rate":0.0,"timestamp":1610504663,"path_taken":["R","M","?","M","$","M","T","M","E","R","M","$","M","?","M","BOSS","R","M","?","M","?","?","T","?","E","?","R","M","?","M","M","BOSS","R","M","M","?","?","R","T","M","R","?","R","$","E","R","M","BOSS"],"items_purchased_type":["Card","Relic","Relic","Relic","Relic","Relic","Relic"],"build_version":"2020-12-22","purchased_purges":0,"victory":true,"max_hp_per_floor":[75,75,75,80,80,80,80,80,80,80,80,80,80,80,80,80,80,80,80,80,80,80,80,80,80,80,85,85,85,85,85,85,85,85,85,85,85,85,85,85,85,85,85,85,85,85,85,85,85,85],"card_choices":[{"not_picked":["Reprogram"],"picked":"Gash","floor":2},{"not_picked":["Leap"],"picked":"Barrage","floor":4},{"not_picked":["Go for the Eyes","Barrage"],"picked":"SKIP","floor":5},{"not_picked":["Conserve Battery","Melter"],"picked":"SKIP","floor":6},{"not_picked":["Turbo","Beam Cell"],"picked":"SKIP","floor":8},{"not_picked":["Turbo","Redo"],"picked":"SKIP","floor":9},{"not_picked":["Go for the Eyes","Steam"],"picked":"SKIP","floor":11},{"not_picked":["Compile Driver"],"picked":"Fusion","floor":12},{"not_picked":["Hologram","Steam Power"],"picked":"SKIP","floor":13},{"not_picked":["Melter","Hologram"],"picked":"SKIP","floor":15},{"not_picked":["Tempest"],"picked":"Defragment","floor":19},{"not_picked":["Glacier","FTL"],"picked":"SKIP","floor":21},{"not_picked":["Ball Lightning"],"picked":"Capacitor","floor":25},{"not_picked":["Leap","Steam Power"],"picked":"SKIP","floor":26},{"not_picked":["Storm","Sunder"],"picked":"SKIP","floor":29},{"not_picked":["Leap+1"],"picked":"Capacitor+1","floor":31},{"not_picked":["Fusion","Compile Driver"],"picked":"SKIP","floor":32},{"not_picked":["Meteor Strike"],"picked":"Core Surge","floor":33},{"not_picked":["Redo+1","Go for the Eyes+1"],"picked":"SKIP","floor":36},{"not_picked":["Ball Lightning","BootSequence+1"],"picked":"SKIP","floor":37},{"not_picked":["Reprogram","Sweeping Beam+1"],"picked":"SKIP","floor":39},{"not_picked":["Redo+1"],"picked":"Coolheaded+1","floor":42},{"not_picked":["Self Repair"],"picked":"Stack+1","floor":46},{"not_picked":["Conserve Battery"],"picked":"Darkness+1","floor":47},{"not_picked":["Redo","Conserve Battery+1"],"picked":"SKIP","floor":49},{"not_picked":["Redo"],"picked":"Conserve Battery+1","floor":49}],"player_experience":574818,"relics_obtained":[{"floor":7,"key":"hubris:MysteriousPyramids"},{"floor":9,"key":"Art of War"},{"floor":20,"key":"Red Mask"},{"floor":24,"key":"The Courier"},{"floor":26,"key":"hubris:Metronome"},{"floor":41,"key":"Ancient Tea Set"},{"floor":47,"key":"Darkstone Periapt"}],"event_choices":[{"cards_removed":["Tempest"],"damage_healed":0,"gold_gain":0,"player_choice":"Card Removal","damage_taken":0,"max_hp_gain":0,"max_hp_loss":0,"event_name":"The Cleric","floor":3,"gold_loss":0},{"damage_healed":0,"gold_gain":0,"player_choice":"Fought Bandits","damage_taken":0,"max_hp_gain":0,"max_hp_loss":0,"event_name":"Masked Bandits","floor":20,"gold_loss":0},{"cards_removed":["Doubt"],"damage_healed":0,"gold_gain":0,"player_choice":"Elegance","damage_taken":0,"max_hp_gain":0,"max_hp_loss":0,"event_name":"Back to Basics","floor":22,"gold_loss":0},{"damage_healed":0,"gold_gain":0,"player_choice":"Ignored","damage_taken":0,"max_hp_gain":0,"max_hp_loss":0,"event_name":"Vampires","floor":30,"gold_loss":0},{"cards_removed":["Doubt"],"damage_healed":0,"gold_gain":0,"player_choice":"Purged","damage_taken":0,"max_hp_gain":0,"max_hp_loss":0,"event_name":"Purifier","floor":38,"gold_loss":0}],"is_beta":false,"boss_relics":[{"not_picked":["Runic Dome","Runic Pyramid"],"picked":"expansioncontent:StudyCardRelic"},{"not_picked":["Calling Bell","Black Star"],"picked":"Cursed Key"}],"items_purged_floors":[],"is_endless":false,"potions_floor_spawned":[4,11,15,16,20,31,32,33,37,42,47,49],"ascension_level":0}}