{"host":"b7j598ve05halrwk","time":1610511168,"event":{"mods":["2.2 Compatiblity","BaseMod","Block Reminder","DeckTracker","Minty Spire (QoL Compilation)","Relic Stats","Slay the Relics Exporter","StSLib","ojb\u0027s Better Paths Mod","ojb\u0027s Info Mod"],"gold_per_floor":[117,17,34,50,75,107,126,126,153,153,153,153,184,204,204,204,204],"floor_reached":16,"language":"ENG","playtime":810,"items_purged":["Decay"],"score":220,"play_id":"c09703f0-5b00-412b-aed0-e274fb54f482","local_time":"20210112231248","is_ascension_mode":true,"campfire_choices":[{"data":"Rip and Tear","floor":10.0,"key":"SMITH"},{"data":"Doom and Gloom","floor":12.0,"key":"SMITH"},{"data":"Capacitor","floor":15.0,"key":"SMITH"}],"circlet_count":0,"master_deck":["AscendersBane","Strike_B","Strike_B","Strike_B","Strike_B","Defend_B","Defend_B","Defend_B","Defend_B","Zap","Dualcast","Glacier","Compile Driver","Cold Snap","Rip and Tear+1","Doom and Gloom+1","Cold Snap","Capacitor+1","Glacier"],"relics":["Cracked Core","Thread and Needle","Bag of Preparation","Nunchaku","Juzu Bracelet","Turnip","Letter Opener"],"acts_visited":["Exordium"],"potions_floor_usage":[16],"damage_taken":[{"damage":0.0,"enemies":"Cultist","floor":1.0,"turns":3.0},{"damage":0.0,"enemies":"Small Slimes","floor":3.0,"turns":4.0},{"damage":0.0,"enemies":"Jaw Worm","floor":4.0,"turns":3.0},{"damage":51.0,"enemies":"3 Sentries","floor":6.0,"turns":10.0},{"damage":11.0,"enemies":"Gremlin Gang","floor":7.0,"turns":5.0},{"damage":13.0,"enemies":"Gremlin Nob","floor":13.0,"turns":4.0},{"damage":0.0,"enemies":"Looter","floor":14.0,"turns":3.0},{"damage":14,"enemies":"Hexaghost","floor":16,"turns":9}],"seed_played":"700449113417742156","potions_obtained":[{"floor":1.0,"key":"Weak Potion"},{"floor":3.0,"key":"Block Potion"},{"floor":6.0,"key":"BlessingOfTheForge"},{"floor":13.0,"key":"DuplicationPotion"}],"is_trial":false,"path_per_floor":["M","$","M","M","T","E","M","?","T","R","T","R","E","M","R","B"],"character_chosen":"DEFECT","items_purchased":["Compile Driver"],"campfire_rested":0,"item_purchase_floors":[2],"current_hp_per_floor":[64,64,64,64,64,13,2,25,25,25,25,25,12,12,12,0,0],"gold":204,"neow_bonus":"ONE_RARE_RELIC","is_daily":false,"chose_seed":false,"campfire_upgraded":3,"win_rate":0.0,"timestamp":1610511168,"path_taken":["M","$","M","M","?","E","?","?","T","R","?","R","E","M","R","BOSS"],"items_purchased_type":["Card"],"build_version":"2020-12-22","purchased_purges":1,"victory":false,"max_hp_per_floor":[71,71,71,71,71,71,71,71,71,71,71,71,71,71,71,71,71],"relic_stats":{"Nunchaku":[3],"counters":[8,41],"Turnip":[0],"Bag of Preparation":[10],"Juzu Bracelet":0,"Letter Opener":[0],"obtain_stats":[{"Nunchaku":6,"Thread and Needle":0,"Turnip":11,"Bag of Preparation":5,"Juzu Bracelet":9,"Letter Opener":13,"Cracked Core":0},{"Nunchaku":4,"Thread and Needle":0,"Turnip":5,"Bag of Preparation":3,"Juzu Bracelet":5,"Letter Opener":6,"Cracked Core":0},{"Nunchaku":20,"Thread and Needle":0,"Turnip":25,"Bag of Preparation":10,"Juzu Bracelet":25,"Letter Opener":29,"Cracked Core":0}]},"card_choices":[{"not_picked":["Chaos","Static Discharge"],"picked":"Glacier","floor":1.0},{"not_picked":["Fusion","Genetic Algorithm"],"picked":"Cold Snap","floor":3.0},{"not_picked":["Rebound","Sweeping Beam"],"picked":"Rip and Tear","floor":4.0},{"not_picked":["Turbo","Storm"],"picked":"Doom and Gloom","floor":6.0},{"not_picked":["Streamline","Beam Cell"],"picked":"Cold Snap","floor":7.0},{"not_picked":["Beam Cell","Steam"],"picked":"Capacitor","floor":13.0},{"not_picked":["Conserve Battery","Capacitor"],"picked":"Glacier","floor":14.0}],"player_experience":937887,"relics_obtained":[{"floor":5.0,"key":"Bag of Preparation"},{"floor":6.0,"key":"Nunchaku"},{"floor":9.0,"key":"Juzu Bracelet"},{"floor":11.0,"key":"Turnip"},{"floor":13.0,"key":"Letter Opener"}],"event_choices":[{"damage_healed":23.0,"max_hp_gain":0.0,"max_hp_loss":0.0,"gold_gain":0.0,"event_name":"Big Fish","player_choice":"Banana","floor":8.0,"gold_loss":0.0,"damage_taken":0.0}],"is_beta":false,"boss_relics":[],"items_purged_floors":[2],"is_endless":false,"potions_floor_spawned":[1,3,6,13],"killed_by":"Hexaghost","ascension_level":20}}