{"host":"fworv1gvvajf3x0f","time":1610557842,"event":{"mods":["AchievementEnabler","Aspiration","BaseMod","Better Vampires","Colored Map","Colored Powertips","Highlight Path","Infinite Spire","Minty Spire (QoL Compilation)","Poor People Problems","Replay The Spire","StSLib"],"gold_per_floor":[110,33,33,33,33,51,68,68,94,94,94,94,194,209,224,224,224,224,224],"floor_reached":18,"language":"ZHS","playtime":1298,"items_purged":["Normality"],"score":127,"play_id":"5e7d1c78-037c-4f19-baf0-7f6d317d25ab","local_time":"20210114011042","is_ascension_mode":true,"campfire_choices":[{"data":"Neutralize","floor":8,"key":"SMITH"},{"floor":10,"key":"REST"},{"floor":17,"key":"REST"}],"circlet_count":0,"master_deck":["Strike_G","Strike_G","Strike_G","Strike_G","Defend_G","Defend_G","Defend_G","Defend_G","Defend_G","Survivor","Neutralize+1","Tactician","Infinite Blades","Well Laid Plans+1","Pot Of Greed","Pot Of Greed","Outmaneuver","ReplayTheSpireMod:The Works"],"relics":["Ring of the Snake","aspiration:Nostalgia","PureWater","ReplayTheSpireMod:CursedCoin","Happy Flower","Du-Vu Doll","Thread and Needle","Grinning Jar"],"acts_visited":["Exordium"],"potions_floor_usage":[14],"damage_taken":[{"damage":1,"enemies":"Cultist","floor":1,"turns":3},{"damage":1,"enemies":"Jaw Worm","floor":6,"turns":4},{"damage":1,"enemies":"Small Slimes","floor":7,"turns":3},{"damage":44,"enemies":"Gremlin Nob","floor":9,"turns":6},{"damage":2,"enemies":"Gremlin Gang","floor":14,"turns":3},{"damage":8,"enemies":"Large Slime","floor":15,"turns":8},{"damage":32,"enemies":"The Guardian","floor":18,"turns":7}],"seed_played":"-2421399404340165152","potions_obtained":[{"floor":6,"key":"Toxic Potion"}],"is_trial":false,"path_per_floor":["M","$","PTL","PTL","?","M","M","R","E","R","T","?","?","M","M","?","R","B"],"character_chosen":"THE_SILENT","items_purchased":["ReplayTheSpireMod:CursedCoin","Happy Flower"],"campfire_rested":2,"item_purchase_floors":[2,2],"current_hp_per_floor":[69,69,69,69,51,50,49,49,5,26,26,19,19,17,9,9,30,0,0],"gold":224,"neow_bonus":"NOSTALGIA","is_daily":false,"chose_seed":false,"campfire_upgraded":1,"win_rate":0.0,"timestamp":1610557842,"path_taken":["M","$","PTL","PTL","?","M","M","R","E","R","T","?","?","?","M","?","R","BOSS"],"items_purchased_type":["Relic","Relic"],"build_version":"2020-12-22","purchased_purges":1,"victory":false,"max_hp_per_floor":[70,70,70,70,70,70,70,70,70,70,70,70,70,70,70,70,70,70,70],"card_choices":[{"not_picked":["All Out Attack","Eviscerate","Quick Slash"],"picked":"SKIP","floor":1},{"not_picked":["Cloak And Dagger","Poisoned Stab"],"picked":"Tactician","floor":6},{"not_picked":["Cloak And Dagger","Sucker Punch"],"picked":"Infinite Blades","floor":7},{"not_picked":["Expertise","Slice"],"picked":"Well Laid Plans","floor":9},{"not_picked":["Skewer","Catalyst"],"picked":"Outmaneuver","floor":14},{"not_picked":["Leg Sweep","Quick Slash"],"picked":"ReplayTheSpireMod:The Works","floor":15}],"player_experience":201336,"relics_obtained":[{"floor":9,"key":"Thread and Needle"},{"floor":11,"key":"Grinning Jar"}],"event_choices":[{"damage_healed":0,"gold_gain":0,"player_choice":"Success","damage_taken":18,"relics_obtained":["Du-Vu Doll"],"max_hp_gain":0,"max_hp_loss":0,"event_name":"Scrap Ooze","floor":5,"gold_loss":0},{"cards_removed":["Strike_G"],"damage_healed":0,"gold_gain":0,"player_choice":"Card Removal","damage_taken":7,"max_hp_gain":0,"max_hp_loss":0,"event_name":"Golden Wing","floor":12,"gold_loss":0},{"damage_healed":0,"gold_gain":100,"player_choice":"Pray","damage_taken":0,"max_hp_gain":0,"max_hp_loss":0,"event_name":"Golden Shrine","floor":13,"gold_loss":0},{"damage_healed":0,"gold_gain":0,"player_choice":"Forge","damage_taken":0,"max_hp_gain":0,"max_hp_loss":0,"event_name":"Accursed Blacksmith","floor":16,"gold_loss":0,"cards_upgraded":["Well Laid Plans"]}],"is_beta":false,"boss_relics":[],"items_purged_floors":[2],"is_endless":false,"potions_floor_spawned":[6],"killed_by":"The Guardian","ascension_level":3}}