{"host":"dlqyscxstsnu98l1","time":1610501261,"event":{"mods":["AchievementEnabler","BaseMod","Bestiary","Colored Map","Colored Powertips","Conspire","Downfall","GifTheSpireLib","Highlight Path","Minty Spire (QoL Compilation)","Random Character Button","Replay The Spire","SacredBarkPlus","StSLib","everything is the same but u backflip on backflip"],"gold_per_floor":[112,130,141,156,5,5,34,34,34,47,75,114,148,148,148,251,251,176,193,49,59,9,44,44,61,107,121,156,181,207,37,37,132,182,196,133,153,164,89,123,332,332,332],"floor_reached":42,"language":"ENG","playtime":3481,"items_purged":["Strike_G","Strike_G","Strike_G","Strike_G"],"score":792,"play_id":"6b9bc4dd-7a04-4ba5-8bbb-3d63271608a7","local_time":"20210112192741","is_ascension_mode":true,"campfire_choices":[{"data":"Neutralize","floor":6.0,"key":"SMITH"},{"floor":8.0,"key":"REST"},{"data":"Bouncing Flask","floor":15.0,"key":"SMITH"},{"data":"Burst","floor":24.0,"key":"SMITH"},{"floor":32.0,"key":"RECALL"}],"circlet_count":0,"master_deck":["Strike_G","Defend_G","Defend_G+1","Defend_G","Defend_G","Defend_G","Survivor","Neutralize+1","Leg Sweep","Blur","Hidden Blade","Bouncing Flask+1","Deadly Poison","Dodge and Roll","Deadly Poison","Burst+1","Blade Dance+1","Slice+1","Master of Strategy","Master of Strategy","Hidden Blade","Terror","Blade Dance+1","Blade Dance","Footwork","conspire:PoisonWeapons","conspire:PoisonWeapons","Backstab+1","ReplayTheSpireMod:Splinters"],"relics":["Ring of Chaos","Membership Card","Blue Doll","Divine Protection","Replay:Bottled Flurry","conspire:TopHat","Pet Ghost","WristBlade","Tough Bandages","Lantern","Ancient Tea Set","Juzu Bracelet","Peace Pipe","Tiny House","Shuriken"],"acts_visited":["TheCity","TheBeyond"],"potions_floor_usage":[42],"damage_taken":[{"damage":2.0,"enemies":"Jaw Worm","floor":1.0,"turns":9.0},{"damage":5.0,"enemies":"Small Slimes","floor":2.0,"turns":6.0},{"damage":0.0,"enemies":"2 Louse","floor":3.0,"turns":3.0},{"damage":0.0,"enemies":"Red Slaver","floor":4.0,"turns":6.0},{"damage":43.0,"enemies":"3 Sentries","floor":7.0,"turns":19.0},{"damage":0.0,"enemies":"Blue Slaver","floor":10.0,"turns":6.0},{"damage":0.0,"enemies":"Lagavulin","floor":11.0,"turns":8.0},{"damage":0.0,"enemies":"conspire:MimicChest","floor":12.0,"turns":9.0},{"damage":5.0,"enemies":"Gremlin Nob","floor":13.0,"turns":5.0},{"damage":9.0,"enemies":"Hexaghost","floor":16.0,"turns":14.0},{"damage":0.0,"enemies":"2 Thieves","floor":18.0,"turns":5.0},{"damage":7.0,"enemies":"Chosen","floor":19.0,"turns":6.0},{"damage":0.0,"enemies":"conspire:HollyBat","floor":21.0,"turns":8.0},{"damage":0.0,"enemies":"Book of Stabbing","floor":23.0,"turns":4.0},{"damage":0.0,"enemies":"Cultist and Chosen","floor":25.0,"turns":5.0},{"damage":3.0,"enemies":"Centurion and Healer","floor":27.0,"turns":4.0},{"damage":0.0,"enemies":"Gremlin Leader","floor":28.0,"turns":6.0},{"damage":0.0,"enemies":"conspire:Head Lice","floor":30.0,"turns":7.0},{"damage":20.0,"enemies":"Pondfish","floor":33.0,"turns":9.0},{"damage":0.0,"enemies":"Orb Walker","floor":35.0,"turns":2.0},{"damage":0.0,"enemies":"3 Shapes","floor":37.0,"turns":3.0},{"damage":17.0,"enemies":"Spire Growth","floor":38.0,"turns":5.0},{"damage":5.0,"enemies":"R_Hoarder","floor":40.0,"turns":8.0},{"damage":64,"enemies":"Reptomancer","floor":42,"turns":2}],"seed_played":"-7285809987294804397","potions_obtained":[{"floor":1.0,"key":"AttackPotion"},{"floor":4.0,"key":"Languid Potion"},{"floor":10.0,"key":"Swift Potion"},{"floor":11.0,"key":"Milkshake"},{"floor":16.0,"key":"Doom Potion"},{"floor":23.0,"key":"Explosive Potion"},{"floor":33.0,"key":"SteroidPotion"},{"floor":34.0,"key":"Reflective Coating"},{"floor":37.0,"key":"Strength Potion"}],"is_trial":false,"path_per_floor":["M","M","M","M","$","R","E","R","T","M","E","?","E","?","R","B",null,"M","M","$","M","$","E","R","M","T","M","E","T","E","$","R","B",null,"M","$","M","M","$","E","?","E"],"character_chosen":"THE_SILENT","items_purchased":["Membership Card","Slice+1","Master of Strategy","Hidden Blade","conspire:PoisonWeapons","Peace Pipe"],"campfire_rested":1,"item_purchase_floors":[5,20,20,20,31,31],"current_hp_per_floor":[68,63,63,63,63,63,20,41,41,41,41,41,36,36,36,27,70,70,63,63,63,63,63,63,63,63,60,60,60,60,60,60,40,75,75,75,75,58,58,53,53,0,0],"gold":332,"neow_bonus":"BOSS_RELIC","is_daily":false,"chose_seed":false,"campfire_upgraded":3,"win_rate":0.0,"timestamp":1610501261,"path_taken":["M","M","M","M","$","R","E","R","T","M","E","?","E","?","R","BOSS","M","M","$","M","$","E","R","M","T","M","E","?","E","$","R","BOSS","M","$","M","M","$","E","?","E"],"items_purchased_type":["Relic","Card","Card","Card","Card","Relic"],"build_version":"2020-12-22","purchased_purges":4,"victory":false,"max_hp_per_floor":[70,70,70,70,70,70,70,70,70,70,70,70,70,70,70,70,70,70,70,70,70,70,70,70,70,70,70,70,70,70,70,70,70,75,75,75,75,75,75,75,75,75,75],"card_choices":[{"not_picked":["Endless Agony","Slice"],"picked":"Leg Sweep","floor":1.0},{"not_picked":["Slice","Sucker Punch","Prepared"],"picked":"SKIP","floor":2.0},{"not_picked":["Deflect","Slice"],"picked":"Blur","floor":3.0},{"not_picked":["Poisoned Stab","Outmaneuver"],"picked":"Hidden Blade","floor":4.0},{"not_picked":["Flying Knee","Replay:Bag of Tricks","Quick Slash"],"picked":"SKIP","floor":7.0},{"not_picked":["All Out Attack","Toxin Wave"],"picked":"Bouncing Flask","floor":10.0},{"not_picked":["Deflect","Outmaneuver"],"picked":"Deadly Poison","floor":11.0},{"not_picked":["Slice","Draining Mist"],"picked":"Dodge and Roll","floor":12.0},{"not_picked":["Underhanded Strike","Acrobatics"],"picked":"Deadly Poison","floor":13.0},{"not_picked":["After Image","Tools of the Trade"],"picked":"Burst","floor":16.0},{"not_picked":["Eviscerate","Sucker Punch+1","Poisoned Stab"],"picked":"SKIP","floor":18.0},{"not_picked":["Leg Sweep+1","Hidden Blade"],"picked":"Blade Dance+1","floor":19.0},{"not_picked":["Bouncing Flask","ReplayTheSpireMod:Necrosis"],"picked":"Terror","floor":21.0},{"not_picked":["PiercingWail","Fluid Movement"],"picked":"Blade Dance+1","floor":23.0},{"not_picked":["Replay:Poison Smokescreen","Terror"],"picked":"Blade Dance","floor":25.0},{"not_picked":["Eviscerate+1","Dodge and Roll"],"picked":"Footwork","floor":27.0},{"not_picked":["Deadly Poison","Atom Bomb","Flying Knee"],"picked":"SKIP","floor":28.0},{"not_picked":["Hidden Blade","Prepared","Flying Knee+1"],"picked":"SKIP","floor":30.0},{"not_picked":["Hidden Blade","Outmaneuver+1"],"picked":"Backstab+1","floor":34.0},{"not_picked":["Sucker Punch+1","Underhanded Strike+1","Noxious Fumes+1"],"picked":"SKIP","floor":35.0},{"not_picked":["Dagger Throw","Hidden Blade","Toxin Wave+1"],"picked":"SKIP","floor":37.0},{"not_picked":["PiercingWail+1","Prepared","Escape Plan+1"],"picked":"SKIP","floor":38.0},{"not_picked":["Wraith Form v2","Outmaneuver","Bouncing Flask+1"],"picked":"SKIP","floor":40.0}],"player_experience":50432,"relics_obtained":[{"floor":7.0,"key":"Blue Doll"},{"floor":9.0,"key":"Divine Protection"},{"floor":11.0,"key":"Replay:Bottled Flurry"},{"floor":12.0,"key":"conspire:TopHat"},{"floor":13.0,"key":"Pet Ghost"},{"floor":23.0,"key":"Tough Bandages"},{"floor":28.0,"key":"Lantern"},{"floor":29.0,"key":"Ancient Tea Set"},{"floor":30.0,"key":"Juzu Bracelet"},{"floor":40.0,"key":"Shuriken"}],"event_choices":[{"damage_healed":0.0,"max_hp_gain":0.0,"max_hp_loss":0.0,"gold_gain":0.0,"event_name":"The Woman in Blue","player_choice":"Bought 0 Potions","floor":14.0,"gold_loss":0.0,"damage_taken":0.0}],"is_beta":false,"boss_relics":[{"not_picked":["conspire:RunicOctahedron","Busted Crown"],"picked":"WristBlade"},{"not_picked":["SlaversCollar","Runic Dome"],"picked":"Tiny House"}],"items_purged_floors":[20,22,36,39],"is_endless":false,"potions_floor_spawned":[1,4,10,11,16,23,25,33,35,37],"killed_by":"Reptomancer","ascension_level":1}}