{"host":"i317trlt96c3w9hm","time":1610527244,"event":{"mods":["2.2 Compatiblity","AchievementEnabler","BaseMod","Better Note","CapriCore","Colored Powertips","GifTheSpireLib","Highlight Path","Minty Spire (QoL Compilation)","StSLib"],"gold_per_floor":[117,117,133,149,0,30,30,40,40,40,54,87,98,131,131,230,230,218,218,293,39,53,53,68,94,94,94,104,104,124,138,138,233,233,246,246,265,265,277,277,305,320,320,320,339,358,393,41,41,41],"floor_reached":51,"language":"ZHS","playtime":3306,"items_purged":["Strike_R","Strike_R","Strike_R"],"score":776,"play_id":"904abb3a-d86e-4301-a45d-c51e0c309460","local_time":"20210113164044","is_ascension_mode":false,"campfire_choices":[{"data":"Infernal Blade","floor":7,"key":"SMITH"},{"data":"Metallicize","floor":10,"key":"SMITH"},{"data":"True Grit","floor":15,"key":"SMITH"},{"data":"Double Tap","floor":29,"key":"SMITH"},{"data":"Metallicize","floor":32,"key":"SMITH"},{"data":"Seeing Red","floor":40,"key":"SMITH"},{"data":"Dark Embrace","floor":49,"key":"SMITH"}],"circlet_count":0,"master_deck":["Defend_R","Defend_R","Defend_R","Bash","True Grit+1","Infernal Blade+1","Double Tap+1","Disarm","Metallicize+1","Spot Weakness","Fire Breathing","Metallicize+1","Disarm","Power Through","Demon Form+1","Entrench+1","Rupture","Seeing Red+1","Fire Breathing+1","Fire Breathing","Pommel Strike+1","Offering","Seeing Red+1","Heavy Blade+1","Dark Embrace+1","Shrug It Off","Pummel","Inflame"],"relics":["Burning Blood","NeowsBlessing","Dead Branch","TungstenRod","Thread and Needle","Boot","Empty Cage","Bronze Scales","Lantern","Bird Faced Urn","SacredBark","Du-Vu Doll","Shuriken","Kunai","Ancient Tea Set"],"acts_visited":["Exordium","TheCity","TheBeyond"],"potions_floor_usage":[25,50,50,50],"damage_taken":[{"damage":0,"enemies":"Jaw Worm","floor":1,"turns":1},{"damage":0,"enemies":"Cultist","floor":3,"turns":1},{"damage":0,"enemies":"2 Louse","floor":4,"turns":1},{"damage":46,"enemies":"Lagavulin","floor":6,"turns":14},{"damage":18,"enemies":"Gremlin Gang","floor":8,"turns":4},{"damage":11,"enemies":"Exordium Wildlife","floor":11,"turns":8},{"damage":17,"enemies":"3 Sentries","floor":12,"turns":6},{"damage":0,"enemies":"Large Slime","floor":13,"turns":4},{"damage":7,"enemies":"Lagavulin","floor":14,"turns":5},{"damage":15,"enemies":"The Guardian","floor":16,"turns":13},{"damage":17,"enemies":"2 Thieves","floor":18,"turns":4},{"damage":11,"enemies":"Spheric Guardian","floor":22,"turns":4},{"damage":14,"enemies":"Centurion and Healer","floor":24,"turns":12},{"damage":8,"enemies":"Book of Stabbing","floor":25,"turns":6},{"damage":24,"enemies":"Snecko","floor":28,"turns":6},{"damage":1,"enemies":"Cultist and Chosen","floor":30,"turns":5},{"damage":14,"enemies":"Shelled Parasite and Fungi","floor":31,"turns":7},{"damage":45,"enemies":"Automaton","floor":33,"turns":9},{"damage":13,"enemies":"Orb Walker","floor":35,"turns":6},{"damage":25,"enemies":"3 Darklings","floor":37,"turns":6},{"damage":24,"enemies":"4 Shapes","floor":39,"turns":5},{"damage":34,"enemies":"Nemesis","floor":41,"turns":7},{"damage":21,"enemies":"Maw","floor":42,"turns":6},{"damage":54,"enemies":"3 Darklings","floor":45,"turns":6},{"damage":14,"enemies":"4 Shapes","floor":46,"turns":5},{"damage":16,"enemies":"Giant Head","floor":47,"turns":5},{"damage":25,"enemies":"Donu and Deca","floor":50,"turns":8}],"seed_played":"-5396448819286322235","potions_obtained":[{"floor":3,"key":"CultistPotion"},{"floor":11,"key":"PowerPotion"},{"floor":14,"key":"Weak Potion"},{"floor":25,"key":"HeartOfIron"}],"is_trial":false,"path_per_floor":["M","?","M","M","$","E","R","M","T","R","M","E","M","E","R","B",null,"M","?","?","$","M","?","M","E","T","?","M","R","M","M","R","B",null,"M","?","M","?","M","R","E","M","T","?","M","M","E","$","R","B",null],"character_chosen":"IRONCLAD","items_purchased":["Metallicize","Bronze Scales","Ancient Tea Set","Inflame"],"campfire_rested":0,"item_purchase_floors":[5,21,48,48],"current_hp_per_floor":[80,80,80,80,80,40,40,28,28,28,23,12,18,17,17,8,80,69,69,62,62,57,57,49,47,47,33,29,29,46,52,52,27,85,84,84,78,78,74,74,64,65,65,58,22,30,34,34,34,41],"gold":41,"neow_bonus":"THREE_ENEMY_KILL","is_daily":false,"chose_seed":false,"campfire_upgraded":7,"win_rate":0.0,"timestamp":1610527244,"path_taken":["M","?","M","M","?","E","R","?","T","R","M","E","M","E","R","BOSS","M","?","?","$","M","?","?","E","T","?","M","R","M","M","R","BOSS","M","?","M","?","M","R","E","?","T","?","M","?","E","$","R","BOSS"],"items_purchased_type":["Card","Relic","Relic","Card"],"build_version":"2020-12-22","purchased_purges":3,"victory":true,"max_hp_per_floor":[80,80,80,80,80,80,80,80,80,80,80,80,80,80,80,80,80,80,80,80,80,80,80,80,80,80,85,85,85,85,85,85,85,85,85,85,85,85,85,85,85,85,85,85,85,85,85,85,85,85],"card_choices":[{"not_picked":["Sword Boomerang","Clash"],"picked":"True Grit","floor":1},{"not_picked":["Havoc","Armaments","Iron Wave"],"picked":"SKIP","floor":3},{"not_picked":["Thunderclap","Anger"],"picked":"Disarm","floor":4},{"not_picked":["Heavy Blade","Rampage"],"picked":"Spot Weakness","floor":6},{"not_picked":["Armaments","Evolve"],"picked":"Fire Breathing","floor":8},{"not_picked":["Flex","Hemokinesis"],"picked":"Metallicize","floor":11},{"not_picked":["Clash","Wild Strike","Bloodletting"],"picked":"SKIP","floor":12},{"not_picked":["Thunderclap","Flex"],"picked":"Disarm","floor":13},{"not_picked":["Iron Wave","Whirlwind"],"picked":"Power Through","floor":14},{"not_picked":["Exhume","Double Tap"],"picked":"Demon Form","floor":16},{"not_picked":["Armaments+1","Anger"],"picked":"Entrench+1","floor":18},{"not_picked":["Wild Strike","Iron Wave"],"picked":"Rupture","floor":22},{"not_picked":["Thunderclap","True Grit+1"],"picked":"Seeing Red+1","floor":24},{"not_picked":["Headbutt+1","Searing Blow"],"picked":"Fire Breathing+1","floor":25},{"not_picked":["Whirlwind","Clash"],"picked":"Fire Breathing","floor":28},{"not_picked":["Shrug It Off","Carnage+1"],"picked":"Pommel Strike+1","floor":30},{"not_picked":["True Grit","Havoc+1","Warcry"],"picked":"SKIP","floor":31},{"not_picked":["Exhume","Double Tap"],"picked":"Offering","floor":33},{"not_picked":["True Grit+1","Cleave"],"picked":"Seeing Red","floor":35},{"not_picked":["Clothesline","Perfected Strike+1","Anger+1"],"picked":"SKIP","floor":37},{"not_picked":["Carnage+1","Second Wind+1"],"picked":"Heavy Blade+1","floor":39},{"not_picked":["Havoc+1","Reckless Charge"],"picked":"Dark Embrace","floor":41},{"not_picked":["Searing Blow+1","True Grit"],"picked":"Shrug It Off","floor":42},{"not_picked":["Entrench+1","Heavy Blade"],"picked":"Pummel","floor":45},{"not_picked":["Second Wind","Havoc","Wild Strike+1"],"picked":"SKIP","floor":46},{"not_picked":["True Grit+1","Perfected Strike+1","Spot Weakness"],"picked":"SKIP","floor":47}],"player_experience":3529,"relics_obtained":[{"floor":6,"key":"Dead Branch"},{"floor":9,"key":"TungstenRod"},{"floor":12,"key":"Thread and Needle"},{"floor":14,"key":"Boot"},{"floor":25,"key":"Lantern"},{"floor":26,"key":"Bird Faced Urn"},{"floor":41,"key":"Du-Vu Doll"},{"floor":43,"key":"Shuriken"},{"floor":47,"key":"Kunai"}],"event_choices":[{"damage_healed":0,"gold_gain":0,"player_choice":"2 cards matched","damage_taken":0,"max_hp_gain":0,"max_hp_loss":0,"event_name":"Match and Keep!","floor":2,"gold_loss":0,"cards_obtained":["Infernal Blade","Double Tap"]},{"damage_healed":0,"gold_gain":0,"player_choice":"Forge","damage_taken":0,"max_hp_gain":0,"max_hp_loss":0,"event_name":"Accursed Blacksmith","floor":19,"gold_loss":0,"cards_upgraded":["Demon Form"]},{"damage_healed":0,"gold_gain":75,"player_choice":"Touch","damage_taken":8,"max_hp_gain":0,"max_hp_loss":0,"event_name":"FaceTrader","floor":20,"gold_loss":0},{"cards_removed":["Demon Form"],"damage_healed":0,"gold_gain":0,"player_choice":"Give","damage_taken":0,"max_hp_gain":0,"max_hp_loss":0,"event_name":"betterNote:BetterNote","floor":23,"gold_loss":0,"cards_obtained":["None"]},{"damage_healed":0,"gold_gain":0,"player_choice":"Shed Blood","damage_taken":20,"max_hp_gain":5,"max_hp_loss":0,"event_name":"Forgotten Altar","floor":27,"gold_loss":0},{"cards_removed":["Strike_R"],"damage_healed":0,"gold_gain":0,"player_choice":"Removed Attack","damage_taken":0,"max_hp_gain":0,"max_hp_loss":0,"event_name":"Falling","floor":36,"gold_loss":0},{"damage_healed":0,"gold_gain":0,"player_choice":"Bought 0 Potions","damage_taken":0,"max_hp_gain":0,"max_hp_loss":0,"event_name":"The Woman in Blue","floor":38,"gold_loss":0},{"damage_healed":0,"gold_gain":0,"player_choice":"Damaged","damage_taken":8,"max_hp_gain":0,"max_hp_loss":0,"event_name":"Wheel of Change","floor":44,"gold_loss":0}],"is_beta":false,"boss_relics":[{"not_picked":["Tiny House","Runic Dome"],"picked":"Empty Cage"},{"not_picked":["Cursed Key","Busted Crown"],"picked":"SacredBark"}],"items_purged_floors":[5,21,48],"is_endless":false,"potions_floor_spawned":[3,11,14,16,24,25,30,35,37,42,46],"ascension_level":0}}