{"host":"mai03x2ekbjy4059","time":1610503965,"event":{"mods":["2.2 Compatiblity","BaseMod","DeckTracker","Highlight Path","Keyboard Shortcuts","Minty Spire (QoL Compilation)","Permanent Neow","Quick Restart","SuperFastMode","everything is the same but u backflip on backflip"],"gold_per_floor":[117,127,127,127,140,173,173,207,207,223,252,282,282,310,310,382,382,397,397,407,427,427,456,456,473,473,235,235,249,266,266,266],"floor_reached":31,"language":"KOR","playtime":1037,"items_purged":["Decay"],"score":524,"play_id":"b8408a67-62e7-4602-8dc2-9cbf7882e903","local_time":"20210113111245","is_ascension_mode":true,"campfire_choices":[{"floor":7.0,"key":"REST"},{"floor":13.0,"key":"REST"},{"data":"Defend_P","floor":15.0,"key":"PURGE"},{"floor":24.0,"key":"REST"},{"data":"Defend_P","floor":28.0,"key":"PURGE"}],"circlet_count":0,"master_deck":["AscendersBane","Strike_P","Strike_P","Strike_P","Strike_P","Defend_P","Defend_P","Eruption+1","Vigilance","Panache+1"],"relics":["PureWater","Mango","Kunai","Frozen Egg 2","InkBottle","StrikeDummy","Peace Pipe","Cursed Key","Tiny Chest","Pantograph"],"acts_visited":["Exordium","TheCity"],"potions_floor_usage":[29],"damage_taken":[{"damage":2.0,"enemies":"Jaw Worm","floor":1.0,"turns":4.0},{"damage":0.0,"enemies":"2 Louse","floor":2.0,"turns":2.0},{"damage":0.0,"enemies":"Small Slimes","floor":5.0,"turns":4.0},{"damage":48.0,"enemies":"Lagavulin","floor":6.0,"turns":7.0},{"damage":25.0,"enemies":"3 Sentries","floor":8.0,"turns":8.0},{"damage":4.0,"enemies":"Red Slaver","floor":10.0,"turns":4.0},{"damage":6.0,"enemies":"Gremlin Nob","floor":11.0,"turns":3.0},{"damage":23.0,"enemies":"3 Sentries","floor":14.0,"turns":5.0},{"damage":18.0,"enemies":"Slime Boss","floor":16.0,"turns":8.0},{"damage":8.0,"enemies":"2 Thieves","floor":18.0,"turns":3.0},{"damage":1.0,"enemies":"3 Byrds","floor":20.0,"turns":5.0},{"damage":13.0,"enemies":"Centurion and Healer","floor":21.0,"turns":4.0},{"damage":31.0,"enemies":"Book of Stabbing","floor":23.0,"turns":3.0},{"damage":6.0,"enemies":"Chosen and Byrds","floor":25.0,"turns":7.0},{"damage":11,"enemies":"Shelled Parasite and Fungi","floor":29,"turns":3},{"damage":14,"enemies":"Snecko","floor":30,"turns":4},{"damage":14,"enemies":"Chosen and Byrds","floor":31,"turns":1}],"seed_played":"5257547674837831570","potions_obtained":[{"floor":2.0,"key":"LiquidMemories"},{"floor":6.0,"key":"Weak Potion"},{"floor":14.0,"key":"Regen Potion"},{"floor":16.0,"key":"EssenceOfSteel"},{"floor":18.0,"key":"AttackPotion"},{"floor":20.0,"key":"AttackPotion"},{"floor":21.0,"key":"Fire Potion"},{"floor":29,"key":"Dexterity Potion"}],"is_trial":false,"path_per_floor":["M","M","?","?","M","E","R","E","T","M","E","?","R","E","R","B",null,"M","?","M","M","?","E","R","M","T","$","R","M","M","M"],"character_chosen":"WATCHER","items_purchased":["Panache+1"],"campfire_rested":3,"item_purchase_floors":[27],"current_hp_per_floor":[59,59,64,73,73,25,51,26,26,22,16,16,42,19,19,16,69,61,61,60,47,42,11,37,31,31,31,31,20,6,0,0],"gold":266,"neow_bonus":"UPGRADE_CARD","is_daily":false,"chose_seed":false,"campfire_upgraded":0,"win_rate":0.0,"timestamp":1610503965,"path_taken":["M","M","?","?","M","E","R","E","T","M","E","?","R","E","R","BOSS","M","?","M","M","?","E","R","?","T","$","R","M","?","M"],"items_purchased_type":["Card"],"build_version":"2020-12-22","purchased_purges":1,"victory":false,"max_hp_per_floor":[68,68,73,87,87,87,87,87,87,87,87,87,87,87,87,87,87,87,87,87,87,87,87,87,87,87,87,87,87,87,87,87],"card_choices":[{"not_picked":["CrushJoints","ClearTheMind","Indignation"],"picked":"SKIP","floor":1.0},{"not_picked":["PathToVictory","JustLucky","CrushJoints"],"picked":"SKIP","floor":2.0},{"not_picked":["Protect","FlyingSleeves","Tantrum"],"picked":"SKIP","floor":5.0},{"not_picked":["Wireheading","ForeignInfluence","JustLucky"],"picked":"SKIP","floor":6.0},{"not_picked":["Pray","CutThroughFate","ClearTheMind"],"picked":"SKIP","floor":8.0},{"not_picked":["PathToVictory","ThirdEye","TalkToTheHand"],"picked":"SKIP","floor":10.0},{"not_picked":["Crescendo","DeceiveReality","Weave"],"picked":"SKIP","floor":11.0},{"not_picked":["Evaluate","CutThroughFate","Protect"],"picked":"SKIP","floor":14.0},{"not_picked":["FlyingSleeves","CutThroughFate","ClearTheMind"],"picked":"SKIP","floor":18.0},{"not_picked":["Tantrum","EmptyFist","Study+1"],"picked":"SKIP","floor":20.0},{"not_picked":["WindmillStrike","EmptyMind","SashWhip"],"picked":"SKIP","floor":21.0},{"not_picked":["FollowUp","Study+1","Vault"],"picked":"SKIP","floor":23.0},{"not_picked":["Sanctity","FollowUp","Halt+1"],"picked":"SKIP","floor":25.0},{"not_picked":["Study+1","Swivel","Tantrum"],"picked":"SKIP","floor":29},{"not_picked":["ClearTheMind","Collect","JustLucky"],"picked":"SKIP","floor":30}],"player_experience":1074114,"relics_obtained":[{"floor":6.0,"key":"Kunai"},{"floor":8.0,"key":"Frozen Egg 2"},{"floor":9.0,"key":"InkBottle"},{"floor":11.0,"key":"StrikeDummy"},{"floor":14.0,"key":"Peace Pipe"},{"floor":23.0,"key":"Tiny Chest"},{"floor":26.0,"key":"Pantograph"}],"event_choices":[{"damage_healed":0.0,"max_hp_gain":5.0,"max_hp_loss":0.0,"gold_gain":0.0,"event_name":"Big Fish","player_choice":"Donut","floor":3.0,"gold_loss":0.0,"damage_taken":0.0},{"damage_healed":0.0,"max_hp_gain":0.0,"max_hp_loss":0.0,"gold_gain":0.0,"event_name":"Scrap Ooze","player_choice":"Success","floor":4.0,"gold_loss":0.0,"damage_taken":5.0,"relics_obtained":["Mango"]},{"damage_healed":0.0,"max_hp_gain":0.0,"max_hp_loss":0.0,"gold_gain":30.0,"event_name":"Dead Adventurer","player_choice":"Searched \u00272\u0027 times","floor":12.0,"gold_loss":0.0,"damage_taken":0.0},{"damage_healed":0.0,"max_hp_gain":0.0,"max_hp_loss":0.0,"gold_gain":0.0,"event_name":"Cursed Tome","player_choice":"Ignored","floor":19.0,"gold_loss":0.0,"damage_taken":0.0},{"damage_healed":0.0,"max_hp_gain":0.0,"max_hp_loss":0.0,"gold_gain":0.0,"event_name":"The Woman in Blue","player_choice":"Bought 0 Potions","floor":22.0,"gold_loss":0.0,"damage_taken":0.0}],"is_beta":false,"boss_relics":[{"not_picked":["Calling Bell","Velvet Choker"],"picked":"Cursed Key"}],"items_purged_floors":[27],"is_endless":false,"potions_floor_spawned":[2,6,14,16,18,20,21,29],"killed_by":"Chosen and Byrds","ascension_level":15}}