{"host":"dhr6iszse2qz12e2","time":1610539109,"event":{"mods":["100% Spire Juice","2.2 Compatiblity","A Magickal Journey","Act Like it!","BaseMod","Bestiary","Better Note","BetterRewards","Colored Map","Downfall","Gensokyo","Hermit","Hubris","Infinite Spire","Marisa????????","Minty Spire (QoL Compilation)","Permanent Neow","Quick Restart","Reimu??????","Replay The Spire","Shop Mod","StSLib","Td1madao Mod","The Administrix","The Animator","The Bug Knight","The Cursed","The Gatherer","The Hierophant","The IronCluck","The Jungle","The Servant 0.9.4","everything is the same but u backflip on backflip","slay the spire mod where everything is the same but ironclad has a cowboy hat","??????REMEMod"],"gold_per_floor":[115,40,50,62,73,103,103,118,118,131,31,49,49,14,14,14,14],"floor_reached":16,"language":"ENG","playtime":557,"items_purged":["hermit:Strike_Hermit","hermit:Defend_Hermit"],"score":104,"play_id":"e8c9d9e4-7e38-4679-b13e-0039ba821b2e","local_time":"20210113135829","is_ascension_mode":false,"campfire_choices":[{"floor":7.0,"key":"RECALL"},{"floor":15,"key":"REST"}],"circlet_count":0,"master_deck":["hermit:Strike_Hermit","hermit:Strike_Hermit","hermit:Strike_Hermit","hermit:Defend_Hermit","hermit:Defend_Hermit","hermit:Snapshot","hermit:Covet"],"relics":["hermit:Momento","REME_ComplimentaryCards","REME_HandOfSuture"],"acts_visited":["Exordium"],"potions_floor_usage":[12],"damage_taken":[{"damage":1.0,"enemies":"Cultist","floor":1.0,"turns":3.0},{"damage":6.0,"enemies":"Jaw Worm","floor":3.0,"turns":2.0},{"damage":0.0,"enemies":"Small Slimes","floor":4.0,"turns":2.0},{"damage":5.0,"enemies":"Looter","floor":5.0,"turns":3.0},{"damage":46.0,"enemies":"3 Sentries","floor":6.0,"turns":11.0},{"damage":12.0,"enemies":"Large Slime","floor":8.0,"turns":5.0},{"damage":0.0,"enemies":"Exordium Wildlife","floor":10.0,"turns":1.0},{"damage":4,"enemies":"Gremlin Gang","floor":12,"turns":5},{"damage":41,"enemies":"Slime Boss","floor":16,"turns":7}],"seed_played":"-4213450691865802458","potions_obtained":[{"floor":3.0,"key":"hermit:Eclipse"},{"floor":5.0,"key":"Elixir"},{"floor":10.0,"key":"SteroidPotion"}],"is_trial":false,"path_per_floor":["M","$","M","M","M","E","R","M","T","M","$","M","$","?","R","B"],"character_chosen":"HERMIT","items_purchased":[],"campfire_rested":1,"item_purchase_floors":[],"current_hp_per_floor":[74,74,68,68,63,17,17,5,5,5,5,1,1,19,41,0,0],"gold":14,"neow_bonus":"RANDOM_EVENT","is_daily":false,"chose_seed":false,"campfire_upgraded":0,"win_rate":0.0,"timestamp":1610539109,"path_taken":["M","$","M","M","M","E","R","M","T","M","?","M","$","?","R","BOSS"],"items_purchased_type":[],"build_version":"2020-12-22","purchased_purges":2,"victory":false,"max_hp_per_floor":[75,75,75,75,75,75,75,75,75,75,75,75,75,75,75,75,75],"card_choices":[{"not_picked":["hermit:Desperado","hermit:NoHoldsBarred","hermit:Brawl"],"picked":"SKIP","floor":1.0},{"not_picked":["hermit:Vantage","hermit:Quickdraw","hermit:SprayPray"],"picked":"SKIP","floor":3.0},{"not_picked":["hermit:Virtue","hermit:DeadMansHand","hermit:Headshot"],"picked":"SKIP","floor":4.0},{"not_picked":["hermit:SprayPray","hermit:FatalDesire","hermit:Roulette"],"picked":"SKIP","floor":5.0},{"not_picked":["hermit:Brawl","hermit:Feint","hermit:HoleUp"],"picked":"SKIP","floor":6.0},{"not_picked":["hermit:Dive","hermit:Quickdraw","hermit:BodyArmor"],"picked":"SKIP","floor":8.0},{"not_picked":["hermit:Dive","hermit:Quickdraw","hermit:BodyArmor"],"picked":"SKIP","floor":8.0},{"not_picked":["hermit:Quickdraw","hermit:TrackingShot","hermit:DeadMansHand"],"picked":"SKIP","floor":10.0},{"not_picked":["hermit:Malice","hermit:Desperado","hermit:Vantage"],"picked":"SKIP","floor":12}],"player_experience":471769,"relics_obtained":[{"floor":6.0,"key":"REME_HandOfSuture"}],"event_choices":[{"cards_removed":["hermit:Defend_Hermit"],"damage_healed":0.0,"max_hp_gain":0.0,"max_hp_loss":0.0,"gold_gain":0.0,"event_name":"Living Wall","player_choice":"Forget","floor":0.0,"gold_loss":0.0,"damage_taken":0.0},{"damage_healed":18,"gold_gain":0,"player_choice":"Healed","damage_taken":0,"max_hp_gain":0,"max_hp_loss":0,"event_name":"The Cleric","floor":14,"gold_loss":35}],"is_beta":false,"boss_relics":[],"items_purged_floors":[2,11],"is_endless":false,"potions_floor_spawned":[3,5,10],"killed_by":"Slime Boss","ascension_level":0}}