{"host":"vyjryxuuuxkt43k4","time":1610528162,"event":{"mods":["BaseMod","Colored Map","DeckTracker","Minty Spire (QoL Compilation)","Permanent Neow","Quick Restart","StSLib","SuperFastMode","everything is the same but u backflip on backflip"],"gold_per_floor":[118,132,45,59,59,93,93,123,123,223,239,239,269,280,280,376,376,390,315,334,350,265,295,314,314,314,333,348,358,98,109,109,213,213,225,274,56,56,66,66,98,108,135,135,135,135,10,43,43,43,43,43,43,75,75],"floor_reached":56,"language":"KOR","playtime":6629,"items_purged":["Strike_R","Strike_R","Armaments+1"],"score":1418,"play_id":"1c557533-e15e-4f7d-b44b-eb48bd813cf0","local_time":"20210113175602","is_ascension_mode":true,"campfire_choices":[{"floor":7.0,"key":"REST"},{"data":"Inflame","floor":12.0,"key":"SMITH"},{"data":"Shockwave","floor":15.0,"key":"SMITH"},{"data":"Limit Break","floor":25.0,"key":"SMITH"},{"data":"Evolve","floor":32.0,"key":"SMITH"},{"data":"Apotheosis","floor":40.0,"key":"SMITH"},{"floor":44.0,"key":"RECALL"},{"floor":46.0,"key":"REST"},{"data":"Feel No Pain","floor":49.0,"key":"SMITH"},{"data":"Offering","floor":52.0,"key":"SMITH"}],"circlet_count":0,"master_deck":["Strike_R","Strike_R","Strike_R","Defend_R","Defend_R","Defend_R","Bash","Feed","Anger","Inflame+1","Fire Breathing","Feel No Pain+1","Thunderclap","Shockwave+1","Heavy Blade","Bludgeon","Limit Break+1","Cleave+1","Reaper","Heavy Blade+1","True Grit+1","Battle Trance","Evolve+1","Shrug It Off","Double Tap","Apotheosis+1","Havoc","Madness","Madness","Headbutt+1","Offering+1","Second Wind+1"],"relics":["Burning Blood","HornCleat","Meat on the Bone","Thread and Needle","Bottled Lightning","Pen Nib","Snecko Eye","Bronze Scales","Question Card","Sozu","Charon\u0027s Ashes","FossilizedHelix","Bag of Preparation","Gambling Chip","Kunai"],"acts_visited":["TheCity","TheBeyond","TheEnding"],"potions_floor_usage":[],"damage_taken":[{"damage":7.0,"enemies":"2 Louse","floor":1.0,"turns":3.0},{"damage":5.0,"enemies":"Cultist","floor":2.0,"turns":4.0},{"damage":7.0,"enemies":"Small Slimes","floor":4.0,"turns":5.0},{"damage":60.0,"enemies":"Gremlin Nob","floor":6.0,"turns":7.0},{"damage":10.0,"enemies":"3 Sentries","floor":8.0,"turns":5.0},{"damage":2.0,"enemies":"Blue Slaver","floor":11.0,"turns":4.0},{"damage":5.0,"enemies":"Gremlin Nob","floor":13.0,"turns":4.0},{"damage":15.0,"enemies":"Large Slime","floor":14.0,"turns":6.0},{"damage":22.0,"enemies":"Slime Boss","floor":16.0,"turns":9.0},{"damage":3.0,"enemies":"Chosen","floor":18.0,"turns":5.0},{"damage":0.0,"enemies":"Shell Parasite","floor":20.0,"turns":3.0},{"damage":0.0,"enemies":"Shelled Parasite and Fungi","floor":21.0,"turns":3.0},{"damage":10.0,"enemies":"Slavers","floor":23.0,"turns":4.0},{"damage":9.0,"enemies":"Snake Plant","floor":24.0,"turns":3.0},{"damage":2.0,"enemies":"Centurion and Healer","floor":27.0,"turns":4.0},{"damage":5.0,"enemies":"Cultist and Chosen","floor":28.0,"turns":4.0},{"damage":0.0,"enemies":"3 Cultists","floor":29.0,"turns":2.0},{"damage":44.0,"enemies":"Shelled Parasite and Fungi","floor":31.0,"turns":6.0},{"damage":56.0,"enemies":"Collector","floor":33.0,"turns":8.0},{"damage":12.0,"enemies":"3 Shapes","floor":35.0,"turns":3.0},{"damage":7.0,"enemies":"2 Orb Walkers","floor":36.0,"turns":4.0},{"damage":0.0,"enemies":"3 Darklings","floor":39.0,"turns":3.0},{"damage":18.0,"enemies":"Giant Head","floor":41.0,"turns":7.0},{"damage":76.0,"enemies":"Transient","floor":42.0,"turns":5.0},{"damage":0.0,"enemies":"Nemesis","floor":48.0,"turns":3.0},{"damage":47.0,"enemies":"Donu and Deca","floor":50.0,"turns":7.0},{"damage":30.0,"enemies":"Shield and Spear","floor":54.0,"turns":3.0},{"damage":111,"enemies":"The Heart","floor":55,"turns":7}],"seed_played":"4688241065017237664","potions_obtained":[{"floor":1.0,"key":"EssenceOfSteel"},{"floor":4.0,"key":"FearPotion"},{"floor":11.0,"key":"Block Potion"},{"floor":13.0,"key":"Block Potion"},{"floor":16.0,"key":"SkillPotion"},{"floor":18.0,"key":"ElixirPotion"},{"floor":20.0,"key":"SpeedPotion"},{"floor":23.0,"key":"Ancient Potion"},{"floor":24.0,"key":"Fruit Juice"},{"floor":33.0,"key":"Swift Potion"}],"is_trial":false,"path_per_floor":["M","M","$","M","?","E","R","E","T","?","M","R","E","M","R","B",null,"M","$","M","M","?","E","M","R","T","M","M","M","$","M","R","B",null,"M","?","$","?","M","R","E","M","T","R","?","R","$","E","R","B",null,"R","$","E","B",null],"character_chosen":"IRONCLAD","items_purchased":["Fire Breathing","Fire Potion","Battle Trance","Evolve","Apotheosis","Havoc"],"campfire_rested":2,"item_purchase_floors":[3,3,30,30,37,37],"current_hp_per_floor":[82,86,86,88,70,19,46,57,57,57,64,64,68,62,62,58,104,107,107,110,113,113,112,109,109,109,116,117,119,119,81,81,71,124,121,123,123,107,113,113,111,64,64,64,64,103,103,116,116,76,130,130,130,134,66],"gold":75,"neow_bonus":"ONE_RANDOM_RARE_CARD","is_daily":false,"chose_seed":false,"campfire_upgraded":7,"win_rate":0.0,"timestamp":1610528162,"path_taken":["M","M","$","M","?","E","R","E","T","?","M","R","E","?","R","BOSS","M","$","M","M","?","E","M","R","T","M","M","M","$","M","R","BOSS","M","?","$","?","M","R","E","M","T","R","?","R","?","E","R","BOSS","R","$","E","BOSS"],"items_purchased_type":["Card","Potion","Card","Card","Card","Card"],"build_version":"2020-12-22","purchased_purges":3,"victory":true,"max_hp_per_floor":[83,86,86,89,89,92,92,95,95,95,98,98,101,104,104,104,104,107,107,110,113,113,116,116,116,116,119,119,119,119,119,119,124,124,127,130,130,130,130,130,130,130,130,130,130,130,130,130,130,130,130,130,130,134,134],"card_choices":[{"not_picked":["Second Wind","Body Slam"],"picked":"Anger","floor":1.0},{"not_picked":["Sword Boomerang","Clash"],"picked":"Inflame","floor":2.0},{"not_picked":["Hemokinesis","Armaments"],"picked":"Feel No Pain","floor":4.0},{"not_picked":["Rampage","Havoc"],"picked":"Thunderclap","floor":6.0},{"not_picked":["Ghostly Armor","Perfected Strike"],"picked":"Shockwave","floor":8.0},{"not_picked":["Perfected Strike","Rupture"],"picked":"Heavy Blade","floor":11.0},{"not_picked":["Burning Pact","Feel No Pain","Clothesline"],"picked":"SKIP","floor":13.0},{"not_picked":["Warcry","Anger"],"picked":"Bludgeon","floor":14.0},{"not_picked":["Feed","Corruption"],"picked":"Limit Break","floor":16.0},{"not_picked":["Clash+1","Clothesline+1","Thunderclap"],"picked":"SKIP","floor":18.0},{"not_picked":["Pummel","Feel No Pain"],"picked":"Cleave+1","floor":20.0},{"not_picked":["Combust","Blood for Blood","Anger"],"picked":"SKIP","floor":21.0},{"not_picked":["Inflame","Clothesline","Fire Breathing"],"picked":"SKIP","floor":23.0},{"not_picked":["Cleave","Evolve","Iron Wave+1"],"picked":"Reaper","floor":24.0},{"not_picked":["Iron Wave","Heavy Blade","Anger","Clash"],"picked":"SKIP","floor":27.0},{"not_picked":["Body Slam+1","Pommel Strike","Armaments"],"picked":"Heavy Blade+1","floor":28.0},{"not_picked":["Combust","Carnage","Seeing Red"],"picked":"True Grit+1","floor":29.0},{"not_picked":["Reaper","Headbutt","True Grit"],"picked":"Shrug It Off","floor":31.0},{"not_picked":["Brutality","Immolate","Barricade"],"picked":"Double Tap","floor":33.0},{"not_picked":["Thunderclap+1","Pommel Strike","True Grit+1"],"picked":"Armaments+1","floor":35.0},{"not_picked":["Sword Boomerang+1","Reckless Charge","Thunderclap+1"],"picked":"Headbutt+1","floor":39.0},{"not_picked":["Clothesline","Wild Strike","Shockwave"],"picked":"Offering","floor":41.0},{"not_picked":["Burning Pact+1","Metallicize","Dropkick+1","Anger+1"],"picked":"SKIP","floor":42.0},{"not_picked":["Thunderclap+1","Headbutt+1","Cleave"],"picked":"Second Wind+1","floor":48.0},{"not_picked":["Rampage+1","Havoc+1","Fire Breathing+1","Wild Strike"],"picked":"SKIP","floor":54.0}],"player_experience":238162,"relics_obtained":[{"floor":6.0,"key":"Meat on the Bone"},{"floor":8.0,"key":"Thread and Needle"},{"floor":9.0,"key":"Bottled Lightning"},{"floor":13.0,"key":"Pen Nib"},{"floor":23.0,"key":"Question Card"},{"floor":36.0,"key":"Charon\u0027s Ashes"},{"floor":41.0,"key":"FossilizedHelix"},{"floor":43.0,"key":"Bag of Preparation"},{"floor":48.0,"key":"Gambling Chip"},{"floor":54.0,"key":"Kunai"}],"event_choices":[{"damage_healed":0.0,"max_hp_gain":0.0,"max_hp_loss":0.0,"gold_gain":0.0,"event_name":"Scrap Ooze","player_choice":"Success","floor":5.0,"gold_loss":0.0,"damage_taken":18.0,"relics_obtained":["HornCleat"]},{"damage_healed":0.0,"max_hp_gain":0.0,"max_hp_loss":0.0,"gold_gain":100.0,"event_name":"Golden Shrine","player_choice":"Pray","floor":10.0,"gold_loss":0.0,"damage_taken":0.0},{"damage_healed":0.0,"max_hp_gain":0.0,"max_hp_loss":0.0,"gold_gain":0.0,"event_name":"Addict","player_choice":"Obtained Relic","floor":22.0,"gold_loss":85.0,"damage_taken":0.0,"relics_obtained":["Bronze Scales"]},{"damage_healed":0.0,"max_hp_gain":0.0,"max_hp_loss":0.0,"gold_gain":0.0,"event_name":"Mysterious Sphere","player_choice":"Fight","floor":36.0,"gold_loss":0.0,"damage_taken":0.0},{"damage_healed":0.0,"max_hp_gain":0.0,"max_hp_loss":0.0,"gold_gain":0.0,"event_name":"Winding Halls","player_choice":"Embrace Madness","floor":38.0,"gold_loss":0.0,"damage_taken":16.0,"cards_obtained":["Madness","Madness"]},{"cards_removed":["Defend_R"],"damage_healed":0.0,"max_hp_gain":0.0,"max_hp_loss":0.0,"gold_gain":0.0,"event_name":"Falling","player_choice":"Removed Skill","floor":45.0,"gold_loss":0.0,"damage_taken":0.0}],"is_beta":false,"boss_relics":[{"not_picked":["Runic Cube","Velvet Choker"],"picked":"Snecko Eye"},{"not_picked":["Astrolabe","Black Star"],"picked":"Sozu"}],"items_purged_floors":[19,30,47],"is_endless":false,"potions_floor_spawned":[1,4,11,13,16,18,20,23,24,33,36,39,42,54],"ascension_level":3}}