{"host":"v79nb9qnzs8cga96","time":1610570091,"event":{"mods":["2.2 Compatiblity","Ascension Reborn","Aspiration","Bard","BaseMod","Beaked The Cultist","Better Note","Block Reminder","Custom Start","GifTheSpireLib","Marked Mod","Minty Spire (QoL Compilation)","Quarter Circle Forward PUNCH!","SacredBarkPlus","Small Relic Pack","StSLib","Stuff the Spire","The Bladedancer","The Cursed","The Forsaken","The Necromancer","The Poker Player","The Runesmith","The Saiyan","The Showman","The Spell Scribe","TheFirefly","vexMod"],"gold_per_floor":[111,129,143,158,178,178,205,205,287,305,324,343,372,372,372,474,474,487,487,502,502,502,502],"floor_reached":22,"language":"ENG","playtime":2295,"items_purged":[],"score":250,"play_id":"2b79ab34-f204-4d6f-a114-6db36437dd36","local_time":"20210113223451","is_ascension_mode":true,"campfire_choices":[{"floor":6.0,"key":"REST"},{"data":"theScribe:Focused","floor":8.0,"key":"SMITH"},{"floor":15.0,"key":"REST"}],"circlet_count":0,"master_deck":["theScribe:StarterAttack","theScribe:StarterAttack","theScribe:LightningStrike","theScribe:LightningStrike","theScribe:StarterDefend","theScribe:StarterDefend","theScribe:StarterDefend","theScribe:IcyDefend","theScribe:IcyDefend","theScribe:StarterModifier","theScribe:Frost","theScribe:TelumSpellstone","theScribe:AmplifyingSpellstone","theScribe:Focused+1","theScribe:LightningBlade","theScribe:RecurringRime","theScribe:Focused","theScribe:WordsOfPower","theScribe:FocusedBolt","Injury","theScribe:FocusedBolt","theScribe:MirrorImage+1","StuffTheSpire:CuriosityCurse"],"relics":["theScribe:StarterRelic1","StuffTheSpire:NeowsTribute","qcfpunch:Wild_Herbs_Ointment","StuffTheSpire:MayFlowers","Toxic Egg 2","Black Star","theForsaken:Gavel"],"acts_visited":["Exordium","TheCity"],"potions_floor_usage":[],"damage_taken":[{"damage":16.0,"enemies":"Cultist","floor":1.0,"turns":6.0},{"damage":5.0,"enemies":"Small Slimes","floor":2.0,"turns":5.0},{"damage":1.0,"enemies":"Jaw Worm","floor":3.0,"turns":4.0},{"damage":4.0,"enemies":"Exordium Wildlife","floor":4.0,"turns":7.0},{"damage":29.0,"enemies":"Lots of Slimes","floor":5.0,"turns":11.0},{"damage":13.0,"enemies":"Lagavulin","floor":7.0,"turns":5.0},{"damage":0.0,"enemies":"Large Slime","floor":10.0,"turns":5.0},{"damage":4.0,"enemies":"Blue Slaver","floor":11.0,"turns":6.0},{"damage":3.0,"enemies":"2 Fungi Beasts","floor":12.0,"turns":6.0},{"damage":6.0,"enemies":"Gremlin Nob","floor":13.0,"turns":3.0},{"damage":34.0,"enemies":"The Guardian","floor":16.0,"turns":13.0},{"damage":49.0,"enemies":"3 Byrds","floor":18.0,"turns":7.0},{"damage":11.0,"enemies":"2 Thieves","floor":20.0,"turns":5.0},{"damage":44,"enemies":"Centurion and Healer","floor":22,"turns":8}],"seed_played":"8803312512957965768","potions_obtained":[{"floor":1.0,"key":"Swift Potion"},{"floor":4.0,"key":"DistilledChaos"},{"floor":12.0,"key":"BlessingOfTheForge"},{"floor":16.0,"key":"Fire Potion"},{"floor":18.0,"key":"Weak Potion"}],"is_trial":false,"path_per_floor":["M","M","M","M","M","R","E","R","T","M","M","M","E","?","R","B",null,"M","?","M","?","M"],"character_chosen":"THE_SCRIBE","items_purchased":[],"campfire_rested":2,"item_purchase_floors":[],"current_hp_per_floor":[66,61,60,56,27,51,38,38,38,38,34,31,25,25,49,25,86,46,46,35,35,0,0],"gold":502,"neow_bonus":"TEN_PERCENT_HP_BONUS","is_daily":false,"chose_seed":false,"campfire_upgraded":1,"win_rate":0.0,"timestamp":1610570091,"path_taken":["M","M","M","M","?","R","E","R","T","?","M","M","E","?","R","BOSS","M","?","?","?","M"],"items_purchased_type":[],"build_version":"2020-12-22","purchased_purges":0,"victory":false,"max_hp_per_floor":[82,82,82,82,82,82,82,82,82,82,82,82,82,82,82,86,86,90,90,90,90,90,90],"card_choices":[{"not_picked":["theScribe:Clarity","theScribe:ToxicSpellstone"],"picked":"theScribe:Frost","floor":1.0},{"not_picked":["theScribe:IcicleBlast","theScribe:Incendio"],"picked":"theScribe:TelumSpellstone","floor":2.0},{"not_picked":["theScribe:GatherComponents","theScribe:WeirdToxin"],"picked":"theScribe:AmplifyingSpellstone","floor":3.0},{"not_picked":["theScribe:ArcaneBarrier","theScribe:ScrollOfChaining"],"picked":"theScribe:Focused","floor":4.0},{"not_picked":["theScribe:FlowLikeWater","theScribe:AmplifyingSpellstone"],"picked":"theScribe:LightningBlade","floor":5.0},{"not_picked":["theScribe:Thunder","theScribe:AmplifyingSpellstone"],"picked":"theScribe:RecurringRime","floor":7.0},{"not_picked":["theScribe:ToxicSpellstone","theScribe:Frost"],"picked":"theScribe:Focused","floor":10.0},{"not_picked":["theScribe:BluntWeapons","theScribe:GatherComponents","theScribe:InvigoratingStrike"],"picked":"SKIP","floor":11.0},{"not_picked":["theScribe:WeirdBlast","theScribe:BluntWeapons"],"picked":"theScribe:WordsOfPower","floor":12.0},{"not_picked":["theScribe:Insight","theScribe:FranticSearch"],"picked":"theScribe:FocusedBolt","floor":13.0},{"not_picked":["theScribe:Overexert+1","theScribe:Conflagrate"],"picked":"theScribe:FocusedBolt","floor":16.0},{"not_picked":["theScribe:AmplifyingSpellstone+1","theScribe:ToxicSpellstone+1"],"picked":"theScribe:MirrorImage+1","floor":18.0},{"not_picked":["theScribe:GatherComponents+1","theScribe:SanguineSurge","theScribe:Overcharge"],"picked":"SKIP","floor":20.0}],"player_experience":468367,"relics_obtained":[{"floor":7.0,"key":"StuffTheSpire:NeowsTribute"},{"floor":9.0,"key":"qcfpunch:Wild_Herbs_Ointment"},{"floor":13.0,"key":"StuffTheSpire:MayFlowers"}],"event_choices":[{"damage_healed":0.0,"max_hp_gain":0.0,"max_hp_loss":0.0,"gold_gain":0.0,"event_name":"betterNote:BetterNote","player_choice":"Ignored","floor":19.0,"gold_loss":0.0,"damage_taken":0.0,"cards_obtained":["Wish"]}],"is_beta":false,"boss_relics":[{"not_picked":["Astrolabe","Tiny House"],"picked":"Black Star"}],"items_purged_floors":[],"is_endless":false,"potions_floor_spawned":[1,4,12,13,16,18],"killed_by":"Centurion and Healer","ascension_level":0}}