{"host":"d6c1my71jrq4jqot","time":1610536073,"event":{"mods":["AchievementEnabler","BaseMod","Colored Powertips","Minty Spire (QoL Compilation)","Relic Stats","Slay the Relics Exporter"],"gold_per_floor":[116,116,133,150,150,150,179,197,197,197,230,65,84,97,97,174,174,190,190,224,240,39,68,68,68,68,68,82,93,93,93,93,93,93],"floor_reached":33,"language":"ENG","playtime":1462,"items_purged":[],"score":495,"play_id":"92d29ae7-00e4-40d7-ad00-99c2facd477c","local_time":"20210113090753","is_ascension_mode":true,"campfire_choices":[{"data":"Riddle With Holes","floor":6,"key":"SMITH"},{"data":"Predator","floor":10,"key":"SMITH"},{"floor":15,"key":"REST"},{"floor":24,"key":"REST"},{"floor":30,"key":"REST"},{"data":"Adrenaline","floor":32,"key":"SMITH"}],"circlet_count":0,"master_deck":["AscendersBane","Strike_G+1","Strike_G","Defend_G","Defend_G","Defend_G","Defend_G","Defend_G","Survivor","Neutralize","Poisoned Stab+1","Wraith Form v2+1","Riddle With Holes+1","Poisoned Stab+1","Predator+1","Malaise","Die Die Die","Bouncing Flask+1","After Image","Adrenaline+1","Calculated Gamble","Terror","Crippling Poison","Wraith Form v2+1","Blur","Noxious Fumes+1","Ghostly","Ghostly","Ghostly"],"relics":["Ring of the Snake","Anchor","Nunchaku","Question Card","Ginger","Vajra","SacredBark","Red Mask","Sling","Letter Opener","Whetstone","Eternal Feather"],"acts_visited":["Exordium","TheCity"],"potions_floor_usage":[7,16,16,18,18,20,23,29,33],"damage_taken":[{"damage":1,"enemies":"Cultist","floor":1,"turns":5},{"damage":2,"enemies":"Jaw Worm","floor":3,"turns":3},{"damage":0,"enemies":"2 Louse","floor":4,"turns":2},{"damage":11,"enemies":"3 Sentries","floor":7,"turns":9},{"damage":0,"enemies":"Looter","floor":8,"turns":2},{"damage":12,"enemies":"Gremlin Nob","floor":11,"turns":3},{"damage":0,"enemies":"Blue Slaver","floor":13,"turns":3},{"damage":0,"enemies":"Large Slime","floor":14,"turns":4},{"damage":17,"enemies":"Slime Boss","floor":16,"turns":11},{"damage":21,"enemies":"2 Thieves","floor":18,"turns":4},{"damage":12,"enemies":"Masked Bandits","floor":20,"turns":3},{"damage":6,"enemies":"Spheric Guardian","floor":21,"turns":3},{"damage":8,"enemies":"Slavers","floor":23,"turns":5},{"damage":3,"enemies":"Snake Plant","floor":28,"turns":4},{"damage":21,"enemies":"Centurion and Healer","floor":29,"turns":10},{"damage":56,"enemies":"Champ","floor":33,"turns":8}],"seed_played":"3284453733186153475","potions_obtained":[{"floor":1,"key":"DistilledChaos"},{"floor":8,"key":"EssenceOfSteel"},{"floor":11,"key":"SpeedPotion"},{"floor":16,"key":"EntropicBrew"},{"floor":18,"key":"Strength Potion"},{"floor":20,"key":"Poison Potion"},{"floor":28,"key":"Dexterity Potion"}],"is_trial":false,"path_per_floor":["M","?","M","M","?","R","E","M","T","R","E","$","M","M","R","B",null,"M","?","?","M","$","E","R","T","T","?","M","M","R","?","R","B"],"character_chosen":"THE_SILENT","items_purchased":["Vajra","Sling","Crippling Poison"],"campfire_rested":3,"item_purchase_floors":[12,22,22],"current_hp_per_floor":[58,58,56,56,36,36,25,25,25,25,13,13,13,13,32,15,53,32,32,20,14,14,6,25,25,25,25,22,1,35,33,33,0,0],"gold":93,"neow_bonus":"RANDOM_COMMON_RELIC","is_daily":false,"chose_seed":false,"campfire_upgraded":3,"win_rate":0.0,"timestamp":1610536073,"path_taken":["M","?","M","?","?","R","E","M","T","R","E","$","M","M","R","BOSS","M","?","?","M","$","E","R","?","T","?","M","?","R","?","R","BOSS"],"items_purchased_type":["Relic","Relic","Card"],"build_version":"2020-12-22","purchased_purges":0,"victory":false,"max_hp_per_floor":[66,66,66,66,66,66,66,66,66,66,66,66,66,66,66,66,66,66,66,66,66,66,66,66,66,66,66,66,66,66,33,33,33,33],"relic_stats":{"Nunchaku":[9],"counters":[16,79],"Eternal Feather":15,"Ginger":[11],"Letter Opener":[15],"Whetstone":["Poisoned Stab","Poisoned Stab"],"Question Card":10,"obtain_stats":[{"Anchor":0,"Nunchaku":7,"SacredBark":17,"Vajra":12,"Eternal Feather":26,"Red Mask":20,"Ginger":11,"Letter Opener":23,"Whetstone":25,"Question Card":9,"Sling":22,"Ring of the Snake":0},{"Anchor":0,"Nunchaku":4,"SacredBark":9,"Vajra":6,"Eternal Feather":13,"Red Mask":11,"Ginger":6,"Letter Opener":13,"Whetstone":13,"Question Card":5,"Sling":12,"Ring of the Snake":0},{"Anchor":0,"Nunchaku":19,"SacredBark":42,"Vajra":24,"Eternal Feather":57,"Red Mask":49,"Ginger":24,"Letter Opener":57,"Whetstone":57,"Question Card":21,"Sling":52,"Ring of the Snake":0}],"Ring of the Snake":[32]},"card_choices":[{"not_picked":["Blur","Expertise"],"picked":"Poisoned Stab","floor":1},{"not_picked":["Caltrops","Underhanded Strike"],"picked":"Riddle With Holes","floor":3},{"not_picked":["Prepared","Skewer"],"picked":"Poisoned Stab","floor":4},{"not_picked":["Dodge and Roll","Underhanded Strike"],"picked":"Predator","floor":7},{"not_picked":["Predator","Endless Agony"],"picked":"Malaise","floor":8},{"not_picked":["Outmaneuver","Acrobatics","Deadly Poison","Escape Plan"],"picked":"SKIP","floor":11},{"not_picked":["Dagger Throw","Heel Hook","Slice","Eviscerate"],"picked":"SKIP","floor":13},{"not_picked":["Dagger Spray","Flying Knee","Infinite Blades","Sucker Punch"],"picked":"SKIP","floor":14},{"not_picked":["A Thousand Cuts","Envenom","Grand Finale"],"picked":"Die Die Die","floor":16},{"not_picked":["PiercingWail","Prepared","Expertise+1"],"picked":"Bouncing Flask+1","floor":18},{"not_picked":["Deadly Poison","Accuracy","Deflect"],"picked":"Calculated Gamble","floor":20},{"not_picked":["Deflect","Riddle With Holes","Dagger Throw"],"picked":"Terror","floor":21},{"not_picked":["Quick Slash","Expertise","Dodge and Roll","Outmaneuver"],"picked":"SKIP","floor":23},{"not_picked":["Flechettes","A Thousand Cuts","Prepared"],"picked":"Blur","floor":28},{"not_picked":["Dodge and Roll","Distraction","Acrobatics"],"picked":"Noxious Fumes+1","floor":29}],"player_experience":632392,"relics_obtained":[{"floor":7,"key":"Nunchaku"},{"floor":9,"key":"Question Card"},{"floor":11,"key":"Ginger"},{"floor":20,"key":"Red Mask"},{"floor":23,"key":"Letter Opener"},{"floor":25,"key":"Whetstone"},{"floor":26,"key":"Eternal Feather"}],"event_choices":[{"damage_healed":0,"gold_gain":0,"cards_transformed":["Strike_G"],"player_choice":"Transformed","damage_taken":0,"max_hp_gain":0,"max_hp_loss":0,"event_name":"Transmorgrifier","floor":2,"gold_loss":0,"cards_obtained":["Wraith Form v2"]},{"damage_healed":0,"gold_gain":0,"player_choice":"Entered Light","damage_taken":20,"max_hp_gain":0,"max_hp_loss":0,"event_name":"Shining Light","floor":5,"gold_loss":0,"cards_upgraded":["Wraith Form v2","Strike_G"]},{"damage_healed":0,"gold_gain":0,"cards_transformed":["Strike_G","Strike_G"],"player_choice":"Became Test Subject","damage_taken":0,"max_hp_gain":0,"max_hp_loss":0,"event_name":"Drug Dealer","floor":19,"gold_loss":0,"cards_obtained":["After Image","Adrenaline"]},{"damage_healed":0,"gold_gain":0,"player_choice":"Fought Bandits","damage_taken":0,"max_hp_gain":0,"max_hp_loss":0,"event_name":"Masked Bandits","floor":20,"gold_loss":0},{"damage_healed":0,"gold_gain":0,"player_choice":"Copied","damage_taken":0,"max_hp_gain":0,"max_hp_loss":0,"event_name":"Duplicator","floor":27,"gold_loss":0,"cards_obtained":["Wraith Form v2"]},{"damage_healed":0,"gold_gain":0,"player_choice":"Became a Ghost","damage_taken":0,"max_hp_gain":0,"max_hp_loss":33,"event_name":"Ghosts","floor":31,"gold_loss":0,"cards_obtained":["Ghostly","Ghostly","Ghostly"]}],"is_beta":false,"boss_relics":[{"not_picked":["SlaversCollar","Astrolabe"],"picked":"SacredBark"}],"items_purged_floors":[],"is_endless":false,"potions_floor_spawned":[1,8,11,14,16,18,20,28],"killed_by":"Champ","ascension_level":16}}