{"host":"tnsigirk6wurdark","time":1610562052,"event":{"mods":["BaseMod","Colored Map","Colored Powertips","Highlight Path","Minty Spire (QoL Compilation)","Quick Restart","Relic Sorter","StSLib","Synergy Search"],"gold_per_floor":[109,109,123,142,107,107,135,135,135,167,67,77,95,130,130,204,204,216,228,228,30,46,76,76,105,105,30,30,30,44,61,61,135,135,148,173,19,35,35,35,68,68,68,68,68,98,110,150,162,174,174],"floor_reached":50,"language":"ENG","playtime":3826,"items_purged":["Strike_G","Strike_G"],"score":1153,"play_id":"e99641d0-0fb0-4a36-bbfd-ae270c219c31","local_time":"20210113182052","is_ascension_mode":true,"campfire_choices":[{"floor":6,"key":"REST"},{"floor":8,"key":"REST"},{"floor":15,"key":"REST"},{"floor":24,"key":"REST"},{"floor":29,"key":"REST"},{"data":"Tools of the Trade","floor":32,"key":"SMITH"},{"data":"Strike_G","floor":40,"key":"PURGE"},{"data":"Prepared","floor":42,"key":"PURGE"},{"data":"Neutralize","floor":44,"key":"SMITH"},{"data":"Underhanded Strike","floor":49,"key":"SMITH"}],"circlet_count":0,"master_deck":["AscendersBane","Strike_G+1","Defend_G","Defend_G","Defend_G","Defend_G","Defend_G","Survivor","Neutralize+1","Flying Knee","Quick Slash+1","PiercingWail","Tools of the Trade+1","Flying Knee","Dagger Throw","Underhanded Strike","Underhanded Strike","Underhanded Strike+1","Noxious Fumes","Calculated Gamble","Dagger Throw","Distraction+1","Dodge and Roll+1","Distraction+1","Venomology+1","Deflect+1","Dodge and Roll+1","Escape Plan+1","Sucker Punch+1"],"relics":["Ring of the Snake","Whetstone","Centennial Puzzle","NeowsBlessing","Gremlin Horn","Tingsha","HornCleat","HoveringKite","PreservedInsect","FossilizedHelix","Toxic Egg 2","SacredBark","Peace Pipe","Sling","StrikeDummy","Molten Egg 2","MawBank","Frozen Egg 2"],"acts_visited":["Exordium","TheCity","TheBeyond"],"potions_floor_usage":[7,16,18,23,25,31,33,36,36,38,41,41,46,48,48,50,50],"damage_taken":[{"damage":0,"enemies":"Small Slimes","floor":1,"turns":1},{"damage":0,"enemies":"2 Louse","floor":3,"turns":1},{"damage":0,"enemies":"Jaw Worm","floor":4,"turns":1},{"damage":31,"enemies":"Lagavulin","floor":7,"turns":7},{"damage":4,"enemies":"Gremlin Nob","floor":10,"turns":4},{"damage":5,"enemies":"Looter","floor":12,"turns":4},{"damage":0,"enemies":"Exordium Wildlife","floor":13,"turns":2},{"damage":16,"enemies":"Lagavulin","floor":14,"turns":4},{"damage":2,"enemies":"Slime Boss","floor":16,"turns":6},{"damage":0,"enemies":"2 Thieves","floor":18,"turns":4},{"damage":7,"enemies":"3 Byrds","floor":19,"turns":5},{"damage":18,"enemies":"Snake Plant","floor":22,"turns":4},{"damage":0,"enemies":"Gremlin Leader","floor":23,"turns":5},{"damage":3,"enemies":"Book of Stabbing","floor":25,"turns":3},{"damage":0,"enemies":"Cultist and Chosen","floor":30,"turns":5},{"damage":0,"enemies":"Snecko","floor":31,"turns":3},{"damage":45,"enemies":"Automaton","floor":33,"turns":9},{"damage":7,"enemies":"3 Darklings","floor":35,"turns":9},{"damage":0,"enemies":"Mind Bloom Boss Battle","floor":36,"turns":5},{"damage":0,"enemies":"Orb Walker","floor":38,"turns":4},{"damage":0,"enemies":"Reptomancer","floor":41,"turns":7},{"damage":32,"enemies":"Giant Head","floor":46,"turns":9},{"damage":0,"enemies":"Reptomancer","floor":48,"turns":6},{"damage":96,"enemies":"Awakened One","floor":50,"turns":16}],"seed_played":"-6126237170368474519","potions_obtained":[{"floor":1,"key":"Block Potion"},{"floor":10,"key":"Explosive Potion"},{"floor":12,"key":"Weak Potion"},{"floor":13,"key":"DuplicationPotion"},{"floor":16,"key":"Block Potion"},{"floor":22,"key":"DistilledChaos"},{"floor":23,"key":"Block Potion"},{"floor":25,"key":"CultistPotion"},{"floor":35,"key":"Regen Potion"},{"floor":46,"key":"Ancient Potion"},{"floor":48,"key":"Regen Potion"}],"is_trial":false,"path_per_floor":["M","?","M","M","?","R","E","R","T","E","$","M","M","E","R","B",null,"M","M","?","$","M","E","R","E","T","?","?","R","M","M","R","B",null,"M","?","$","M","?","R","E","R","T","R","$","E","$","E","R","B"],"character_chosen":"THE_SILENT","items_purchased":["Flying Knee","Prepared","Noxious Fumes","Sling"],"campfire_rested":5,"item_purchase_floors":[11,21,21,37],"current_hp_per_floor":[59,33,33,33,33,52,21,40,40,36,36,31,31,15,34,32,58,58,51,33,33,15,15,36,33,33,33,33,54,54,54,54,9,56,49,71,71,71,71,71,71,71,71,71,71,39,39,39,39,0,0],"gold":174,"neow_bonus":"THREE_ENEMY_KILL","is_daily":false,"chose_seed":false,"campfire_upgraded":3,"win_rate":0.0,"timestamp":1610562052,"path_taken":["M","?","M","M","?","R","E","R","T","E","?","M","M","E","R","BOSS","M","M","?","$","M","E","R","E","T","?","?","R","M","M","R","BOSS","M","?","$","M","?","R","E","R","T","R","$","E","$","E","R","BOSS"],"items_purchased_type":["Card","Card","Card","Relic"],"build_version":"2020-12-22","purchased_purges":2,"victory":false,"max_hp_per_floor":[66,66,66,66,66,66,66,66,66,66,66,66,66,66,66,66,66,66,66,71,71,71,71,71,71,71,71,71,71,71,71,71,71,71,71,71,71,71,71,71,71,71,71,71,71,71,71,71,71,71,71],"card_choices":[{"not_picked":["Expertise","Flying Knee"],"picked":"Dagger Throw","floor":1},{"not_picked":["Prepared","Sucker Punch"],"picked":"Flying Knee","floor":3},{"not_picked":["Prepared","Bane"],"picked":"Quick Slash","floor":4},{"not_picked":["Finisher","Slice"],"picked":"PiercingWail","floor":7},{"not_picked":["Wraith Form v2","Predator"],"picked":"Tools of the Trade","floor":10},{"not_picked":["Cloak And Dagger","Concentrate"],"picked":"Dagger Throw","floor":12},{"not_picked":["Flying Knee","Outmaneuver"],"picked":"Underhanded Strike","floor":13},{"not_picked":["Blade Dance","Choke","Poisoned Stab"],"picked":"SKIP","floor":14},{"not_picked":["Dagger Spray+1","Blade Dance"],"picked":"Underhanded Strike","floor":18},{"not_picked":["Accuracy","Sucker Punch"],"picked":"Underhanded Strike","floor":19},{"not_picked":["Slice","Dagger Spray"],"picked":"Calculated Gamble","floor":22},{"not_picked":["Dagger Spray","Infinite Blades"],"picked":"Dagger Throw","floor":23},{"not_picked":["Backflip","Choke"],"picked":"Distraction+1","floor":25},{"not_picked":["Heel Hook","Well Laid Plans"],"picked":"Dodge and Roll+1","floor":30},{"not_picked":["Backflip+1","Blade Dance+1"],"picked":"Distraction+1","floor":31},{"not_picked":["Die Die Die","Glass Knife"],"picked":"Venomology+1","floor":33},{"not_picked":["Cloak And Dagger+1","Dagger Throw","Dagger Spray"],"picked":"SKIP","floor":35},{"not_picked":["Slice+1","Doppelganger+1"],"picked":"Deflect+1","floor":36},{"not_picked":["Deflect+1","Dagger Throw+1"],"picked":"Dodge and Roll+1","floor":38},{"not_picked":["Infinite Blades","Setup+1","Flechettes"],"picked":"SKIP","floor":41},{"not_picked":["Cloak And Dagger+1","Sucker Punch+1"],"picked":"Escape Plan+1","floor":46},{"not_picked":["Bane+1","Poisoned Stab+1"],"picked":"Sucker Punch+1","floor":48}],"player_experience":713112,"relics_obtained":[{"floor":7,"key":"Tingsha"},{"floor":9,"key":"HornCleat"},{"floor":10,"key":"Whetstone"},{"floor":14,"key":"Centennial Puzzle"},{"floor":23,"key":"PreservedInsect"},{"floor":25,"key":"FossilizedHelix"},{"floor":26,"key":"Toxic Egg 2"},{"floor":36,"key":"Peace Pipe"},{"floor":41,"key":"StrikeDummy"},{"floor":43,"key":"Molten Egg 2"},{"floor":46,"key":"MawBank"},{"floor":48,"key":"Frozen Egg 2"}],"event_choices":[{"damage_healed":0,"gold_gain":0,"player_choice":"Success","damage_taken":26,"relics_obtained":["Gremlin Horn"],"max_hp_gain":0,"max_hp_loss":0,"event_name":"Scrap Ooze","floor":2,"gold_loss":0},{"damage_healed":0,"gold_gain":0,"player_choice":"Left Gold","damage_taken":0,"max_hp_gain":0,"max_hp_loss":0,"event_name":"World of Goop","floor":5,"gold_loss":35},{"damage_healed":0,"gold_gain":0,"player_choice":"Shed Blood","damage_taken":23,"max_hp_gain":5,"max_hp_loss":0,"event_name":"Forgotten Altar","floor":20,"gold_loss":0},{"cards_removed":["Strike_G"],"damage_healed":0,"gold_gain":0,"player_choice":"Gave Gold","damage_taken":0,"max_hp_gain":0,"max_hp_loss":0,"event_name":"Beggar","floor":27,"gold_loss":75},{"damage_healed":0,"gold_gain":0,"player_choice":"Fight","damage_taken":0,"max_hp_gain":0,"max_hp_loss":0,"event_name":"MindBloom","floor":36,"gold_loss":0},{"cards_removed":["Dagger Throw"],"damage_healed":0,"gold_gain":0,"player_choice":"Removed Attack","damage_taken":0,"max_hp_gain":0,"max_hp_loss":0,"event_name":"Falling","floor":39,"gold_loss":0}],"is_beta":false,"boss_relics":[{"not_picked":["Cursed Key","Tiny House"],"picked":"HoveringKite"},{"not_picked":["Ring of the Serpent","Sozu"],"picked":"SacredBark"}],"items_purged_floors":[11,21],"is_endless":false,"potions_floor_spawned":[1,10,12,13,14,16,22,23,25,35,46,48],"killed_by":"Awakened One","ascension_level":15}}