{"host":"kg61lsvem4dxoat8","time":1610557672,"event":{"mods":["BaseMod","Colored Powertips","Minty Spire (QoL Compilation)","Quick Restart","Rare Cards Sparkle","Relic Stats","slay the spire mod where everything is the same but ironclad has a cowboy hat"],"gold_per_floor":[118,129,129,19,19,45,45,65,65,65,65,90,107,136,136,136,136],"floor_reached":16,"language":"ENG","playtime":280,"items_purged":["Strike_R"],"score":218,"play_id":"4979ba85-f80b-4e9f-8411-1009853d113b","local_time":"20210114010752","is_ascension_mode":true,"campfire_choices":[{"data":"Spot Weakness","floor":7,"key":"SMITH"},{"data":"Rampage","floor":15,"key":"SMITH"}],"circlet_count":0,"master_deck":["Strike_R","Strike_R","Strike_R","Strike_R","Defend_R","Defend_R","Defend_R","Defend_R","Bash","Hemokinesis+1","Spot Weakness+1","Seeing Red","Rampage+1"],"relics":["Burning Blood","NeowsBlessing","GremlinMask","Pear","Smiling Mask","Potion Belt","Vajra","MealTicket"],"acts_visited":["Exordium"],"potions_floor_usage":[14,14],"damage_taken":[{"damage":0,"enemies":"Small Slimes","floor":1,"turns":1},{"damage":0,"enemies":"Cultist","floor":2,"turns":1},{"damage":0,"enemies":"3 Sentries","floor":6,"turns":1},{"damage":2,"enemies":"2 Louse","floor":8,"turns":3},{"damage":32,"enemies":"Gremlin Nob","floor":12,"turns":4},{"damage":16,"enemies":"Red Slaver","floor":13,"turns":3},{"damage":22,"enemies":"3 Sentries","floor":14,"turns":5},{"damage":25,"enemies":"Slime Boss","floor":16,"turns":8}],"seed_played":"-2885426970170095453","potions_obtained":[{"floor":8,"key":"Explosive Potion"},{"floor":12,"key":"Ancient Potion"},{"floor":13,"key":"Fire Potion"}],"is_trial":false,"path_per_floor":["M","M","?","$","?","E","R","M","T","?","?","E","M","E","R","B"],"character_chosen":"IRONCLAD","items_purchased":["Spot Weakness"],"campfire_rested":0,"item_purchase_floors":[4],"current_hp_per_floor":[78,80,80,80,80,90,90,90,90,95,77,51,41,25,25,0,0],"gold":136,"neow_bonus":"THREE_ENEMY_KILL","is_daily":false,"chose_seed":false,"campfire_upgraded":2,"win_rate":0.0,"timestamp":1610557672,"path_taken":["M","M","?","?","?","E","R","?","T","?","?","E","M","E","R","BOSS"],"items_purchased_type":["Card"],"build_version":"2020-12-22","purchased_purges":1,"victory":false,"max_hp_per_floor":[80,80,80,80,80,90,90,90,90,95,95,95,95,95,95,95,95],"relic_stats":{"counters":[8,26],"MealTicket":0,"Smiling Mask":0,"obtain_stats":[{"Potion Belt":11,"Pear":6,"NeowsBlessing":0,"Vajra":12,"GremlinMask":5,"MealTicket":14,"Smiling Mask":9,"Burning Blood":0},{"Potion Belt":4,"Pear":3,"NeowsBlessing":0,"Vajra":5,"GremlinMask":2,"MealTicket":7,"Smiling Mask":4,"Burning Blood":0},{"Potion Belt":6,"Pear":3,"NeowsBlessing":0,"Vajra":10,"GremlinMask":2,"MealTicket":18,"Smiling Mask":6,"Burning Blood":0}],"Burning Blood":28},"card_choices":[{"not_picked":["Clothesline","Sentinel"],"picked":"Hemokinesis","floor":1},{"not_picked":["Anger","Heavy Blade","Pommel Strike"],"picked":"SKIP","floor":2},{"not_picked":["Spot Weakness","Shrug It Off"],"picked":"Seeing Red","floor":6},{"not_picked":["Heavy Blade","Anger","Impervious"],"picked":"SKIP","floor":8},{"not_picked":["Spot Weakness","Burning Pact","Flex"],"picked":"SKIP","floor":12},{"not_picked":["Warcry","Second Wind","Seeing Red"],"picked":"SKIP","floor":13},{"not_picked":["Dropkick","Searing Blow"],"picked":"Rampage","floor":14}],"player_experience":1326502,"relics_obtained":[{"floor":6,"key":"Pear"},{"floor":9,"key":"Smiling Mask"},{"floor":12,"key":"Vajra"},{"floor":14,"key":"MealTicket"}],"event_choices":[{"damage_healed":0,"gold_gain":0,"player_choice":"Upgraded","damage_taken":0,"max_hp_gain":0,"max_hp_loss":0,"event_name":"Upgrade Shrine","floor":3,"gold_loss":0,"cards_upgraded":["Hemokinesis"]},{"damage_healed":0,"gold_gain":0,"player_choice":"Trade","damage_taken":0,"relics_obtained":["GremlinMask"],"max_hp_gain":0,"max_hp_loss":0,"event_name":"FaceTrader","floor":5,"gold_loss":0},{"damage_healed":0,"gold_gain":0,"player_choice":"Donut","damage_taken":0,"max_hp_gain":5,"max_hp_loss":0,"event_name":"Big Fish","floor":10,"gold_loss":0},{"damage_healed":0,"gold_gain":0,"player_choice":"Success","damage_taken":18,"relics_obtained":["Potion Belt"],"max_hp_gain":0,"max_hp_loss":0,"event_name":"Scrap Ooze","floor":11,"gold_loss":0}],"is_beta":false,"boss_relics":[],"items_purged_floors":[4],"is_endless":false,"potions_floor_spawned":[8,12,13],"killed_by":"Slime Boss","ascension_level":7}}