{"host":"xt797mi8yhee06c1","time":1610560018,"event":{"mods":["BaseMod","Bestiary","Koishi","Marisa£¨Ùöéë¡¡Øª×âÞÞ£©","Minty Spire (QoL Compilation)","Poor People Problems","Prisma Mod","Relic Filter","Shop Mod","Spicy Shops","StSLib","The Marked","The Servant 0.9.4","WarShipGirlsR/??á´Ò³R mod"],"gold_per_floor":[110,110,120,70,80,129,129,157,157,157,201,15,15,47,47,163,163,183,210,243,243,272,272,272],"floor_reached":23,"language":"KOR","playtime":1622,"items_purged":[],"score":203,"play_id":"f367068c-042c-47f4-ad0b-af10fab3c0a3","local_time":"20210114024658","is_ascension_mode":false,"campfire_choices":[{"floor":7.0,"key":"REST"},{"floor":13.0,"key":"REST"},{"data":"MillisecondPulsars","floor":15,"key":"SMITH"}],"circlet_count":0,"master_deck":["Strike_MRS","Strike_MRS","Defend_MRS","Defend_MRS","Defend_MRS","Defend_MRS","MasterSpark","UpSweep","MillisecondPulsars+1","IllusionStar","EventHorizon","WitchOfGreed","OrrerysSun","PulseMagic","AsteroidBelt","NonDirectionalLaser","PowerUp","IllusionStar","BlazeAway","SatelliteIllusion","AsteroidBelt+1","FairyDestructionRay","IllusionStar+1","MeteoricShower","6A","EnergyFlow"],"relics":["MiniHakkero","Lantern","Dream Catcher","Pear","Shuriken","MawBank","Ice Cream","Black Star","Meat on the Bone"],"acts_visited":["Exordium","TheCity"],"potions_floor_usage":[14,14,16,16,19,20,22,23,23],"damage_taken":[{"damage":7.0,"enemies":"2 Louse","floor":1.0,"turns":2.0},{"damage":2.0,"enemies":"Small Slimes","floor":3.0,"turns":3.0},{"damage":11.0,"enemies":"Jaw Worm","floor":5.0,"turns":2.0},{"damage":23.0,"enemies":"Lagavulin","floor":6.0,"turns":6.0},{"damage":10.0,"enemies":"Exordium Wildlife","floor":8.0,"turns":4.0},{"damage":24.0,"enemies":"3 Sentries","floor":11.0,"turns":8.0},{"damage":13,"enemies":"Red Slaver","floor":14,"turns":4},{"damage":16,"enemies":"The Guardian","floor":16,"turns":8},{"damage":28,"enemies":"Spheric Guardian","floor":18,"turns":4},{"damage":20,"enemies":"2 Thieves","floor":19,"turns":5},{"damage":23,"enemies":"Chosen and Byrds","floor":20,"turns":6},{"damage":5,"enemies":"Shelled Parasite and Fungi","floor":22,"turns":5},{"damage":19,"enemies":"Slavers","floor":23,"turns":1}],"seed_played":"-6660423986022734970","potions_obtained":[{"floor":1.0,"key":"SpeedPotion"},{"floor":3.0,"key":"LiquidBronze"},{"floor":6.0,"key":"SkillPotion"},{"floor":8.0,"key":"FearPotion"},{"floor":8.0,"key":"LiquidBronze"},{"floor":11.0,"key":"StarNLove"},{"floor":14,"key":"DistilledChaos"},{"floor":16,"key":"Explosive Potion"},{"floor":16,"key":"Weak Potion"},{"floor":19,"key":"SneckoOil"},{"floor":19,"key":"SkillPotion"},{"floor":20,"key":"LiquidMemories"},{"floor":22,"key":"Regen Potion"}],"is_trial":false,"path_per_floor":["M","?","M","?","M","E","R","M","T","?","E","$","R","M","R","B",null,"M","M","M","?","M","E"],"character_chosen":"MARISA","items_purchased":["Ice Cream","PowerUp"],"campfire_rested":2,"item_purchase_floors":[12,12],"current_hp_per_floor":[47,47,45,45,34,11,33,23,33,33,9,9,34,21,21,5,85,57,37,14,14,9,0,0],"gold":272,"neow_bonus":"THREE_RARE_CARDS","is_daily":false,"chose_seed":false,"campfire_upgraded":1,"win_rate":0.0,"timestamp":1610560018,"path_taken":["M","?","M","?","M","E","R","M","T","?","E","$","R","M","R","BOSS","M","M","M","?","M","E"],"items_purchased_type":["Relic","Card"],"build_version":"2020-12-22","purchased_purges":0,"victory":false,"max_hp_per_floor":[75,75,75,75,75,75,75,75,85,85,85,85,85,85,85,85,85,85,85,85,85,85,85,85],"card_choices":[{"not_picked":["AbsoluteMagnitude","EscapeVelocity"],"picked":"MillisecondPulsars","floor":0.0},{"not_picked":["Occultation","GravityBeat"],"picked":"IllusionStar","floor":1.0},{"not_picked":["NonDirectionalLaser","GalacticHalo"],"picked":"EventHorizon","floor":3.0},{"not_picked":["MilkyWay","UnstableBomb"],"picked":"WitchOfGreed","floor":5.0},{"not_picked":["Acceleration","AbsoluteMagnitude"],"picked":"OrrerysSun","floor":6.0},{"not_picked":["GalacticHalo","AlicesGift"],"picked":"PulseMagic","floor":7.0},{"not_picked":["AlicesGift","Acceleration"],"picked":"AsteroidBelt","floor":8.0},{"not_picked":["6A","OneTimeOff"],"picked":"NonDirectionalLaser","floor":11.0},{"not_picked":["SporeBomb","PowerUp"],"picked":"IllusionStar","floor":13.0},{"not_picked":["WitchLeyline","Acceleration"],"picked":"BlazeAway","floor":14},{"not_picked":["MaximisePower","BigCrunch"],"picked":"SatelliteIllusion","floor":16},{"not_picked":["MilkyWay","SporeBomb"],"picked":"AsteroidBelt+1","floor":18},{"not_picked":["Acceleration","AlicesGift"],"picked":"FairyDestructionRay","floor":19},{"not_picked":["EventHorizon","DoubleSpark"],"picked":"IllusionStar+1","floor":20},{"not_picked":["WitchOfGreed","StarBarrage"],"picked":"EnergyFlow","floor":22}],"player_experience":344558,"relics_obtained":[{"floor":6.0,"key":"Dream Catcher"},{"floor":9.0,"key":"Pear"},{"floor":11.0,"key":"MawBank"}],"event_choices":[{"damage_healed":0.0,"max_hp_gain":0.0,"max_hp_loss":0.0,"gold_gain":0.0,"event_name":"Big Fish","player_choice":"Box","floor":2.0,"gold_loss":0.0,"damage_taken":0.0,"relics_obtained":["Lantern"],"cards_obtained":["Regret"]},{"cards_removed":["Regret"],"damage_healed":0.0,"max_hp_gain":0.0,"max_hp_loss":0.0,"gold_gain":0.0,"event_name":"The Cleric","player_choice":"Card Removal","floor":4.0,"gold_loss":50.0,"damage_taken":0.0},{"damage_healed":0.0,"max_hp_gain":0.0,"max_hp_loss":0.0,"gold_gain":0.0,"event_name":"Dead Adventurer","player_choice":"Searched \u00271\u0027 times","floor":10.0,"gold_loss":0.0,"damage_taken":0.0,"relics_obtained":["Shuriken"]},{"damage_healed":0,"gold_gain":0,"cards_transformed":["Strike_MRS","Strike_MRS"],"player_choice":"Became Test Subject","damage_taken":0,"max_hp_gain":0,"max_hp_loss":0,"event_name":"Drug Dealer","floor":21,"gold_loss":0,"cards_obtained":["MeteoricShower","6A"]}],"is_beta":false,"boss_relics":[{"not_picked":["Velvet Choker","Astrolabe"],"picked":"Black Star"}],"items_purged_floors":[],"is_endless":false,"potions_floor_spawned":[1,3,8,16,19],"killed_by":"Slavers","ascension_level":0}}