{"host":"mitik7wjjpoqy3i6","time":1610559851,"event":{"mods":["AchievementEnabler","AlwaysNeverKeys","Aspiration","BaseMod","BetterRewards","Custom Start","Dota2Spire","Evolution","Force Act Four","Gold Saver","Hyrulean Relics","Minty Spire (QoL Compilation)","Rare Cards Sparkle","Remove Card Discount Mod","Replay The Spire","SacredBarkPlus","Small Relic Pack","Spicy Shops","StSLib","The Animator","The Sage","Transform Curses","Treasure Hunter","??????REMEMod"],"gold_per_floor":[161,46,46,62,62,87,99,127,139,178,190,222,267,295,307,319,319],"floor_reached":16,"language":"ENG","playtime":1110,"items_purged":[],"score":160,"play_id":"bb7c2caa-8037-464f-a7ed-c51ecd4d5c02","local_time":"20210113184411","is_ascension_mode":true,"campfire_choices":[{"floor":7,"key":"RECALL"},{"data":"Predator","floor":11,"key":"SMITH"},{"floor":15,"key":"REST"}],"circlet_count":0,"master_deck":["Strike_G","Strike_G","Strike_G","Strike_G","Strike_G","Defend_G","Defend_G","Defend_G","Defend_G","Defend_G","Survivor","Neutralize","Secret Weapon","Dash","Calculated Gamble","Bane","animator:Curse_GriefSeed","ReplayTheSpireMod:Exploit Weakness","Hidden Blade","After Image","Hidden Blade","TH:PixieDust","TH:TreasureMap","Predator+1","Flying Knee","TH:Mimic","ReplayTheSpireMod:The Works","REME_ShadowStrike"],"relics":["Ring of the Snake","EVO:Axolotl","REME_ComplimentaryCards","NeowsBlessing","relicPack:InfinityGauntlet","MawBank","aspiration:FetidBarrel","Strawberry","Replay:Wax Seal"],"acts_visited":["Exordium"],"potions_floor_usage":[10,10,13,16],"damage_taken":[{"damage":0,"enemies":"2 Louse","floor":1,"turns":1},{"damage":0,"enemies":"Cultist","floor":4,"turns":1},{"damage":0,"enemies":"Gremlin Nob","floor":6,"turns":1},{"damage":1,"enemies":"Small Slimes","floor":8,"turns":3},{"damage":23,"enemies":"3 Sentries","floor":10,"turns":6},{"damage":23,"enemies":"Gremlin Gang","floor":12,"turns":4},{"damage":9,"enemies":"Lagavulin","floor":13,"turns":6},{"damage":9,"enemies":"Lots of Slimes","floor":14,"turns":4},{"damage":37,"enemies":"Slime Boss","floor":16,"turns":6}],"seed_played":"8043927882145759349","potions_obtained":[{"floor":4,"key":"DuplicationPotion"},{"floor":8,"key":"Explosive Potion"},{"floor":12,"key":"Dexterity Potion"},{"floor":14,"key":"PowerPotion"}],"is_trial":false,"path_per_floor":["M","$","?","M","?","E","R","M","T","E","R","M","E","M","R","B"],"character_chosen":"THE_SILENT","items_purchased":["relicPack:InfinityGauntlet","Calculated Gamble"],"campfire_rested":1,"item_purchase_floors":[2,2],"current_hp_per_floor":[70,70,70,70,70,70,70,69,69,53,53,30,21,12,35,0,0],"gold":319,"neow_bonus":"THREE_ENEMY_KILL","is_daily":false,"chose_seed":false,"campfire_upgraded":1,"win_rate":0.0,"timestamp":1610559851,"path_taken":["M","$","?","?","?","E","R","M","T","E","R","M","E","M","R","BOSS"],"items_purchased_type":["Relic","Card"],"build_version":"2020-12-22","purchased_purges":0,"victory":false,"max_hp_per_floor":[70,70,70,70,70,70,70,70,70,77,77,77,77,77,77,77,77],"card_choices":[{"not_picked":["Leg Sweep","Quick Slash"],"picked":"Dash","floor":1},{"not_picked":["Flechettes","Cloak And Dagger"],"picked":"Hidden Blade","floor":4},{"not_picked":["ReplayTheSpireMod:Exploit Weakness","Cloak And Dagger"],"picked":"After Image","floor":6},{"not_picked":["TH:EnergyPotion","TH:PixieDust"],"picked":"SKIP","floor":6},{"not_picked":["ReplayTheSpireMod:Scrap Shanks","Distraction"],"picked":"Hidden Blade","floor":8},{"not_picked":["TH:TreasureMap"],"picked":"TH:PixieDust","floor":9},{"not_picked":["TH:BikiniMail"],"picked":"TH:TreasureMap","floor":10},{"not_picked":["Flying Knee","PiercingWail"],"picked":"Predator","floor":10},{"not_picked":["Hidden Blade","Infinite Blades"],"picked":"Flying Knee","floor":12},{"not_picked":["TH:PixieDust"],"picked":"TH:Mimic","floor":13},{"not_picked":["Underhanded Strike","Malaise"],"picked":"ReplayTheSpireMod:The Works","floor":13},{"not_picked":["Footwork","Leg Sweep"],"picked":"REME_ShadowStrike","floor":14}],"player_experience":193610,"relics_obtained":[{"floor":6,"key":"MawBank"},{"floor":9,"key":"aspiration:FetidBarrel"},{"floor":10,"key":"Strawberry"},{"floor":13,"key":"Replay:Wax Seal"}],"event_choices":[{"damage_healed":0,"gold_gain":0,"player_choice":"3 cards matched","damage_taken":0,"max_hp_gain":0,"max_hp_loss":0,"event_name":"Match and Keep!","floor":3,"gold_loss":0,"cards_obtained":["Bane","animator:Curse_GriefSeed","ReplayTheSpireMod:Exploit Weakness"]},{"damage_healed":0,"gold_gain":0,"player_choice":"Leave","damage_taken":0,"max_hp_gain":0,"max_hp_loss":0,"event_name":"The Cleric","floor":5,"gold_loss":0}],"is_beta":false,"boss_relics":[],"items_purged_floors":[],"is_endless":false,"potions_floor_spawned":[4,8,12,14],"killed_by":"Slime Boss","ascension_level":2}}