{"host":"rjbqai8ni6dsiu37","time":1610537426,"event":{"mods":["BaseMod","CapriCore","Koishi","Minty Spire (QoL Compilation)","StSLib","The Dragon Tamer","The Immortal","The Poker Player","WarShipGirlsR/??á´Ò³R mod"],"gold_per_floor":[117,117,135,153,4,4,20,20,65,89,101,145,177,217,229,241,241],"floor_reached":16,"language":"KOR","playtime":823,"items_purged":[],"score":171,"play_id":"828dfd5a-81f1-400b-87a8-66c2878bb8c9","local_time":"20210113203026","is_ascension_mode":true,"campfire_choices":[{"data":"rmod:ammunitionsupply","floor":6.0,"key":"SMITH"},{"data":"rmod:salvage","floor":8.0,"key":"SMITH"},{"data":"rmod:basicallowance","floor":15.0,"key":"SMITH"}],"circlet_count":0,"master_deck":["rmod:strick","rmod:strick","rmod:strick","rmod:strick","rmod:defend","rmod:defend","rmod:defend","rmod:defend","rmod:basicallowance+1","rmod:maingunfire","rmod:supportescort","rmod:maingunfire","rmod:ammunitionsupply+1","rmod:fletcherpendant","rmod:salvage+1","rmod:fletcherpendant+1","rmod:fletcherpendant","rmod:windflower","rmod:fletcherpendant","rmod:fletcherpendant","rmod:fletcherpendant+1","rmod:intelligenceanalysis","rmod:fletcherpendant+1"],"relics":["rmod:firstchargereward","Anchor","Sling","MawBank","Orichalcum","Ancient Tea Set"],"acts_visited":["Exordium"],"potions_floor_usage":[],"damage_taken":[{"damage":0.0,"enemies":"Jaw Worm","floor":1.0,"turns":3.0},{"damage":6.0,"enemies":"Cultist","floor":3.0,"turns":3.0},{"damage":0.0,"enemies":"2 Louse","floor":4.0,"turns":2.0},{"damage":0.0,"enemies":"2 Fungi Beasts","floor":7.0,"turns":1.0},{"damage":0.0,"enemies":"3 Louse","floor":10.0,"turns":5.0},{"damage":6.0,"enemies":"Lagavulin","floor":12.0,"turns":4.0},{"damage":11.0,"enemies":"Gremlin Gang","floor":13.0,"turns":8.0},{"damage":6.0,"enemies":"Gremlin Nob","floor":14.0,"turns":4.0},{"damage":39,"enemies":"The Guardian","floor":16,"turns":8}],"seed_played":"-6114365104227487695","potions_obtained":[{"floor":1.0,"key":"Block Potion"},{"floor":7.0,"key":"AttackPotion"},{"floor":12.0,"key":"Weak Potion"},{"floor":13.0,"key":"ColorlessPotion"}],"is_trial":false,"path_per_floor":["M","?","M","M","$","R","M","R","T","M","$","E","M","E","R","B"],"character_chosen":"PRAEFECT","items_purchased":["Sling"],"campfire_rested":0,"item_purchase_floors":[5],"current_hp_per_floor":[68,68,62,62,62,62,62,62,62,62,62,56,45,39,39,0,0],"gold":241,"neow_bonus":"RANDOM_COMMON_RELIC","is_daily":false,"chose_seed":false,"campfire_upgraded":3,"win_rate":0.0,"timestamp":1610537426,"path_taken":["M","?","M","M","$","R","?","R","T","M","$","E","M","E","R","BOSS"],"items_purchased_type":["Relic"],"build_version":"2020-12-22","purchased_purges":0,"victory":false,"max_hp_per_floor":[75,75,75,75,75,75,75,75,75,75,75,75,75,75,75,75,75],"card_choices":[{"not_picked":["rmod:circuitoustactics","rmod:supportescort","rmod:fuelsupply"],"picked":"SKIP","floor":1.0},{"not_picked":["rmod:aggressivemary","rmod:supportescort"],"picked":"rmod:ammunitionsupply","floor":3.0},{"not_picked":["rmod:garrisonisland","rmod:supriseattacks"],"picked":"rmod:fletcherpendant","floor":4.0},{"not_picked":["rmod:aviationdawn","rmod:mineteam"],"picked":"rmod:salvage","floor":7.0},{"not_picked":["rmod:heivgo","rmod:ammunitionsupply","rmod:victimresponsibility"],"picked":"SKIP","floor":10.0},{"not_picked":["rmod:heivgo","rmod:intelligenceanalysis"],"picked":"rmod:windflower","floor":12.0},{"not_picked":["rmod:steelsupply","rmod:slowdown"],"picked":"rmod:intelligenceanalysis","floor":13.0},{"not_picked":["rmod:diamondstrike","rmod:punchline","rmod:fuelsupply"],"picked":"SKIP","floor":14.0}],"player_experience":177306,"relics_obtained":[{"floor":9.0,"key":"MawBank"},{"floor":12.0,"key":"Orichalcum"},{"floor":14.0,"key":"Ancient Tea Set"}],"event_choices":[{"damage_healed":0.0,"max_hp_gain":0.0,"max_hp_loss":0.0,"gold_gain":0.0,"event_name":"Match and Keep!","player_choice":"2 cards matched","floor":2.0,"gold_loss":0.0,"damage_taken":0.0,"cards_obtained":["rmod:supportescort","rmod:maingunfire"]}],"is_beta":false,"boss_relics":[],"items_purged_floors":[],"is_endless":false,"potions_floor_spawned":[1,7,12,13],"killed_by":"The Guardian","ascension_level":6}}