{"host":"s6t38s6k4widkzbu","time":1610567666,"event":{"mods":["100% Spire Juice","ATMod(°¢èªMod)","Arknights The Spire","Aspiration","BaseMod","Conspire","Downfall","Energized Spire","Googly Eyes","Hermit","Highlight Path","Hunter ÁÔÈË","KinomotoSakuraMod(Ä¾Ö®±¾Ó£)","KomeijiMod","Marisa£¨ìFÓê¡¡Ä§ÀíÉ³£©","Minty Spire (QoL Compilation)","MostiFishMod","Permanent Neow","Prisma Mod","Quick Restart","READ ME - Guardian Mod","Reimu£¨²©ÀöÁéÃÎ£©","Remilia£¨ÀÙÃ×ÀòÑÇ£©","Replay The Spire","Robot Space Explorer","RumiaBox-Â¶Ã×æ«µÄÉñÃØºÐ×Ó","Spicy Shops","StSLib","The Animator","The Bladedancer","The Bug Knight","The Cursed","The Dragon Tamer","The Gatherer","The Jungle","The Marked","The Mystic","The Runesmith","The Servant 0.9.4","WarShipGirlsR/Õ½½¢ÉÙÅ®R mod","Yakumo Yukari mod","Youmu£¨»êÆÇÑýÃÎ£©","Yuyuko","¡¾ÒÅÎï¿¨ÅÆ¡¿REMEMod","óô»ðÖ¸ÄÏ"],"gold_per_floor":[112,112,112,126,145,145,160,173,199,228,228,190,208,208,79,180,180,196,212,212,212,232,232,153,194,194,210,245,255,255,275,110,208,208,298,123,209,209,236,339,427,221,221,221,221,312,204,290,54,17,17,17,17,0,0,106,66],"floor_reached":58,"language":"ZHS","playtime":5393,"items_purged":["DTMod:Strike","DTMod:StunTrap","DTMod:GearUp","Replay:SS_fish_1","DTMod:HeatWave+1"],"score":1564,"play_id":"0de78966-5dc0-49b4-8d25-d9e556474b2b","local_time":"20210114035426","is_ascension_mode":false,"metric_token":2903,"campfire_choices":[{"data":"DTMod:WarmUp","floor":6.0,"key":"SMITH"},{"floor":11.0,"key":"RECALL"},{"data":"DTMod:SealedStrike","floor":23.0,"key":"SMITH"}],"dtmod_dragon_data":[47,50,2,4,4,15],"circlet_count":0,"master_deck":["AT_EssenceShift+1","MostiFishMod:FlyOverUtopia+1","DTMod:WarmUp+1","DTMod:MagiciansMark+1","DTMod:TauntingStrike+1","DTMod:InvisibleFlame+1","DTMod:BurningEnergy+1","DTMod:PurifyingFlame+1","DTMod:Shift+1","DTMod:ShadowImage+1","DTMod:Prediction+1","DTMod:Multitask+1","DTMod:Inferno+1","DTMod:HeadStart+1","DTMod:ResonanceForm+1","DTMod:SealedStrike+5","DTMod:Safeguard+1","DTMod:CalculatedDefense+1","DTMod:Astonish+1","DTMod:DragonDance+1","DTMod:MaximumCharge+1","DTMod:Harmonize+1","DTMod:RunningTactic+1","DTMod:Dissolve+1","Gluttony_TH","DTMod:Training+1","DTMod:LightShield+1","DTMod:Threaten+1","DTMod:Shift+1","DTMod:MaximumCharge+1","DTMod:Harmonize+1","DTMod:CleansingStrike+1","DTMod:TriAttack+1","DTMod:MasterPlan+1","DTMod:ShieldDrain+1"],"relics":["DTMod:PactStone","REME_ComplimentaryCards","AT_ATBox","DaveBox","Membership Card","aspiration:Nostalgia","Cracked Core","SynthV:TestCard","aspiration:ChemicalBlood","BionicSphere","SumBook","HereWithMe","SentryEyes","DianPoetry","MostiFishMod:AdaptiveDefenses","Replay:Bottled Eggs","aspiration:FetidBarrel","Red Mask","SynthV","Boot","Transparent","AT_ForceNature","AT_ChloranthyRing","LastBattle","BrkXgEgg","Pear","AT_SilvercatRing","Old Coin","Blue Candle","Dodecahedron","REME_HandOfSuture","REME_OnlineShoppingPlatform"],"acts_visited":["Exordium","TheCity","TheBeyond","TheEnding"],"potions_floor_usage":[57,57],"damage_taken":[{"damage":0.0,"enemies":"Jaw Worm","floor":1.0,"turns":3.0},{"damage":0.0,"enemies":"Cultist","floor":4.0,"turns":2.0},{"damage":5.0,"enemies":"conspire:RoseBush","floor":5.0,"turns":2.0},{"damage":0.0,"enemies":"Lots of Slimes","floor":7.0,"turns":3.0},{"damage":0.0,"enemies":"Looter","floor":8.0,"turns":2.0},{"damage":0.0,"enemies":"Gremlin Nob","floor":10.0,"turns":4.0},{"damage":0.0,"enemies":"Blue Slaver","floor":13.0,"turns":2.0},{"damage":15.0,"enemies":"Fading Forest","floor":16.0,"turns":11.0},{"damage":0.0,"enemies":"Chosen","floor":18.0,"turns":3.0},{"damage":5.0,"enemies":"Cultist and Chosen","floor":19.0,"turns":6.0},{"damage":0.0,"enemies":"3 Cultists","floor":22.0,"turns":1.0},{"damage":0.0,"enemies":"conspire:MimicChest","floor":25.0,"turns":5.0},{"damage":0.0,"enemies":"Shelled Parasite and Fungi","floor":27.0,"turns":3.0},{"damage":0.0,"enemies":"Masked Bandits","floor":28.0,"turns":2.0},{"damage":0.0,"enemies":"Cultist and Chosen","floor":29.0,"turns":2.0},{"damage":0.0,"enemies":"3 Cultists","floor":31.0,"turns":2.0},{"damage":0.0,"enemies":"conspire:MysteriousRune","floor":33.0,"turns":4.0},{"damage":11.0,"enemies":"Orb Walker","floor":35.0,"turns":2.0},{"damage":2.0,"enemies":"3 Darklings","floor":37.0,"turns":1.0},{"damage":11.0,"enemies":"Giant Head","floor":40.0,"turns":4.0},{"damage":18.0,"enemies":"Transient","floor":41.0,"turns":5.0},{"damage":13,"enemies":"Maw","floor":46,"turns":4},{"damage":6,"enemies":"4 Shapes","floor":48,"turns":2},{"damage":10,"enemies":"Donu and Deca","floor":52,"turns":4},{"damage":38,"enemies":"Shield and Spear","floor":56,"turns":3},{"damage":13,"enemies":"The Heart","floor":57,"turns":5}],"seed_played":"302160090362840793","potions_obtained":[{"floor":1.0,"key":"LiquidBronze"},{"floor":5.0,"key":"Adrenaline Potion"},{"floor":8.0,"key":"Guardian:BlockOnCardUsePotion"},{"floor":16.0,"key":"Block Potion"},{"floor":19.0,"key":"Dexterity Potion"},{"floor":40.0,"key":"ZuzhouPotion:ReiMu"},{"floor":40.0,"key":"Strength Potion"},{"floor":41.0,"key":"Languid Potion"}],"is_trial":false,"path_per_floor":["M","?","?","M","M","R","M","M","T","E","R","$","M","?","R","B",null,"M","M","T","?","M","R","$","?","T","M","?","M","?","M","R","B",null,"M","$","M","?","T","E","M","R","T","PTL","PTL","M","R","M","R","$","R","B",null,"R","$","E","B",null],"character_chosen":"THE_DT","items_purchased":["BionicSphere","SumBook","DianPoetry","MostiFishMod:AdaptiveDefenses","SynthV","Boot","AT_ForceNature","DTMod:Shift","BrkXgEgg","Pear","Old Coin","Blue Candle","Dodecahedron","REME_HandOfSuture","REME_OnlineShoppingPlatform","DTMod:MasterPlan+1"],"campfire_rested":0,"item_purchase_floors":[12,15,24,24,32,32,36,36,42,42,47,47,49,49,50,54],"current_hp_per_floor":[45,45,45,45,40,40,40,40,40,40,40,40,40,40,40,45,45,45,40,40,34,34,34,34,34,34,34,34,34,49,49,49,49,65,65,65,65,65,65,65,65,75,75,75,75,75,75,75,75,75,75,75,75,75,75,75,75],"gold":66,"neow_bonus":"NOSTALGIA","is_daily":false,"chose_seed":false,"campfire_upgraded":2,"win_rate":0.0,"timestamp":1610567666,"path_taken":["M","?","?","?","M","R","M","M","T","E","R","?","?","?","R","BOSS","M","M","?","?","M","R","$","?","T","?","?","M","?","M","R","BOSS","M","$","M","?","?","E","M","R","T","PTL","PTL","M","R","?","R","?","R","BOSS","R","$","E","BOSS"],"items_purchased_type":["Relic","Relic","Relic","Relic","Relic","Relic","Relic","Card","Relic","Relic","Relic","Relic","Relic","Relic","Relic","Card"],"build_version":"2020-12-22","purchased_purges":5,"victory":true,"max_hp_per_floor":[45,45,45,45,45,45,45,45,45,45,45,45,45,45,45,45,45,45,45,45,50,50,50,50,50,50,50,50,50,65,65,65,65,65,65,65,65,65,65,65,65,75,75,75,75,75,75,75,75,75,75,75,75,75,75,75,75],"card_choices":[{"not_picked":["DTMod:Feint","DTMod:HeatWave"],"picked":"DTMod:WarmUp","floor":1.0},{"not_picked":["DTMod:BuildUp","DTMod:Feint","DTMod:Hide","DTMod:LastStand"],"picked":"DTMod:MagiciansMark","floor":4.0},{"not_picked":["DTMod:MagicField","DTMod:BlueScale","DTMod:Conduct","DTMod:BlazingStrike"],"picked":"DTMod:TauntingStrike","floor":5.0},{"not_picked":["DTMod:QuickFly","DTMod:Astonish","DTMod:Weaken","DTMod:RecklessFlurry"],"picked":"DTMod:InvisibleFlame","floor":7.0},{"not_picked":["DTMod:BuildUp","DTMod:Punisher","DTMod:TagTeam","DTMod:Hide"],"picked":"DTMod:BurningEnergy","floor":8.0},{"not_picked":["DTMod:ComboAttack","DTMod:BurningEnergy","DTMod:Overwhelm","DTMod:BalancedStrike"],"picked":"DTMod:PurifyingFlame","floor":10.0},{"not_picked":["DTMod:QuickFly","DTMod:HeatWave","DTMod:Punisher","DTMod:LowKick"],"picked":"DTMod:Shift","floor":13.0},{"not_picked":["DTMod:RepeatStrike","DTMod:OpeningTactic","DTMod:Prediction","DTMod:Inferno"],"picked":"DTMod:Safeguard","floor":16.0},{"not_picked":["DTMod:Cover","DTMod:Punisher","DTMod:SneakAttack","DTMod:Hide"],"picked":"DTMod:CalculatedDefense","floor":18.0},{"not_picked":["DTMod:RecklessFlurry","DTMod:HeatWave+1","DTMod:Coolant","DTMod:BizarreTactic"],"picked":"DTMod:Astonish","floor":19.0},{"not_picked":["DTMod:BlueScale","DTMod:BurningForce","DTMod:BurningEnergy+1","DTMod:Coolant"],"picked":"DTMod:DragonDance","floor":22.0},{"not_picked":["DTMod:WarmUp","DTMod:Punisher+1","DTMod:BurningEnergy","DTMod:BlueScale"],"picked":"DTMod:MaximumCharge","floor":25.0},{"not_picked":["DTMod:MagicField","DTMod:Cover","DTMod:LowKick","DTMod:Weaken"],"picked":"DTMod:Harmonize","floor":27.0},{"not_picked":["DTMod:Threaten","DTMod:CalculatedDefense","DTMod:Hide+1","DTMod:HeatWave"],"picked":"DTMod:RunningTactic","floor":28.0},{"not_picked":["DTMod:Punisher+1","DTMod:FlameSlash+1","DTMod:Hide","DTMod:Feint"],"picked":"DTMod:Dissolve","floor":29.0},{"not_picked":["DTMod:HeatWave","DTMod:BalancedStrike","DTMod:Haste","DTMod:Feint+1"],"picked":"DTMod:Training","floor":31.0},{"not_picked":["DTMod:GearUp","DTMod:ResonanceForm","DTMod:HeadStart","DTMod:OpeningTactic"],"picked":"DTMod:LightShield","floor":33.0},{"not_picked":["DTMod:Weaken+1","DTMod:BizarreTactic+1","DTMod:PurifyingFlame+1","DTMod:BlazingStrike+1"],"picked":"DTMod:Threaten+1","floor":35.0},{"not_picked":["DTMod:TauntingStrike+1","DTMod:BlueScale+1","DTMod:Threaten","DTMod:QuickFly"],"picked":"DTMod:MaximumCharge+1","floor":37.0},{"not_picked":["DTMod:PurifyingFlame","DTMod:HeatWave","DTMod:Cover+1","DTMod:SneakAttack"],"picked":"DTMod:Harmonize","floor":40.0},{"not_picked":["DTMod:Punisher+1","DTMod:QuickFly","DTMod:BurningForce+1","DTMod:BreakAttack"],"picked":"DTMod:CleansingStrike+1","floor":41.0},{"not_picked":["DTMod:MagicField","DTMod:Feint","DTMod:Adaptation","DTMod:DarkBreath"],"picked":"DTMod:TriAttack+1","floor":46},{"not_picked":["DTMod:Coolant","DTMod:Cover","DTMod:Hide+1","DTMod:Feint"],"picked":"DTMod:HeatWave+1","floor":48},{"not_picked":["DTMod:LightShield+1","DTMod:BreakAttack+1","DTMod:MasterPlan+1","DTMod:InvisibleFlame"],"picked":"DTMod:ShieldDrain+1","floor":56}],"player_experience":450349,"relics_obtained":[{"floor":1.0,"key":"SynthV:TestCard"},{"floor":10.0,"key":"aspiration:ChemicalBlood"},{"floor":20.0,"key":"SentryEyes"},{"floor":25.0,"key":"Replay:Bottled Eggs"},{"floor":26.0,"key":"aspiration:FetidBarrel"},{"floor":28.0,"key":"Red Mask"},{"floor":39.0,"key":"AT_ChloranthyRing"},{"floor":40.0,"key":"LastBattle"},{"floor":43.0,"key":"AT_SilvercatRing"}],"event_choices":[{"damage_healed":0.0,"max_hp_gain":0.0,"max_hp_loss":0.0,"gold_gain":0.0,"event_name":"Accursed Blacksmith","player_choice":"Forge","floor":3.0,"gold_loss":0.0,"damage_taken":0.0,"cards_upgraded":["MostiFishMod:FlyOverUtopia"]},{"damage_healed":0.0,"max_hp_gain":0.0,"max_hp_loss":0.0,"gold_gain":0.0,"event_name":"Match and Keep!","player_choice":"1 cards matched","floor":14.0,"gold_loss":0.0,"damage_taken":0.0,"cards_obtained":["Replay:SS_fish_1"]},{"damage_healed":0.0,"max_hp_gain":5.0,"max_hp_loss":0.0,"gold_gain":0.0,"event_name":"Forgotten Altar","player_choice":"Shed Blood","floor":21.0,"gold_loss":0.0,"damage_taken":11.0},{"damage_healed":0.0,"max_hp_gain":0.0,"max_hp_loss":0.0,"gold_gain":0.0,"event_name":"Masked Bandits","player_choice":"Fought Bandits","floor":28.0,"gold_loss":0.0,"damage_taken":0.0},{"damage_healed":0.0,"max_hp_gain":0.0,"max_hp_loss":0.0,"gold_gain":0.0,"event_name":"conspire:Investor","player_choice":"Leave","floor":38.0,"gold_loss":0.0,"damage_taken":0.0}],"is_beta":false,"boss_relics":[{"not_picked":["BloodWine","REME_LowDesire"],"picked":"HereWithMe"},{"not_picked":["HaiYi:Twilight","REME_ChargedStone"],"picked":"Transparent"}],"items_purged_floors":[12,32,47,47,49],"is_endless":false,"potions_floor_spawned":[1,5,8,16,19,22,27,40,48],"ascension_level":0}}