{"host":"nkolxg4se00n20yf","time":1610548044,"event":{"mods":["BaseMod","CatGirl Mod","Chen","Colored Map","Colored Powertips","Downfall","Friendly Minions","Infinite Spire","Kiyohime????","Marisa????????","Minty Spire (QoL Compilation)","StSLib","Td1madao Mod","The Administrix","The Cursed","The Exalted","The Hierophant","The Servant 0.9.4"],"gold_per_floor":[119,129,129,129,142,142,173,173,198,238,238,238,254,269,269,394,394,409,432,70,88,88,111,111,149,149,49,49,49,49],"floor_reached":29,"language":"ENG","playtime":940,"items_purged":["Regret","Normality"],"score":430,"play_id":"022258c2-e776-4c9f-8905-669dea4aea6f","local_time":"20210113152724","is_ascension_mode":true,"campfire_choices":[{"floor":6,"key":"REST"},{"floor":8,"key":"REST"},{"floor":11,"key":"REST"},{"floor":15,"key":"REST"},{"floor":24,"key":"REST"}],"circlet_count":0,"master_deck":["AscendersBane","Defend_B+1","Defend_B","Defend_B","Defend_B+1","Zap","Dualcast","Rebound","Beam Cell","Injury","Gash","Creative AI+1","Sweeping Beam","infinitespire:Gouge","Rebound","Loop","Thunder Strike","Cold Snap+1","Ball Lightning","Genetic Algorithm","Chill","Beam Cell+1","Bite+1","Bite+1","Bite+1","Bite+1","Bite+1"],"relics":["Cracked Core","Torii","Golden Idol","Bronze Scales","PreservedInsect","War Paint","Velvet Choker","Lizard Tail","Molten Egg 2","infinitespire:PuzzleCube"],"acts_visited":["Exordium","TheCity"],"potions_floor_usage":[7,18,18,21,25],"damage_taken":[{"damage":7,"enemies":"Jaw Worm","floor":1,"turns":4},{"damage":1,"enemies":"Cultist","floor":2,"turns":3},{"damage":17,"enemies":"2 Louse","floor":5,"turns":3},{"damage":41,"enemies":"Gremlin Nob","floor":7,"turns":5},{"damage":27,"enemies":"3 Sentries","floor":10,"turns":7},{"damage":19,"enemies":"Exordium Thugs","floor":13,"turns":4},{"damage":7,"enemies":"2 Fungi Beasts","floor":14,"turns":3},{"damage":24,"enemies":"Hexaghost","floor":16,"turns":8},{"damage":6,"enemies":"Spheric Guardian","floor":18,"turns":3},{"damage":21,"enemies":"Shell Parasite","floor":19,"turns":6},{"damage":24,"enemies":"Snake Plant","floor":21,"turns":4},{"damage":58,"enemies":"Shelled Parasite and Fungi","floor":23,"turns":5},{"damage":26,"enemies":"Slavers","floor":25,"turns":4},{"damage":28,"enemies":"3 Cultists","floor":29,"turns":4}],"seed_played":"-7727265004764346592","potions_obtained":[{"floor":1,"key":"sneckomod:MuddlingPotion"},{"floor":5,"key":"EssenceOfSteel"},{"floor":14,"key":"LiquidMemories"},{"floor":16,"key":"Swift Potion"},{"floor":18,"key":"DuplicationPotion"},{"floor":23,"key":"Block Potion"}],"is_trial":false,"path_per_floor":["M","M","?","?","M","R","E","R","T","E","R","?","M","M","R","B",null,"M","M","$","M","?","M","R","E","T","$","?","M"],"character_chosen":"DEFECT","items_purchased":["Lizard Tail"],"campfire_rested":5,"item_purchase_floors":[20],"current_hp_per_floor":[61,60,60,60,45,67,28,50,50,25,47,29,12,7,29,7,58,54,35,35,13,13,18,40,16,16,16,16,0,0],"gold":49,"neow_bonus":"ONE_RARE_RELIC","is_daily":false,"chose_seed":false,"campfire_upgraded":0,"win_rate":0.0,"timestamp":1610548044,"path_taken":["M","M","?","?","?","R","E","R","T","E","R","?","M","M","R","BOSS","M","M","$","M","?","M","R","E","T","?","?","?"],"items_purchased_type":["Relic"],"build_version":"2020-12-22","purchased_purges":2,"victory":false,"max_hp_per_floor":[75,75,75,75,75,75,75,75,75,75,75,75,75,75,75,75,75,75,75,75,75,75,75,75,75,75,75,75,75,75],"card_choices":[{"not_picked":["Cold Snap","Steam"],"picked":"Rebound","floor":1},{"not_picked":["Heatsinks","Redo"],"picked":"Beam Cell","floor":2},{"not_picked":["Ball Lightning","Compile Driver"],"picked":"Gash","floor":5},{"not_picked":["Compile Driver","Conserve Battery"],"picked":"Creative AI","floor":7},{"not_picked":["Reinforced Body","Doom and Gloom"],"picked":"Sweeping Beam","floor":10},{"not_picked":["infinitespire:UltimateForm","infinitespire:Execution"],"picked":"infinitespire:Gouge","floor":12},{"not_picked":["Undo","Blizzard"],"picked":"Rebound","floor":13},{"not_picked":["FTL","Cold Snap"],"picked":"Loop","floor":14},{"not_picked":["Creative AI","Fission"],"picked":"Thunder Strike","floor":16},{"not_picked":["Barrage","Go for the Eyes"],"picked":"Cold Snap+1","floor":18},{"not_picked":["Streamline","Compile Driver"],"picked":"Ball Lightning","floor":19},{"not_picked":["Glacier","BootSequence"],"picked":"Genetic Algorithm","floor":21},{"not_picked":["Compile Driver","Storm"],"picked":"Chill","floor":23},{"not_picked":["Rebound+1","Stack"],"picked":"Beam Cell+1","floor":25}],"player_experience":1117667,"relics_obtained":[{"floor":7,"key":"Bronze Scales"},{"floor":9,"key":"PreservedInsect"},{"floor":10,"key":"War Paint"},{"floor":25,"key":"Molten Egg 2"},{"floor":26,"key":"infinitespire:PuzzleCube"}],"event_choices":[{"damage_healed":0,"gold_gain":0,"player_choice":"Take Wound","damage_taken":0,"relics_obtained":["Golden Idol"],"max_hp_gain":0,"max_hp_loss":0,"event_name":"Golden Idol","floor":3,"gold_loss":0,"cards_obtained":["Injury"]},{"damage_healed":0,"gold_gain":0,"player_choice":"Box","damage_taken":0,"relics_obtained":["Blood Vial"],"max_hp_gain":0,"max_hp_loss":0,"event_name":"Big Fish","floor":4,"gold_loss":0,"cards_obtained":["Regret"]},{"damage_healed":0,"gold_gain":0,"player_choice":"Forge","damage_taken":0,"max_hp_gain":0,"max_hp_loss":0,"event_name":"Accursed Blacksmith","floor":22,"gold_loss":0,"cards_upgraded":["Creative AI"]},{"damage_healed":0,"gold_gain":0,"player_choice":"Became a vampire (Vial)","damage_taken":0,"max_hp_gain":0,"max_hp_loss":0,"event_name":"Vampires","floor":28,"relics_lost":["Blood Vial"],"gold_loss":0,"cards_obtained":["Bite","Bite","Bite","Bite","Bite"]}],"is_beta":false,"boss_relics":[{"not_picked":["Ectoplasm","Fusion Hammer"],"picked":"Velvet Choker"}],"items_purged_floors":[20,27],"is_endless":false,"potions_floor_spawned":[1,5,14,16,18,23],"killed_by":"3 Cultists","ascension_level":12}}