{"host":"52lujqhsyicpcskq","time":1610527946,"event":{"mods":["BaseMod","Colored Map","DeckTracker","Minty Spire (QoL Compilation)","Permanent Neow","StSLib","SuperFastMode","everything is the same but u backflip on backflip"],"gold_per_floor":[118,118,136,146,221,255,321,333,345,369,381,403,415,458,470,482,482],"floor_reached":16,"language":"KOR","playtime":724,"items_purged":[],"score":160,"play_id":"8a79e1ad-4e87-4b36-8806-055d52995afa","local_time":"20210113175226","is_ascension_mode":true,"campfire_choices":[{"floor":8,"key":"REST"},{"data":"Uppercut","floor":11,"key":"SMITH"},{"data":"Perfected Strike","floor":15,"key":"SMITH"}],"circlet_count":0,"master_deck":["Strike_R","Strike_R","Strike_R","Strike_R","Strike_R","Defend_R","Defend_R","Defend_R","Defend_R","Bash","Carnage","Perfected Strike+1","Perfected Strike","Double Tap","Uppercut+1","Combust","Battle Trance","Shockwave"],"relics":["Burning Blood","Prayer Wheel","MawBank","Pen Nib","White Beast Statue","Question Card"],"acts_visited":["Exordium"],"potions_floor_usage":[14,14,16,16],"damage_taken":[{"damage":8,"enemies":"Jaw Worm","floor":1,"turns":4},{"damage":10,"enemies":"Small Slimes","floor":3,"turns":4},{"damage":1,"enemies":"Cultist","floor":4,"turns":3},{"damage":30,"enemies":"Lagavulin","floor":6,"turns":6},{"damage":10,"enemies":"2 Fungi Beasts","floor":10,"turns":4},{"damage":16,"enemies":"Large Slime","floor":12,"turns":5},{"damage":8,"enemies":"Gremlin Nob","floor":14,"turns":3},{"damage":63,"enemies":"The Guardian","floor":16,"turns":12}],"seed_played":"-8288803371895755063","potions_obtained":[{"floor":3,"key":"DistilledChaos"},{"floor":10,"key":"Regen Potion"},{"floor":12,"key":"BlessingOfTheForge"},{"floor":14,"key":"Regen Potion"}],"is_trial":false,"path_per_floor":["M","?","M","M","?","E","T","R","T","M","R","M","?","E","R","B"],"character_chosen":"IRONCLAD","items_purchased":[],"campfire_rested":1,"item_purchase_floors":[],"current_hp_per_floor":[70,63,59,64,53,29,29,53,53,49,49,39,39,37,37,0,0],"gold":482,"neow_bonus":"ONE_RARE_RELIC","is_daily":false,"chose_seed":false,"campfire_upgraded":2,"win_rate":0.0,"timestamp":1610527946,"path_taken":["M","?","M","M","?","E","?","R","T","M","R","M","?","E","R","BOSS"],"items_purchased_type":[],"build_version":"2020-12-22","purchased_purges":0,"victory":false,"max_hp_per_floor":[80,80,80,80,80,80,80,80,80,80,80,80,80,80,80,80,80],"card_choices":[{"not_picked":["Warcry","Power Through"],"picked":"Carnage","floor":1},{"not_picked":["Entrench","Iron Wave","Warcry"],"picked":"SKIP","floor":1},{"not_picked":["Wild Strike","Iron Wave"],"picked":"Perfected Strike","floor":3},{"not_picked":["Sword Boomerang","Burning Pact","Anger"],"picked":"SKIP","floor":3},{"not_picked":["Iron Wave","Body Slam"],"picked":"Perfected Strike","floor":4},{"not_picked":["Havoc","Second Wind"],"picked":"Double Tap","floor":4},{"not_picked":["Sword Boomerang","Dark Embrace","Heavy Blade"],"picked":"SKIP","floor":6},{"not_picked":["Hemokinesis","Ghostly Armor"],"picked":"Uppercut","floor":10},{"not_picked":["Body Slam","Cleave"],"picked":"Combust","floor":10},{"not_picked":["Combust","Headbutt"],"picked":"Battle Trance","floor":12},{"not_picked":["Clash","Sword Boomerang","Anger"],"picked":"SKIP","floor":12},{"not_picked":["Blood for Blood","Headbutt"],"picked":"Shockwave","floor":14}],"player_experience":674394,"relics_obtained":[{"floor":6,"key":"MawBank"},{"floor":7,"key":"Pen Nib"},{"floor":9,"key":"White Beast Statue"},{"floor":14,"key":"Question Card"}],"event_choices":[{"cards_removed":["Writhe"],"damage_healed":0,"gold_gain":0,"player_choice":"Card Removal","damage_taken":7,"max_hp_gain":0,"max_hp_loss":0,"event_name":"Golden Wing","floor":2,"gold_loss":0},{"damage_healed":0,"gold_gain":75,"player_choice":"Gather Gold","damage_taken":11,"max_hp_gain":0,"max_hp_loss":0,"event_name":"World of Goop","floor":5,"gold_loss":0},{"damage_healed":0,"gold_gain":0,"player_choice":"Ignored","damage_taken":0,"max_hp_gain":0,"max_hp_loss":0,"event_name":"Liars Game","floor":13,"gold_loss":0}],"is_beta":false,"boss_relics":[],"items_purged_floors":[],"is_endless":false,"potions_floor_spawned":[3,10,12,14],"killed_by":"The Guardian","ascension_level":9}}