{"host":"6a06qhlf17v5rcww","time":1610521088,"event":{"mods":["Act Like it!","Aspiration","BaseMod","Beaked The Cultist","Better Altar","Better Match","Better Note","Better Sensory Stone","Better Skull","Better Third Choice","Better Vampires","BetterRewards","Block Reminder","Colored Powertips","Downfall","Gensokyo","Infinite Spire","Minty Spire (QoL Compilation)","Pale of the Ancients","Poor People Problems","Prisma Mod","Rare Cards Sparkle","Replay The Spire","Shade Mod","Slumbering Mod","StSLib","The Bug Knight","The Jungle","The Marked"],"gold_per_floor":[120,136,149,149,162,162,176,191,191,205,205,69,109,125,125,227,227,200,7,7,7,7,7,19,29,29,29,29,39,39,49,49,153,153,167,167,183,183,200,200,52,68,68,122,142,142,142,142,142,142,158,176,176,176,176,176,176,23,23,23],"floor_reached":61,"language":"ENG","playtime":9970,"items_purged":["Shame","Shame"],"score":1574,"play_id":"3548789a-6ca8-42de-a8ac-dbd9f0149668","local_time":"20210113015808","is_ascension_mode":true,"campfire_choices":[{"data":"theSlumbering:StrongFooting","floor":6.0,"key":"SMITH"},{"data":"theSlumbering:Comfortable","floor":15.0,"key":"SMITH"},{"data":"theSlumbering:Mulligan","floor":23.0,"key":"SMITH"},{"data":"ReplayTheSpireMod:Echoes of Time","floor":30.0,"key":"SMITH"},{"data":"theSlumbering:DrowsyDefend","floor":32.0,"key":"SMITH"},{"data":"infinitespire:TheBestDefense","floor":40.0,"key":"SMITH"},{"data":"theSlumbering:WokeDefend","floor":46.0,"key":"SMITH"},{"data":"infinitespire:Fortify","floor":49.0,"key":"SMITH"},{"data":"theSlumbering:Comfortable","floor":55.0,"key":"SMITH"},{"floor":57,"key":"DIG"}],"circlet_count":0,"master_deck":["theSlumbering:Defend_Slumbering","theSlumbering:Invigorate","theSlumbering:DreamEater","theSlumbering:GuardedSwipe+1","theSlumbering:StrongFooting+1","theSlumbering:ForcedThought","theSlumbering:Stretch","theSlumbering:Comfortable+1","theSlumbering:Stretch","theSlumbering:Mulligan+1","theSlumbering:NocturnalGifts","theSlumbering:Insomniac","theSlumbering:Reflect+1","expansioncontent:DecasProtection","infinitespire:TheBestDefense+1","theSlumbering:Yawn+1","theSlumbering:Yawn+1","Skewer","Flechettes","Dodge and Roll","theSlumbering:GuardedSwipe+1","theSlumbering:StumblingBlow+1","Insight","ReplayTheSpireMod:Echoes of Time+1","theSlumbering:InducedDream+1","theSlumbering:WakeUpSlap+1","theSlumbering:WokeAttack","theSlumbering:WokeAttack","theSlumbering:WokeDefend+1","theSlumbering:WokeDefend","theSlumbering:WokeDefend+1","theSlumbering:Stretch+1","theSlumbering:NocturnalGifts+1","theSlumbering:ImagineAttack+1","theSlumbering:Comfortable+1","theSlumbering:Lullaby","theSlumbering:RestedPunch+1","theSlumbering:SleepParalysis+1","theSlumbering:Comfortable+1","ReplayTheSpireMod:Book of Names","infinitespire:Fortify+1","theSlumbering:Comfortable+1","Finesse","theSlumbering:Seed"],"relics":["theSlumbering:SlumberingRelic","theSlumbering:HeartCollector","NeowsBlessing","ReplayTheSpireMod:Shallot","Replay:Bottled Flurry","infinitespire:Lucky Rock","ReplayTheSpireMod:SealedPack","infinitespire:Satchel","MutagenicStrength","Prayer Wheel","Toy Ornithopter","Chameleon Ring","Guide Book","InkBottle","Shovel","Mummified Hand","paleoftheancients:Timepiece","CultistMask","paleoftheancients:SoulOfTheGuardian","Pear","infinitespire:PuzzleCube","ReplayTheSpireMod:TigerMarble"],"acts_visited":["Exordium","TheCity","TheBeyond","TheBeyond"],"potions_floor_usage":[],"damage_taken":[{"damage":0.0,"enemies":"Cultist","floor":1.0,"turns":1.0},{"damage":0.0,"enemies":"theSlumbering:NewCultist","floor":2.0,"turns":1.0},{"damage":0.0,"enemies":"Small Slimes","floor":3.0,"turns":1.0},{"damage":0.0,"enemies":"Exordium Thugs","floor":5.0,"turns":9.0},{"damage":0.0,"enemies":"theSlumbering:NewSlaver","floor":7.0,"turns":4.0},{"damage":0.0,"enemies":"Blue Slaver","floor":8.0,"turns":7.0},{"damage":0.0,"enemies":"Looter","floor":10.0,"turns":3.0},{"damage":0.0,"enemies":"Lots of Slimes","floor":14.0,"turns":4.0},{"damage":0.0,"enemies":"Slime Boss","floor":16.0,"turns":6.0},{"damage":0.0,"enemies":"2 Thieves","floor":18.0,"turns":5.0},{"damage":0.0,"enemies":"Dream Cultist and Chosen","floor":24.0,"turns":8.0},{"damage":0.0,"enemies":"Snecko","floor":25.0,"turns":6.0},{"damage":0.0,"enemies":"Shelled Parasite and Fungi","floor":29.0,"turns":5.0},{"damage":0.0,"enemies":"Chosen and Byrds","floor":31.0,"turns":9.0},{"damage":0.0,"enemies":"Automaton","floor":33.0,"turns":15.0},{"damage":0.0,"enemies":"Orb Walker","floor":35.0,"turns":5.0},{"damage":0.0,"enemies":"3 Darklings","floor":37.0,"turns":24.0},{"damage":0.0,"enemies":"Transient","floor":39.0,"turns":5.0},{"damage":0.0,"enemies":"Spire Growth","floor":42.0,"turns":6.0},{"damage":0.0,"enemies":"2 Orb Walkers","floor":44.0,"turns":8.0},{"damage":0.0,"enemies":"4 Shapes","floor":45.0,"turns":9.0},{"damage":0.0,"enemies":"Donu and Deca","floor":50.0,"turns":10.0},{"damage":0.0,"enemies":"Donu and Deca","floor":51.0,"turns":7.0},{"damage":0.0,"enemies":"Donu and Deca","floor":52.0,"turns":3.0},{"damage":10,"enemies":"","floor":56,"turns":9},{"damage":0,"enemies":"paleoftheancients:N","floor":60,"turns":3}],"seed_played":"6850816268634676087","potions_obtained":[{"floor":1.0,"key":"AttackPotion"},{"floor":5.0,"key":"DuplicationPotion"},{"floor":8.0,"key":"EntropicBrew"},{"floor":14.0,"key":"hexamod:EctoCoolerPotion"},{"floor":24.0,"key":"Reflective Coating"},{"floor":25.0,"key":"theSlumbering:NewPotion"},{"floor":31.0,"key":"Energy Potion"},{"floor":37.0,"key":"ColorlessPotion"},{"floor":39.0,"key":"SteroidPotion"},{"floor":42.0,"key":"PowerPotion"}],"is_trial":false,"path_per_floor":["M","M","M","T","M","R","M","M","T","M","?","$","?","M","R","B",null,"M","$","?","?","?","R","M","M","T","?","AVR","M","R","M","R","B",null,"M","$","M","?","M","R","$","M","T","?","M","R","?","AVR","R","B","M","M","?","T","R","M","R","$","?","B",null],"character_chosen":"THE_SLUMBERING","items_purchased":["theSlumbering:Mulligan","theSlumbering:Yawn+1","infinitespire:Satchel","Guide Book","ReplayTheSpireMod:TigerMarble"],"campfire_rested":0,"item_purchase_floors":[12,19,19,41,58],"current_hp_per_floor":[1,1,1,1,1,1,1,1,1,1,1,1,1,1,1,1,1,1,1,1,1,1,1,1,1,1,1,1,1,1,1,1,1,1,1,1,1,1,1,1,1,1,1,1,1,1,1,1,1,1,1,1,1,1,1,1,1,1,1,1],"gold":23,"neow_bonus":"THREE_ENEMY_KILL","is_daily":false,"chose_seed":false,"campfire_upgraded":9,"win_rate":0.0,"timestamp":1610521088,"path_taken":["M","M","M","?","?","R","M","M","T","M","?","$","?","?","R","BOSS","M","$","?","?","?","R","M","M","T","?","AVR","?","R","M","R","BOSS","M","?","?","?","M","R","$","M","T","?","M","R","?","AVR","R","BOSS","M","M","?","T","R","M","R","$","?","BOSS"],"items_purchased_type":["Card","Card","Relic","Relic","Relic"],"build_version":"2020-12-22","purchased_purges":2,"victory":true,"max_hp_per_floor":[1,1,1,1,1,1,1,1,1,1,1,1,1,1,1,1,1,1,1,1,1,1,1,1,1,1,1,1,1,1,1,1,1,1,1,1,1,1,1,1,1,1,1,1,1,1,1,1,1,1,1,1,1,1,1,1,1,1,1,1],"card_choices":[{"not_picked":["theSlumbering:LastResort","theSlumbering:SideSleeper","theSlumbering:WakeUpSlap"],"picked":"SKIP","floor":1.0},{"not_picked":["theSlumbering:InducedDream","theSlumbering:AlarmedStrike"],"picked":"theSlumbering:GuardedSwipe","floor":2.0},{"not_picked":["theSlumbering:NocturnalGifts","theSlumbering:Sleepwalk"],"picked":"theSlumbering:StrongFooting","floor":3.0},{"not_picked":["theSlumbering:SoundBarrier","theSlumbering:NocturnalGifts"],"picked":"theSlumbering:ForcedThought","floor":5.0},{"not_picked":["theSlumbering:AlarmedStrike","theSlumbering:ImagineAttack"],"picked":"theSlumbering:Stretch","floor":7.0},{"not_picked":["theSlumbering:FalseNap","theSlumbering:LastResort"],"picked":"theSlumbering:Comfortable","floor":8.0},{"not_picked":["theSlumbering:FullGuard","theSlumbering:Comfortable"],"picked":"theSlumbering:Stretch","floor":10.0},{"not_picked":["theSlumbering:NocturnalGifts","theSlumbering:EnergyShift","theSlumbering:WakeUpSlap"],"picked":"SKIP","floor":14.0},{"not_picked":["theSlumbering:EnergyShift","theSlumbering:WakeUpSlap"],"picked":"theSlumbering:NocturnalGifts","floor":14.0},{"not_picked":["theSlumbering:RecurringDream","theSlumbering:RunTheGamut"],"picked":"theSlumbering:Insomniac","floor":16.0},{"not_picked":["Slimebound:Tackle","theSlumbering:BasicAttack"],"picked":"theSlumbering:BasicDefend","floor":17.0},{"not_picked":["theSlumbering:RunTheGamut","theSlumbering:TheSeed"],"picked":"theSlumbering:Reflect","floor":17.0},{"not_picked":["expansioncontent:PolyBeam","Replay:SS_forest_6"],"picked":"expansioncontent:DecasProtection","floor":17.0},{"not_picked":["ReplayTheSpireMod:Haul","ReplayTheSpireMod:??????????????????????"],"picked":"infinitespire:TheBestDefense","floor":17.0},{"not_picked":["theSlumbering:CountingSheep","theSlumbering:InducedDream+1"],"picked":"theSlumbering:Yawn+1","floor":18.0},{"not_picked":["theSlumbering:SoundBarrier+1","theSlumbering:Jab"],"picked":"theSlumbering:GuardedSwipe+1","floor":24.0},{"not_picked":["theSlumbering:Insomnia","theSlumbering:AlarmedStrike","theSlumbering:Sleepwalk"],"picked":"SKIP","floor":24.0},{"not_picked":["theSlumbering:SoundBarrier","theSlumbering:WakeUpSlap"],"picked":"theSlumbering:StumblingBlow+1","floor":25.0},{"not_picked":["theSlumbering:WakeUpSlap","theSlumbering:NocturnalGifts","theSlumbering:Jab"],"picked":"SKIP","floor":25.0},{"not_picked":["theSlumbering:NarcolepticEpisode","theSlumbering:Stretch"],"picked":"theSlumbering:InducedDream+1","floor":29.0},{"not_picked":["theSlumbering:CurlUp","theSlumbering:FalseNap","theSlumbering:Jab"],"picked":"SKIP","floor":29.0},{"not_picked":["theSlumbering:FullGuard","theSlumbering:Nightmare"],"picked":"theSlumbering:WakeUpSlap+1","floor":31.0},{"not_picked":["theSlumbering:CountingSheep","theSlumbering:CurlUp+1","theSlumbering:StrongFooting"],"picked":"SKIP","floor":31.0},{"not_picked":["theSlumbering:Insomniac","theSlumbering:PrepareAlarm"],"picked":"theSlumbering:TheSeed","floor":33.0},{"not_picked":["theSlumbering:Hallucinations","theSlumbering:NocturnalGifts+1"],"picked":"theSlumbering:Stretch+1","floor":35.0},{"not_picked":["theSlumbering:HeavySleeper","theSlumbering:FullGuard+1"],"picked":"theSlumbering:NocturnalGifts+1","floor":35.0},{"not_picked":["theSlumbering:ExtraArm+1","theSlumbering:SleepParalysis+1"],"picked":"theSlumbering:ImagineAttack+1","floor":37.0},{"not_picked":["theSlumbering:StrongFooting","theSlumbering:Sleepwalk+1","theSlumbering:ExtraArm"],"picked":"SKIP","floor":37.0},{"not_picked":["theSlumbering:ForcedThought+1","theSlumbering:BindingBlow"],"picked":"theSlumbering:Comfortable+1","floor":39.0},{"not_picked":["theSlumbering:InducedMemory","theSlumbering:Sleepwalk+1","theSlumbering:FocusedStrike"],"picked":"SKIP","floor":39.0},{"not_picked":["theSlumbering:TrialsofHypnos","theSlumbering:FullGuard+1"],"picked":"theSlumbering:Lullaby","floor":42.0},{"not_picked":["theSlumbering:PanicAttack","theSlumbering:NocturnalGifts","theSlumbering:FullGuard"],"picked":"SKIP","floor":42.0},{"not_picked":["theSlumbering:WakeUpSlap+1","theSlumbering:GuardedSwipe"],"picked":"theSlumbering:RestedPunch+1","floor":44.0},{"not_picked":["theSlumbering:RestedPunch+1","theSlumbering:RecklessBlow+1"],"picked":"theSlumbering:SleepParalysis+1","floor":45.0},{"not_picked":["theSlumbering:WakeUpSlap+1","theSlumbering:ImagineAttack+1"],"picked":"theSlumbering:Comfortable+1","floor":45.0},{"not_picked":["infinitespire:FinalStrike","infinitespire:SealOfDarkness+"],"picked":"ReplayTheSpireMod:Book of Names","floor":47.0},{"not_picked":["theSlumbering:FocusedStrike","theSlumbering:StrongFooting"],"picked":"theSlumbering:Comfortable","floor":51.0},{"not_picked":["theSlumbering:Jab","theSlumbering:Stretch+1","theSlumbering:NightTerror+1"],"picked":"SKIP","floor":51.0},{"not_picked":["theSlumbering:HeavySleeper+1","theSlumbering:InescapableThoughts","theSlumbering:ForcedThought"],"picked":"SKIP","floor":52.0},{"not_picked":["theSlumbering:FullGuard+1","theSlumbering:NarcolepticEpisode","theSlumbering:StrongFooting"],"picked":"SKIP","floor":52.0},{"not_picked":["expansioncontent:HyperBeam","expansioncontent:TimeRipple"],"picked":"Finesse","floor":53.0}],"player_experience":755577,"relics_obtained":[{"floor":4.0,"key":"ReplayTheSpireMod:Shallot"},{"floor":9.0,"key":"Replay:Bottled Flurry"},{"floor":11.0,"key":"infinitespire:Lucky Rock"},{"floor":26.0,"key":"Toy Ornithopter"},{"floor":43.0,"key":"InkBottle"},{"floor":44.0,"key":"Shovel"},{"floor":51.0,"key":"paleoftheancients:SoulOfTheGuardian"},{"floor":54.0,"key":"Pear"},{"floor":57,"key":"infinitespire:PuzzleCube"}],"event_choices":[{"damage_healed":0.0,"max_hp_gain":0.0,"max_hp_loss":0.0,"gold_gain":0.0,"event_name":"The Woman in Blue","player_choice":"Bought 0 Potions","floor":13.0,"gold_loss":0.0,"damage_taken":0.0},{"damage_healed":0.0,"max_hp_gain":0.0,"max_hp_loss":0.0,"gold_gain":0.0,"event_name":"Drug Dealer","player_choice":"Inject Mutagens","floor":21.0,"gold_loss":0.0,"damage_taken":0.0,"relics_obtained":["MutagenicStrength"]},{"damage_healed":0.0,"max_hp_gain":0.0,"max_hp_loss":0.0,"gold_gain":0.0,"event_name":"Addict","player_choice":"Stole Relic","floor":22.0,"gold_loss":0.0,"damage_taken":0.0,"relics_obtained":["Prayer Wheel"],"cards_obtained":["Shame"]},{"damage_healed":0.0,"max_hp_gain":0.0,"max_hp_loss":0.0,"gold_gain":0.0,"event_name":"betterThird:BetterWriting","player_choice":"Insight","floor":27.0,"gold_loss":0.0,"damage_taken":0.0,"cards_obtained":["Insight"]},{"cards_removed":["theSlumbering:Redemption"],"damage_healed":0.0,"max_hp_gain":0.0,"max_hp_loss":0.0,"gold_gain":0.0,"event_name":"Falling","player_choice":"Removed Power","floor":38.0,"gold_loss":0.0,"damage_taken":0.0},{"damage_healed":0.0,"max_hp_gain":0.0,"max_hp_loss":0.0,"gold_gain":0.0,"event_name":"Mysterious Sphere","player_choice":"Fight","floor":44.0,"gold_loss":0.0,"damage_taken":0.0},{"damage_healed":0.0,"max_hp_gain":0.0,"max_hp_loss":0.0,"gold_gain":4.0,"event_name":"betterStone:BetterStone","player_choice":"1","floor":53.0,"gold_loss":0.0,"damage_taken":0.0}],"is_beta":false,"boss_relics":[{"not_picked":["aspiration:SilentSkillbook","Runic Pyramid"],"picked":"ReplayTheSpireMod:SealedPack"},{"not_picked":["ReplayTheSpireMod:DimensionalGlitch","Pandora\u0027s Box","Honey Jar"]}],"items_purged_floors":[28,48],"is_endless":false,"potions_floor_spawned":[1,5,8,14,24,25,31,37,39,42,56],"ascension_level":2}}