{"host":"lsq35p0sdkx2xifo","time":1610518172,"event":{"mods":["AchievementEnabler","BaseMod","Highlight Path","Minty Spire (QoL Compilation)","StSLib","The Senshi"],"gold_per_floor":[111,122,30,30,81,81,94,94,118,118,118,118],"floor_reached":11,"language":"ENG","playtime":280,"items_purged":[],"score":92,"play_id":"39f3063f-37ce-4ece-a5ed-a7e2fcd53ea4","local_time":"20210112220932","is_ascension_mode":true,"campfire_choices":[{"data":"Zap","floor":6,"key":"SMITH"},{"data":"Redo","floor":8,"key":"SMITH"},{"data":"Dualcast","floor":10,"key":"SMITH"}],"circlet_count":0,"master_deck":["AscendersBane","Strike_B","Strike_B","Strike_B","Strike_B","Defend_B","Defend_B","Defend_B","Defend_B","Zap+1","Dualcast+1","All For One","Capacitor","Turbo","Redo+1","Cold Snap","Conserve Battery"],"relics":["Cracked Core","Omamori","Boot"],"acts_visited":["Exordium"],"potions_floor_usage":[7,11],"damage_taken":[{"damage":7,"enemies":"Jaw Worm","floor":1,"turns":3},{"damage":5,"enemies":"Cultist","floor":2,"turns":4},{"damage":0,"enemies":"2 Louse","floor":7,"turns":1},{"damage":41,"enemies":"Gremlin Nob","floor":11,"turns":3}],"seed_played":"6203971558443749473","potions_obtained":[{"floor":1,"key":"SkillPotion"},{"floor":2,"key":"Explosive Potion"}],"is_trial":false,"path_per_floor":["M","M","$","?","T","R","M","R","T","R","E"],"character_chosen":"DEFECT","items_purchased":["Redo","Cold Snap"],"campfire_rested":0,"item_purchase_floors":[3,3],"current_hp_per_floor":[43,38,38,38,38,38,38,38,38,38,0,0],"gold":118,"neow_bonus":"THREE_RARE_CARDS","is_daily":false,"chose_seed":false,"campfire_upgraded":3,"win_rate":0.0,"timestamp":1610518172,"path_taken":["M","M","$","?","?","R","M","R","T","R","E"],"items_purchased_type":["Card","Card"],"build_version":"2020-12-22","purchased_purges":0,"victory":false,"max_hp_per_floor":[75,75,75,75,75,75,75,75,75,75,75,75],"card_choices":[{"not_picked":["Fission","Core Surge"],"picked":"All For One","floor":0},{"not_picked":["Steam","Recycle"],"picked":"Capacitor","floor":1},{"not_picked":["Auto Shields","Hologram"],"picked":"Turbo","floor":2},{"not_picked":["Undo","Rebound"],"picked":"Conserve Battery","floor":7}],"player_experience":1338092,"relics_obtained":[{"floor":5,"key":"Omamori"},{"floor":9,"key":"Boot"}],"event_choices":[{"damage_healed":0,"gold_gain":0,"player_choice":"Ignored","damage_taken":0,"max_hp_gain":0,"max_hp_loss":0,"event_name":"Shining Light","floor":4,"gold_loss":0}],"is_beta":false,"boss_relics":[],"items_purged_floors":[],"is_endless":false,"potions_floor_spawned":[1,2],"killed_by":"Gremlin Nob","ascension_level":10}}