{"host":"k5wd0jv1m6dz3iwi","time":1610530164,"event":{"mods":["BaseMod","Better Vampires","Challenge The Spire","Custom Start","Highlight Path","Minty Spire (QoL Compilation)","Rare Cards Sparkle","Relic Stats","Slay the Relics Exporter","StSLib","everything is the same but u backflip on backflip"],"gold_per_floor":[114,127,145,3,78,113,113,131,131,131,162,162,162,178,178,178,178],"floor_reached":16,"language":"ENG","playtime":512,"items_purged":[],"score":193,"play_id":"ebf99c4b-d03d-4d72-8a33-56a84a0e73b3","local_time":"20210113092924","daily_mods":["Allstar","Blue Cards","Lethality"],"is_ascension_mode":true,"campfire_choices":[{"data":"Dramatic Entrance","floor":7,"key":"SMITH"},{"data":"Thunderclap","floor":12,"key":"SMITH"},{"data":"Sword Boomerang","floor":15,"key":"SMITH"}],"circlet_count":0,"master_deck":["AscendersBane","Strike_R","Strike_R","Strike_R","Strike_R","Strike_R","Defend_R","Defend_R+1","Defend_R","Defend_R","Bash","Dramatic Entrance+1","The Bomb","Finesse","Transmutation","Thunderclap+1","Feel No Pain","Sword Boomerang+1","Core Surge","Battle Trance","Battle Trance","Enlightenment+1"],"relics":["Burning Blood","Meat on the Bone","Mercury Hourglass"],"acts_visited":["Exordium"],"potions_floor_usage":[6,16],"damage_taken":[{"damage":0,"enemies":"Cultist","floor":1,"turns":3},{"damage":0,"enemies":"2 Louse","floor":2,"turns":1},{"damage":9,"enemies":"Small Slimes","floor":3,"turns":2},{"damage":3,"enemies":"3 Sentries","floor":6,"turns":3},{"damage":0,"enemies":"Exordium Wildlife","floor":8,"turns":1},{"damage":19,"enemies":"Gremlin Nob","floor":11,"turns":3},{"damage":0,"enemies":"Large Slime","floor":14,"turns":1},{"damage":56,"enemies":"The Guardian","floor":16,"turns":8}],"seed_played":"-5742283443806302210","potions_obtained":[{"floor":1,"key":"Weak Potion"},{"floor":2,"key":"SteroidPotion"},{"floor":11,"key":"Ancient Potion"}],"is_trial":true,"path_per_floor":["M","M","M","$","?","E","R","M","T","?","E","R","?","M","R","B"],"character_chosen":"IRONCLAD","items_purchased":["Core Surge"],"campfire_rested":0,"item_purchase_floors":[4],"current_hp_per_floor":[74,75,72,72,61,64,64,70,70,70,57,57,34,52,52,0,0],"gold":178,"neow_bonus":"","is_daily":false,"chose_seed":false,"campfire_upgraded":3,"win_rate":0.0,"timestamp":1610530164,"path_taken":["M","M","M","$","?","E","R","M","T","?","E","R","?","?","R","BOSS"],"items_purchased_type":["Card"],"build_version":"2020-12-22","purchased_purges":0,"victory":false,"max_hp_per_floor":[75,75,75,75,75,75,75,75,75,75,75,75,75,75,75,75,75],"relic_stats":{"counters":[8,22],"obtain_stats":[{"Burning Blood":0,"Meat on the Bone":9,"Mercury Hourglass":11},{"Burning Blood":0,"Meat on the Bone":5,"Mercury Hourglass":6},{"Burning Blood":0,"Meat on the Bone":10,"Mercury Hourglass":13}],"Burning Blood":37,"Meat on the Bone":12,"Mercury Hourglass":[24]},"card_choices":[{"not_picked":["Lockon","Coolheaded"],"picked":"Thunderclap","floor":1},{"not_picked":["Ghostly Armor","Havoc"],"picked":"Feel No Pain","floor":2},{"not_picked":["Chill","Body Slam"],"picked":"Sword Boomerang","floor":3},{"not_picked":["Conserve Battery","White Noise"],"picked":"Battle Trance","floor":6},{"not_picked":["Sentinel","Rebound"],"picked":"Battle Trance","floor":8},{"not_picked":["Cold Snap","Headbutt","Dark Embrace"],"picked":"SKIP","floor":11},{"not_picked":["Force Field","Blizzard","Fire Breathing"],"picked":"SKIP","floor":14}],"player_experience":1252202,"relics_obtained":[{"floor":9,"key":"Meat on the Bone"},{"floor":11,"key":"Mercury Hourglass"}],"event_choices":[{"damage_healed":0,"gold_gain":75,"player_choice":"Gather Gold","damage_taken":11,"max_hp_gain":0,"max_hp_loss":0,"event_name":"World of Goop","floor":5,"gold_loss":0},{"damage_healed":0,"gold_gain":0,"cards_transformed":["Forethought"],"player_choice":"Change","damage_taken":0,"max_hp_gain":0,"max_hp_loss":0,"event_name":"Living Wall","floor":10,"gold_loss":0,"cards_obtained":["Enlightenment"]},{"damage_healed":0,"gold_gain":0,"player_choice":"Entered Light","damage_taken":23,"max_hp_gain":0,"max_hp_loss":0,"event_name":"Shining Light","floor":13,"gold_loss":0,"cards_upgraded":["Defend_R","Enlightenment"]}],"is_beta":false,"boss_relics":[],"items_purged_floors":[],"is_endless":false,"potions_floor_spawned":[1,2,11],"killed_by":"The Guardian","ascension_level":15}}