{"host":"9fpqyohhfgykisug","time":1610548194,"event":{"mods":["BaseMod","Block Reminder","DeckTracker","Highlight Path","Minty Spire (QoL Compilation)","Permanent Neow","Quick Restart"],"gold_per_floor":[110,128,139,94,106,138,153,133,157,170,24,24,36,50,50,146,146,163,109,124,141,154,154,154,154],"floor_reached":24,"language":"PTB","playtime":1992,"items_purged":[],"score":204,"play_id":"d1f9d604-1151-40c1-88a4-9a4f325d8e85","local_time":"20210113112954","is_ascension_mode":false,"campfire_choices":[{"floor":12,"key":"REST"},{"floor":15,"key":"REST"},{"floor":23,"key":"REST"}],"circlet_count":0,"master_deck":["Strike_G","Strike_G","Strike_G","Strike_G","Strike_G","Defend_G","Defend_G","Defend_G","Defend_G","Defend_G","Survivor","Neutralize","Outmaneuver","All Out Attack","Terror","Blade Dance","Poisoned Stab","Dagger Throw","Acrobatics","Tactician","Riddle With Holes","Backflip","Quick Slash","After Image","All Out Attack+1","Blade Dance","Expertise","Blade Dance+1"],"relics":["HoveringKite","Snake Skull","PreservedInsect","Philosopher\u0027s Stone","Orichalcum"],"acts_visited":["Exordium","TheCity"],"potions_floor_usage":[16,22,24],"damage_taken":[{"damage":1.0,"enemies":"Cultist","floor":1.0,"turns":5.0},{"damage":2.0,"enemies":"2 Louse","floor":2.0,"turns":6.0},{"damage":2.0,"enemies":"Jaw Worm","floor":3.0,"turns":6.0},{"damage":0.0,"enemies":"Lots of Slimes","floor":5.0,"turns":2.0},{"damage":23.0,"enemies":"Gremlin Nob","floor":6.0,"turns":4.0},{"damage":3.0,"enemies":"2 Fungi Beasts","floor":7.0,"turns":3.0},{"damage":8,"enemies":"Exordium Wildlife","floor":10,"turns":3},{"damage":5,"enemies":"Exordium Thugs","floor":13,"turns":5},{"damage":12,"enemies":"Gremlin Gang","floor":14,"turns":4},{"damage":17,"enemies":"Hexaghost","floor":16,"turns":8},{"damage":8,"enemies":"Shell Parasite","floor":18,"turns":5},{"damage":19,"enemies":"Spheric Guardian","floor":20,"turns":4},{"damage":24,"enemies":"Cultist and Chosen","floor":21,"turns":8},{"damage":11,"enemies":"Shelled Parasite and Fungi","floor":22,"turns":4},{"damage":29,"enemies":"Snake Plant","floor":24,"turns":2}],"seed_played":"-6350742207404267833","potions_obtained":[{"floor":1.0,"key":"AttackPotion"},{"floor":2.0,"key":"CultistPotion"},{"floor":3.0,"key":"Poison Potion"},{"floor":8.0,"key":"BlessingOfTheForge"},{"floor":16,"key":"Block Potion"}],"is_trial":false,"path_per_floor":["M","M","M","?","M","E","M","?","T","M","$","R","M","M","R","B",null,"M","?","M","M","M","R","M"],"character_chosen":"THE_SILENT","items_purchased":["Tactician","Riddle With Holes"],"campfire_rested":3,"item_purchase_floors":[11,11],"current_hp_per_floor":[69,67,65,65,65,42,39,39,39,31,31,52,47,35,56,39,70,62,62,43,19,8,29,0,0],"gold":154,"neow_bonus":"BOSS_RELIC","is_daily":false,"chose_seed":false,"campfire_upgraded":0,"win_rate":0.0,"timestamp":1610548194,"path_taken":["M","M","?","?","M","E","M","?","T","?","$","R","M","M","R","BOSS","M","?","?","M","M","R","M"],"items_purchased_type":["Card","Card"],"build_version":"2020-12-22","purchased_purges":0,"victory":false,"max_hp_per_floor":[70,70,70,70,70,70,70,70,70,70,70,70,70,70,70,70,70,70,70,70,70,70,70,70,70],"card_choices":[{"not_picked":["Quick Slash","PiercingWail"],"picked":"Outmaneuver","floor":1.0},{"not_picked":["Sucker Punch","Backflip"],"picked":"All Out Attack","floor":2.0},{"not_picked":["Backstab","Deflect"],"picked":"Terror","floor":3.0},{"not_picked":["Outmaneuver","Endless Agony"],"picked":"Blade Dance","floor":5.0},{"not_picked":["Dagger Spray","Choke"],"picked":"Poisoned Stab","floor":6.0},{"not_picked":["PiercingWail","Sucker Punch"],"picked":"Dagger Throw","floor":7.0},{"not_picked":["Outmaneuver","PiercingWail"],"picked":"Acrobatics","floor":10},{"not_picked":["Reflex","Poisoned Stab"],"picked":"Backflip","floor":13},{"not_picked":["Escape Plan","Slice"],"picked":"Quick Slash","floor":14},{"not_picked":["Wraith Form v2","Night Terror"],"picked":"After Image","floor":16},{"not_picked":["Dagger Spray","Bouncing Flask"],"picked":"All Out Attack+1","floor":18},{"not_picked":["Heel Hook","Dagger Throw"],"picked":"Blade Dance","floor":20},{"not_picked":["Skewer+1","Backstab+1"],"picked":"Expertise","floor":21},{"not_picked":["Eviscerate","Underhanded Strike+1"],"picked":"Blade Dance+1","floor":22}],"player_experience":37349,"relics_obtained":[{"floor":6.0,"key":"Snake Skull"},{"floor":9,"key":"PreservedInsect"}],"event_choices":[{"damage_healed":0.0,"max_hp_gain":0.0,"max_hp_loss":0.0,"gold_gain":0.0,"event_name":"World of Goop","player_choice":"Left Gold","floor":4.0,"gold_loss":45.0,"damage_taken":0.0},{"damage_healed":0.0,"max_hp_gain":0.0,"max_hp_loss":0.0,"gold_gain":0.0,"event_name":"The Woman in Blue","player_choice":"Bought 1 Potion","floor":8.0,"gold_loss":0.0,"damage_taken":0.0},{"damage_healed":0,"gold_gain":0,"player_choice":"Paid Gold","damage_taken":0,"relics_obtained":["Orichalcum"],"max_hp_gain":0,"max_hp_loss":0,"event_name":"WeMeetAgain","floor":19,"gold_loss":54}],"is_beta":false,"boss_relics":[{"not_picked":["Ectoplasm","Fusion Hammer"],"picked":"Philosopher\u0027s Stone"}],"items_purged_floors":[],"is_endless":false,"potions_floor_spawned":[1,2,3,16,18],"killed_by":"Snake Plant","ascension_level":0}}