{"host":"xyxrly520c9wnx4a","time":1610567044,"event":{"mods":["AchievementEnabler","Act Like it!","BaseMod","Colored Powertips","Downfall","Minty Spire (QoL Compilation)","Quick Restart","Relic Stats","Replay The Spire","StSLib","Twitch Decklist","UnlockEverythingMod","【功能Mod】混沌之环修复补丁"],"gold_per_floor":[119,132,149,99,110,142,142,167,190,222,397,397,416,57,57,158,158,173,173,184,184,184],"floor_reached":21,"language":"ZHS","playtime":2144,"items_purged":["Doubt"],"score":209,"play_id":"f5560f9b-938c-40c1-b738-ff45c9a1cd2b","local_time":"20210114034404","is_ascension_mode":true,"campfire_choices":[{"floor":7,"key":"REST"},{"floor":12,"key":"REST"},{"floor":15,"key":"REST"}],"circlet_count":0,"master_deck":["Defend_B","Defend_B","Zap","Dualcast","White Noise","Compile Driver","Time Bomb","Multi-Cast","Redo","Genetic Algorithm","Loop","Lockon","Ball Lightning","Ball Lightning","Creative AI","Parasite","Replay:Hysterical Blindness","Coolheaded","Hologram+1"],"relics":["Fusion Hammer","Oddly Smooth Stone","Lantern","Centennial Puzzle","Bag of Marbles","Matryoshka","Kintsugi","Nilry\u0027s Codex"],"acts_visited":["Exordium","TheCity"],"potions_floor_usage":[10,20,20,20,21],"damage_taken":[{"damage":3,"enemies":"2 Louse","floor":1,"turns":3},{"damage":4,"enemies":"Jaw Worm","floor":2,"turns":4},{"damage":0,"enemies":"Small Slimes","floor":3,"turns":2},{"damage":2,"enemies":"Red Slaver","floor":5,"turns":4},{"damage":26,"enemies":"Lagavulin","floor":6,"turns":5},{"damage":7,"enemies":"Replay:BlueRogue","floor":8,"turns":6},{"damage":31,"enemies":"3 Sentries","floor":10,"turns":7},{"damage":10,"enemies":"Large Slime","floor":13,"turns":5},{"damage":36,"enemies":"Fading Forest","floor":16,"turns":11},{"damage":14,"enemies":"Shell Parasite","floor":18,"turns":4},{"damage":30,"enemies":"2 Thieves","floor":20,"turns":4},{"damage":0,"enemies":"Snake Plant","floor":21,"turns":1}],"seed_played":"6149972276177295335","potions_obtained":[{"floor":1,"key":"Fire Potion"},{"floor":3,"key":"Strength Potion"},{"floor":8,"key":"EntropicBrew"},{"floor":13,"key":"Strength Potion"},{"floor":16,"key":"CultistPotion"},{"floor":20,"key":"Strength Potion"}],"is_trial":false,"path_per_floor":["M","M","M","?","M","E","R","E","T","E","?","R","M","$","R","B",null,"M","?","M","M"],"character_chosen":"DEFECT","items_purchased":["Matryoshka","Ball Lightning"],"campfire_rested":3,"item_purchase_floors":[14,14],"current_hp_per_floor":[72,68,68,68,66,40,62,55,55,24,24,46,36,36,58,22,75,61,45,15,15,15],"gold":184,"neow_bonus":"BOSS_RELIC","is_daily":false,"chose_seed":false,"campfire_upgraded":0,"win_rate":0.0,"timestamp":1610567044,"path_taken":["M","M","M","?","M","E","R","E","T","E","?","R","M","$","R","BOSS","M","?","M","M"],"items_purchased_type":["Relic","Card"],"build_version":"2020-12-22","purchased_purges":1,"victory":false,"max_hp_per_floor":[75,75,75,75,75,75,75,75,75,75,75,75,75,75,75,75,75,75,75,75,75,75],"relic_stats":{"Centennial Puzzle":[15],"counters":[12,56],"obtain_stats":[{"Lantern":8,"Centennial Puzzle":9,"Matryoshka":14,"Nilry\u0027s Codex":19,"Oddly Smooth Stone":6,"Fusion Hammer":0,"Bag of Marbles":10,"Kintsugi":17,"Cracked Core":0},{"Lantern":6,"Centennial Puzzle":6,"Matryoshka":8,"Nilry\u0027s Codex":10,"Oddly Smooth Stone":5,"Fusion Hammer":0,"Bag of Marbles":7,"Kintsugi":9,"Cracked Core":0},{"Lantern":24,"Centennial Puzzle":24,"Matryoshka":36,"Nilry\u0027s Codex":51,"Oddly Smooth Stone":18,"Fusion Hammer":0,"Bag of Marbles":31,"Kintsugi":47,"Cracked Core":0}]},"card_choices":[{"not_picked":["Chaos","Barrage"],"picked":"White Noise","floor":1},{"not_picked":["Leap","Sweeping Beam"],"picked":"Compile Driver","floor":2},{"not_picked":["Cold Snap","Chaos"],"picked":"Time Bomb","floor":3},{"not_picked":["Stack","Ball Lightning"],"picked":"Multi-Cast","floor":5},{"not_picked":["Reprogram","Cold Snap"],"picked":"Redo","floor":6},{"not_picked":["Glacier","Panic Button"],"picked":"Genetic Algorithm","floor":8},{"not_picked":["Redo","Ball Lightning"],"picked":"Loop","floor":10},{"not_picked":["Stack","Rebound"],"picked":"Lockon","floor":13},{"not_picked":["Mirror Shield","Core Surge"],"picked":"Creative AI","floor":16},{"not_picked":["FTL","Tempest+1"],"picked":"Coolheaded","floor":18},{"not_picked":["FTL","BasicCrystalCard"],"picked":"Hologram+1","floor":20}],"player_experience":72272,"relics_obtained":[{"floor":6,"key":"Oddly Smooth Stone"},{"floor":8,"key":"Lantern"},{"floor":9,"key":"Centennial Puzzle"},{"floor":10,"key":"Bag of Marbles"},{"floor":19,"key":"Nilry\u0027s Codex"}],"event_choices":[{"cards_removed":["Strike_B"],"damage_healed":0,"gold_gain":0,"player_choice":"Card Removal","damage_taken":0,"max_hp_gain":0,"max_hp_loss":0,"event_name":"The Cleric","floor":4,"gold_loss":50},{"damage_healed":0,"gold_gain":175,"player_choice":"AGREE","damage_taken":0,"max_hp_gain":0,"max_hp_loss":0,"event_name":"Liars Game","floor":11,"gold_loss":0,"cards_obtained":["Doubt"]},{"damage_healed":0,"gold_gain":0,"player_choice":"Obtained Book","damage_taken":16,"max_hp_gain":0,"max_hp_loss":0,"event_name":"Cursed Tome","floor":19,"gold_loss":0}],"is_beta":false,"boss_relics":[{"not_picked":["Tiny House","Busted Crown"],"picked":"Kintsugi"}],"items_purged_floors":[14],"is_endless":false,"potions_floor_spawned":[1,3,8,13,16,20],"killed_by":"Snake Plant","ascension_level":1}}