{"host":"tnu4ypcvorrhmtm6","time":1610564398,"event":{"mods":["ATMod(°¢èªMod)","BaseMod","Conspire","GungeonMod","Minty Spire (QoL Compilation)","MostiFishMod","Replay The Spire","RumiaBox-Â¶Ã×æ«µÄÉñÃØºÐ×Ó","StSLib","TestMod","The Gatherer","[IsaacMod]ÒÔÈö¼âËþ","vexMod","¡¾¹¦ÄÜMod¡¿»ìãçÖ®»·ÐÞ¸´²¹¶¡","¡¾ÒÅÎï¿¨ÅÆ¡¿REMEMod"],"gold_per_floor":[426,443,453,453,453,487,662,662,662,674,674,674,674,771,771],"floor_reached":14,"language":"ZHS","playtime":451,"items_purged":[],"score":88,"play_id":"64dabece-7299-4cd0-9c48-b1692a2dc0a3","local_time":"20210114025958","is_ascension_mode":false,"campfire_choices":[{"floor":8,"key":"RECALL"},{"data":"Searing Blow","floor":12,"key":"SMITH"}],"circlet_count":0,"master_deck":["Bash","Searing Blow+1","Massacre","DemoMod:ThirdPartyController","Feel No Pain","Bludgeon","Infernal Blade+1","Gatherer:ColorfulGarden","Thunderclap","BloodyBrimstone+1","Seeing Red","BloodyBrimstone+1","Doubt"],"relics":["Burning Blood","testmod-TestBox","DaveBox","REME_ComplimentaryCards","AT_ATBox","HushsDoor","Pandora\u0027s Box","testmod-FatalChain","BloodDonationBag","SynthV:TestCard","DemoMod:ClearGuonStone","DemoMod:Metronome"],"acts_visited":["Exordium"],"potions_floor_usage":[10],"damage_taken":[{"damage":8,"enemies":"Jaw Worm","floor":1,"turns":2},{"damage":0,"enemies":"Cultist","floor":2,"turns":2},{"damage":9,"enemies":"2 Louse","floor":3,"turns":3},{"damage":38,"enemies":"Gremlin Nob","floor":6,"turns":5},{"damage":0,"enemies":"Large Slime","floor":10,"turns":4},{"damage":29,"enemies":"3 Sentries","floor":14,"turns":6}],"seed_played":"5584021853233951505","potions_obtained":[{"floor":2,"key":"DemoMod:LeadSkinPotion"},{"floor":3,"key":"Regen Potion"}],"is_trial":false,"path_per_floor":["M","M","M","?","?","E","?","R","T","M","?","R","T","E"],"character_chosen":"IRONCLAD","items_purchased":[],"campfire_rested":0,"item_purchase_floors":[],"current_hp_per_floor":[26,32,29,88,70,37,37,37,37,52,52,52,52,0,0],"gold":771,"neow_bonus":"TEN_PERCENT_HP_BONUS","is_daily":false,"chose_seed":false,"campfire_upgraded":1,"win_rate":0.0,"timestamp":1610564398,"path_taken":["M","M","M","?","?","E","?","R","T","?","?","R","?","E"],"items_purchased_type":[],"build_version":"2020-12-22","purchased_purges":0,"victory":false,"max_hp_per_floor":[88,88,88,88,88,88,88,88,88,88,88,88,88,88,88],"card_choices":[{"not_picked":[],"picked":"BloodyBrimstone","floor":0},{"not_picked":["DemoMod:TripleGun","Battle Trance","AT_IchimonjiDouble"],"picked":"SKIP","floor":1},{"not_picked":["DemoMod:MachoBrace","Gatherer:Duplicator","Run Through","Sword Boomerang"],"picked":"Seeing Red","floor":2},{"not_picked":["ReplayTheSpireMod:Limb From Limb","Juggernaut","Dark Embrace","Gatherer:Convert","Heavy Blade"],"picked":"SKIP","floor":3},{"not_picked":["DemoMod:AWP","Gatherer:BigPouch","Clothesline","Gatherer:ScherryThrow","DemoMod:BlackBlade"],"picked":"SKIP","floor":6},{"not_picked":["AT_GerminateFire","Gatherer:FragileHammer","DemoMod:FastSwitch","DemoMod:Unmoved","REME_FearOfPain"],"picked":"SKIP","floor":10}],"player_experience":32767,"relics_obtained":[{"floor":1,"key":"SynthV:TestCard"},{"floor":6,"key":"DemoMod:WeirdEgg"},{"floor":13,"key":"DemoMod:Metronome"}],"event_choices":[{"cards_removed":["DemoMod:TripleGun"],"damage_healed":59,"gold_gain":0,"player_choice":"Offered Uncommon","damage_taken":0,"max_hp_gain":0,"max_hp_loss":0,"event_name":"Bonfire Elementals","floor":4,"gold_loss":0},{"damage_healed":0,"gold_gain":0,"player_choice":"Entered Light","damage_taken":18,"max_hp_gain":0,"max_hp_loss":0,"event_name":"Shining Light","floor":5,"gold_loss":0,"cards_upgraded":["Infernal Blade","BloodyBrimstone"]},{"damage_healed":0,"gold_gain":175,"player_choice":"AGREE","damage_taken":0,"max_hp_gain":0,"max_hp_loss":0,"event_name":"Liars Game","floor":7,"gold_loss":0,"cards_obtained":["Doubt"]},{"damage_healed":0,"gold_gain":0,"player_choice":"Disagree","damage_taken":0,"max_hp_gain":0,"max_hp_loss":0,"event_name":"conspire:LoneGhost","floor":11,"gold_loss":0}],"is_beta":false,"boss_relics":[],"items_purged_floors":[],"is_endless":false,"potions_floor_spawned":[2,3],"killed_by":"3 Sentries","ascension_level":0}}