{"host":"neshiy0twyn5josp","time":1610531808,"event":{"mods":["AchievementEnabler","Act Like it!","AlwaysNeverKeys","Aspiration","BaseMod","Better Note","Better Silent Start","Better Third Choice","Challenge The Spire","Colored Powertips","Conspire","Emptier Cage","Energized Spire","GifTheSpireLib","Hubris","Minty Spire (QoL Compilation)","Pale of the Ancients","Permanent Neow","Quick Restart","Rare Cards Sparkle","Replay The Spire","Reworked Bosses","StSLib","Stuff the Spire"],"gold_per_floor":[115,115,115,18,33,63,73,73,73,93,120,120,135,35,35,35,35],"floor_reached":16,"language":"ENG","playtime":686,"items_purged":[],"score":127,"play_id":"d90d7b0b-856f-4267-88ce-8a3a6dad595e","local_time":"20210113015648","is_ascension_mode":true,"campfire_choices":[{"floor":8,"key":"REST"},{"data":"Replay:BasicMightCard","floor":12,"key":"SMITH"},{"data":"ReplayTheSpireMod:Calculation Training","floor":15,"key":"SMITH"}],"circlet_count":0,"master_deck":["Strike_B","Strike_B","Strike_B","Strike_B","Defend_B","Defend_B","Defend_B","Defend_B","Zap","Dualcast","StuffTheSpire:LaunchingStrike","Streamline","Injury","Replay:BasicMightCard+1","Gash+1","Streamline+1","Streamline+1","Sunder+1","aspiration:Polymerization","ReplayTheSpireMod:Calculation Training+1","Ghostly"],"relics":["Cracked Core","Molten Egg 2","Oddly Smooth Stone","hubris:BottledRain","DataDisk"],"acts_visited":["Exordium"],"potions_floor_usage":[11,16],"damage_taken":[{"damage":13,"enemies":"Jaw Worm","floor":1,"turns":4},{"damage":0,"enemies":"2 Louse","floor":5,"turns":2},{"damage":55,"enemies":"3 Sentries","floor":6,"turns":8},{"damage":0,"enemies":"Cultist","floor":7,"turns":2},{"damage":0,"enemies":"2 Fungi Beasts","floor":10,"turns":4},{"damage":34,"enemies":"Lagavulin","floor":11,"turns":4},{"damage":1,"enemies":"Blue Slaver","floor":13,"turns":2},{"damage":23,"enemies":"Hexaghost","floor":16,"turns":4}],"seed_played":"-3000774580535816829","potions_obtained":[{"floor":1,"key":"FearPotion"},{"floor":6,"key":"FairyPotion"},{"floor":11,"key":"CultistPotion"}],"is_trial":false,"path_per_floor":["M","?","?","$","M","E","M","R","T","M","E","R","M","?","R","B"],"character_chosen":"DEFECT","items_purchased":["Replay:BasicMightCard"],"campfire_rested":1,"item_purchase_floors":[4],"current_hp_per_floor":[62,62,62,62,62,7,7,29,29,29,22,22,21,21,21,0,0],"gold":35,"neow_bonus":"ONE_RANDOM_RARE_CARD","is_daily":false,"chose_seed":false,"campfire_upgraded":2,"win_rate":0.0,"timestamp":1610531808,"path_taken":["M","?","?","?","M","E","M","R","T","M","E","R","?","?","R","BOSS"],"items_purchased_type":["Card"],"build_version":"2020-12-22","purchased_purges":0,"victory":false,"max_hp_per_floor":[75,75,75,75,75,75,75,75,75,75,75,75,75,75,75,75,75],"card_choices":[{"not_picked":["StuffTheSpire:ShieldGenerator","Steam Power"],"picked":"Streamline","floor":1},{"not_picked":["Sweeping Beam+1","Ball Lightning+1"],"picked":"Gash+1","floor":5},{"not_picked":["Redo","Capacitor"],"picked":"Streamline+1","floor":6},{"not_picked":["Cold Snap+1","Aggregate"],"picked":"Streamline+1","floor":7},{"not_picked":["Defragment","Hologram"],"picked":"Sunder+1","floor":10},{"not_picked":["Force Field","Thunder Strike+1"],"picked":"aspiration:Polymerization","floor":11},{"not_picked":["Recycle","Panic Button"],"picked":"ReplayTheSpireMod:Calculation Training","floor":13}],"player_experience":276053,"relics_obtained":[{"floor":6,"key":"Oddly Smooth Stone"},{"floor":9,"key":"hubris:BottledRain"},{"floor":11,"key":"DataDisk"}],"event_choices":[{"damage_healed":0,"gold_gain":0,"player_choice":"Leave","damage_taken":0,"max_hp_gain":0,"max_hp_loss":0,"event_name":"conspire:Investor","floor":3,"gold_loss":0},{"damage_healed":0,"gold_gain":0,"player_choice":"Argue","damage_taken":0,"max_hp_gain":0,"max_hp_loss":0,"event_name":"conspire:LoneGhost","floor":14,"gold_loss":0}],"is_beta":false,"boss_relics":[],"items_purged_floors":[],"is_endless":false,"potions_floor_spawned":[1,6,11],"killed_by":"Hexaghost","ascension_level":3}}