{"host":"n264v15x7h51zqzc","time":1610556967,"event":{"mods":["AchievementEnabler","BaseMod","Colored Powertips","Googly Eyes","Infinite Spire","Minty Spire (QoL Compilation)","Replay The Spire","StSLib"],"gold_per_floor":[116,116,129,181,356,356,388,96,121,156,428,460,460,490,490,588,2000,2012,2012,2111,2121,1283,1311,1311,1344,1390,1419,1419,1419,1431,1460,1460,1555,1555,1572,1592,1607,1607,1607,1607,1617,1670,1670,1684,1702,1734,1308,1341,1341,1341,1341,1341,57,83,83],"floor_reached":56,"language":"ENG","playtime":2944,"items_purged":["Doubt","Go for the Eyes+1","Strike_B","Dualcast","Defend_B","Defend_B","Barrage"],"score":1539,"play_id":"4abed911-8e1b-4109-b415-4ece02c2836b","local_time":"20210113105607","is_ascension_mode":true,"campfire_choices":[{"data":"Zap","floor":6,"key":"SMITH"},{"data":"Hello World","floor":13,"key":"SMITH"},{"floor":15,"key":"DIG"},{"data":"infinitespire:Oblivion","floor":29,"key":"SMITH"},{"data":"White Noise","floor":32,"key":"SMITH"},{"floor":40,"key":"RECALL"},{"data":"ReplayTheSpireMod:Calculation Training","floor":49,"key":"SMITH"},{"data":"ReplayTheSpireMod:Calculation Training","floor":52,"key":"SMITH"}],"circlet_count":0,"master_deck":["Strike_B+1","Defend_B+1","Zap+1","Consume+1","Ball Lightning","Ball Lightning","Conserve Battery","Self Repair+1","Glacier","Consume+1","Hello World+1","Tempest","Thunder Strike+1","White Noise+1","infinitespire:Oblivion+1","infinitespire:Collect","FIFO Queue+1","Coolheaded+1","Electrodynamics+1","Conserve Battery","Reboot+1","Thunder Strike+1","Crystallizer","ReplayTheSpireMod:Calculation Training+1","Seek+1","Heatsinks","ReplayTheSpireMod:Calculation Training+1","Coolheaded+1","Mirror Shield+1","Capacitor+1","Cold Snap+1","Crystallizer+1"],"relics":["Cracked Core","Calipers","Guide Book","Replay:Rubber Ducky","Mummified Hand","DollysMirror","Pen Nib","Golden Egg","Iron Hammer","Replay:Wanted Poster","Philosopher\u0027s Stone","Lee\u0027s Waffle","Letter Opener","Prayer Wheel","Garlic","Matryoshka","Omamori","Tiny Chest","Bronze Scales","TungstenRod","Replay:Bronze Core","White Beast Statue","ReplayTheSpireMod:Ring of Collecting","ReplayTheSpireMod:Ring of Exchange","infinitespire:Beetle Shell","Simple Rune","Ring of Shattering","Incense Burner","Ornamental Fan","Gremlin Horn","Solar Panel","SlaversCollar","Torii"],"acts_visited":["Exordium","TheCity","TheBeyond","TheEnding"],"potions_floor_usage":[7,7,10,10,10,10,12,14,14,16,23,41,41,46,48,50,54],"damage_taken":[{"damage":1,"enemies":"Jaw Worm","floor":1,"turns":3},{"damage":0,"enemies":"2 Louse","floor":3,"turns":2},{"damage":4,"enemies":"3 Sentries","floor":7,"turns":5},{"damage":14,"enemies":"Gremlin Nob","floor":10,"turns":3},{"damage":1,"enemies":"3 Sentries","floor":12,"turns":4},{"damage":4,"enemies":"Lagavulin","floor":14,"turns":5},{"damage":8,"enemies":"Hexaghost","floor":16,"turns":8},{"damage":7,"enemies":"Shell Parasite","floor":18,"turns":4},{"damage":17,"enemies":"3 Byrds","floor":21,"turns":2},{"damage":2,"enemies":"Slavers","floor":23,"turns":3},{"damage":2,"enemies":"Book of Stabbing","floor":25,"turns":4},{"damage":16,"enemies":"Slavers","floor":27,"turns":4},{"damage":0,"enemies":"Centurion and Healer","floor":30,"turns":2},{"damage":0,"enemies":"Book of Stabbing","floor":31,"turns":4},{"damage":0,"enemies":"Collector","floor":33,"turns":5},{"damage":0,"enemies":"3 Shapes","floor":35,"turns":3},{"damage":1,"enemies":"3 Darklings","floor":36,"turns":3},{"damage":0,"enemies":"Sphere and 2 Shapes","floor":37,"turns":3},{"damage":4,"enemies":"Jaw Worm Horde","floor":41,"turns":3},{"damage":7,"enemies":"4 Shapes","floor":44,"turns":3},{"damage":0,"enemies":"3 Darklings","floor":45,"turns":1},{"damage":0,"enemies":"Giant Head","floor":46,"turns":3},{"damage":0,"enemies":"Reptomancer","floor":48,"turns":2},{"damage":11,"enemies":"infinitespire:MassOfShapes","floor":50,"turns":5},{"damage":4,"enemies":"Shield and Spear","floor":54,"turns":3},{"damage":37,"enemies":"The Heart","floor":55,"turns":9}],"seed_played":"2700648613414101178","potions_obtained":[{"floor":1,"key":"Fire Potion"},{"floor":4,"key":"EntropicBrew"},{"floor":4,"key":"CultistPotion"},{"floor":4,"key":"EssenceOfDarkness"},{"floor":14,"key":"Weak Potion"},{"floor":23,"key":"Milkshake"},{"floor":25,"key":"Dexterity Potion"},{"floor":30,"key":"BlessingOfTheForge"},{"floor":36,"key":"EssenceOfDarkness"},{"floor":41,"key":"PotionOfCapacity"},{"floor":44,"key":"Weak Potion"},{"floor":45,"key":"Fire Potion"},{"floor":46,"key":"ColorlessPotion"},{"floor":48,"key":"Weak Potion"},{"floor":54,"key":"FearPotion"}],"is_trial":false,"path_per_floor":["M","?","M","?","?","R","E","$","T","E","$","E","R","E","R","B",null,"M","AVR","?","M","$","E","?","E","T","E","?","R","M","E","R","B",null,"M","M","M","AVR","?","R","M","T","T","M","M","E","$","E","R","B",null,"R","$","E","B",null],"character_chosen":"DEFECT","items_purchased":["Self Repair","Guide Book","AttackPotion","Swift Potion","Go for the Eyes+1","Mummified Hand","DollysMirror","Languid Potion","Letter Opener","Prayer Wheel","FIFO Queue","Coolheaded+1","PowerPotion","Gremlin Horn","Coolheaded+1","Capacitor","SlaversCollar","Cold Snap"],"campfire_rested":0,"item_purchase_floors":[8,8,11,11,11,11,11,11,22,22,22,22,22,47,47,53,53,53],"current_hp_per_floor":[74,67,67,49,49,49,45,45,45,41,41,50,50,56,56,58,75,75,82,82,75,75,82,82,82,82,76,76,76,76,82,82,82,82,82,82,82,82,82,82,82,82,82,75,75,75,75,75,75,74,82,82,82,82,57],"gold":83,"neow_bonus":"REMOVE_CARD","is_daily":false,"chose_seed":false,"campfire_upgraded":6,"win_rate":0.0,"timestamp":1610556967,"path_taken":["M","?","M","?","?","R","E","?","T","E","?","E","R","E","R","BOSS","M","AVR","?","M","$","E","?","E","T","E","?","R","?","E","R","BOSS","M","M","M","AVR","?","R","M","?","T","M","M","E","?","E","R","BOSS","R","$","E","BOSS"],"items_purchased_type":["Card","Relic","Potion","Potion","Card","Relic","Relic","Potion","Relic","Relic","Card","Card","Potion","Relic","Card","Card","Relic","Card"],"build_version":"2020-12-22","purchased_purges":7,"victory":true,"max_hp_per_floor":[75,75,75,75,75,75,75,75,75,75,75,75,75,75,75,75,75,75,82,82,82,82,82,82,82,82,82,82,82,82,82,82,82,82,82,82,82,82,82,82,82,82,82,82,82,82,82,82,82,82,82,82,82,82,82],"card_choices":[{"not_picked":["Lockon","Sunder"],"picked":"Consume","floor":1},{"not_picked":["ReplayTheSpireMod:GoodbyeWorld","Leap"],"picked":"Ball Lightning","floor":3},{"not_picked":["Steam","Reprogram"],"picked":"Ball Lightning","floor":4},{"not_picked":["Consume","White Noise"],"picked":"Conserve Battery","floor":7},{"not_picked":["Hello World","Turbo"],"picked":"Glacier","floor":10},{"not_picked":["Conserve Battery","Hologram"],"picked":"Hello World","floor":12},{"not_picked":["Lockon","Stack"],"picked":"Tempest","floor":14},{"not_picked":["ReplayTheSpireMod:Omega Cannon","Fission"],"picked":"Thunder Strike","floor":16},{"not_picked":["Heatsinks+1","Time Bomb+1"],"picked":"White Noise","floor":18},{"not_picked":["Gash","Go for the Eyes","Force Field"],"picked":"SKIP","floor":21},{"not_picked":["Turbo","Ball Lightning","Leap"],"picked":"SKIP","floor":23},{"not_picked":["Fission","Turbo"],"picked":"Barrage","floor":25},{"not_picked":["Genetic Algorithm+1","BootSequence"],"picked":"Electrodynamics","floor":27},{"not_picked":["ReplayTheSpireMod:GoodbyeWorld+1","ReplaySolidLightProjector"],"picked":"Conserve Battery","floor":30},{"not_picked":["FTL","Sweeping Beam","Stack"],"picked":"SKIP","floor":30},{"not_picked":["Beam Cell","Heatsinks"],"picked":"Reboot","floor":31},{"not_picked":["ReplayTheSpireMod:Omega Cannon","Meteor Strike"],"picked":"Thunder Strike","floor":33},{"not_picked":["Leap+1","Heatsinks+1"],"picked":"Crystallizer","floor":35},{"not_picked":["Redo","BasicCrystalCard","Reprogram+1"],"picked":"SKIP","floor":35},{"not_picked":["Sweeping Beam+1","Ball Lightning+1","Go for the Eyes+1"],"picked":"SKIP","floor":36},{"not_picked":["Scrape+1","ReplaySort+1","Streamline+1"],"picked":"SKIP","floor":36},{"not_picked":["Leap","Streamline+1"],"picked":"ReplayTheSpireMod:Calculation Training","floor":37},{"not_picked":["Rebound","Beam Cell+1","Recycle+1"],"picked":"SKIP","floor":37},{"not_picked":["Beam Cell","Melter+1"],"picked":"Seek","floor":41},{"not_picked":["Stack+1","Rip and Tear+1","ReplayTheSpireMod:Repulse+1"],"picked":"SKIP","floor":41},{"not_picked":["Beam Cell+1","Go for the Eyes","Hologram"],"picked":"SKIP","floor":44},{"not_picked":["Melter+1","Rebound","ReplayTheSpireMod:System Scan+1"],"picked":"SKIP","floor":44},{"not_picked":["Leap","Rebound+1"],"picked":"Heatsinks","floor":45},{"not_picked":["Redo+1","Leap","Genetic Algorithm"],"picked":"SKIP","floor":45},{"not_picked":["Go for the Eyes","Glacier+1"],"picked":"ReplayTheSpireMod:Calculation Training","floor":46},{"not_picked":["Conserve Battery","Static Discharge+1"],"picked":"Mirror Shield","floor":48},{"not_picked":["Scrape","Aggregate+1"],"picked":"Crystallizer+1","floor":54}],"player_experience":162248,"relics_obtained":[{"floor":7,"key":"Calipers"},{"floor":10,"key":"Replay:Rubber Ducky"},{"floor":12,"key":"Pen Nib"},{"floor":14,"key":"Golden Egg"},{"floor":15,"key":"Iron Hammer"},{"floor":23,"key":"Garlic"},{"floor":25,"key":"Matryoshka"},{"floor":26,"key":"Omamori"},{"floor":26,"key":"Tiny Chest"},{"floor":27,"key":"Bronze Scales"},{"floor":31,"key":"TungstenRod"},{"floor":39,"key":"ReplayTheSpireMod:Ring of Collecting"},{"floor":39,"key":"ReplayTheSpireMod:Ring of Exchange"},{"floor":42,"key":"infinitespire:Beetle Shell"},{"floor":42,"key":"Simple Rune"},{"floor":43,"key":"Ring of Shattering"},{"floor":43,"key":"Incense Burner"},{"floor":46,"key":"Ornamental Fan"},{"floor":48,"key":"Solar Panel"},{"floor":54,"key":"Torii"}],"event_choices":[{"cards_removed":["Defend_B"],"damage_healed":0,"gold_gain":0,"player_choice":"Card Removal","damage_taken":7,"max_hp_gain":0,"max_hp_loss":0,"event_name":"Golden Wing","floor":2,"gold_loss":0},{"damage_healed":0,"gold_gain":175,"player_choice":"AGREE","damage_taken":0,"max_hp_gain":0,"max_hp_loss":0,"event_name":"Liars Game","floor":5,"gold_loss":0,"cards_obtained":["Doubt"]},{"damage_healed":0,"gold_gain":99,"player_choice":"Stole From Cult","damage_taken":0,"max_hp_gain":0,"max_hp_loss":0,"event_name":"Nest","floor":20,"gold_loss":0},{"cards_removed":["Strike_B"],"damage_healed":0,"gold_gain":0,"player_choice":"Purged","damage_taken":0,"max_hp_gain":0,"max_hp_loss":0,"event_name":"Purifier","floor":28,"gold_loss":0}],"is_beta":false,"boss_relics":[{"not_picked":["Ectoplasm","Replay:Grab Bag"],"picked":"Replay:Wanted Poster"},{"not_picked":["Painkiller Herb","ReplayTheSpireMod:DimensionalGlitch","Honey Jar"]}],"items_purged_floors":[8,11,19,22,38,47,53],"is_endless":false,"potions_floor_spawned":[1,14,23,25,30,33,36,37,41,44,45,46,48,54],"ascension_level":1}}