{"host":"s41rn2jhghpwfrvz","time":1610525782,"event":{"mods":["BaseMod","Minty Spire (QoL Compilation)","Quick Restart","Relic Stats","SuperFastMode"],"gold_per_floor":[117,167,181,200,215,244,264,189,189,189,209,209,209,238,238,311,311,327,342,342,359,371,404,404,432,455,455,475,489,504,536,536,609,609,621,621,636,654,667,699,699,733,784,798,815,844,856,219,219,219,219,219,219,59,86,86],"floor_reached":57,"language":"ENG","playtime":1424,"items_purged":["Consecrate"],"score":3732,"play_id":"fbb1f5f6-cde5-4bb2-a827-8b667392bdfc","local_time":"20210113101622","daily_mods":["SealedDeck","Vintage","Diverse"],"is_ascension_mode":true,"campfire_choices":[{"data":"Pommel Strike","floor":10,"key":"SMITH"},{"data":"Acrobatics","floor":13,"key":"SMITH"},{"data":"Seeing Red","floor":15,"key":"SMITH"},{"floor":24,"key":"RECALL"},{"data":"Shockwave","floor":32,"key":"SMITH"},{"data":"Madness","floor":47,"key":"SMITH"},{"data":"Panacea","floor":49,"key":"SMITH"},{"data":"Madness","floor":53,"key":"SMITH"}],"circlet_count":0,"master_deck":["AscendersBane","Shockwave+1","Seeing Red+1","Pommel Strike+1","Shrug It Off+1","Gash+1","Acrobatics+1","Madness+1","Madness+1","Panacea+1"],"relics":["Burning Blood","Prayer Wheel","Juzu Bracelet","Meat on the Bone","Matryoshka","Oddly Smooth Stone","Lantern","War Paint","Paper Frog","Frozen Egg 2","Nunchaku","Runic Dome","Vajra","Bronze Scales","Omamori","CeramicFish","Akabeko","Lizard Tail","Happy Flower","Tiny Chest","Bag of Preparation","PreservedInsect","Centennial Puzzle","Empty Cage","Whetstone","Charon\u0027s Ashes","Gambling Chip","Gremlin Horn","Bag of Marbles","Orichalcum","Smiling Mask","StoneCalendar","MawBank","Medical Kit","Anchor","Pen Nib","Toy Ornithopter","Boot"],"acts_visited":["Exordium","TheCity","TheBeyond","TheEnding"],"potions_floor_usage":[16,25,56,56],"damage_taken":[{"damage":0,"enemies":"Small Slimes","floor":1,"turns":3},{"damage":0,"enemies":"Cultist","floor":3,"turns":3},{"damage":9,"enemies":"2 Louse","floor":4,"turns":2},{"damage":4,"enemies":"Lots of Slimes","floor":5,"turns":3},{"damage":7,"enemies":"Lagavulin","floor":6,"turns":5},{"damage":5,"enemies":"3 Louse","floor":7,"turns":3},{"damage":0,"enemies":"Gremlin Gang","floor":11,"turns":4},{"damage":0,"enemies":"Gremlin Nob","floor":14,"turns":2},{"damage":0,"enemies":"Hexaghost","floor":16,"turns":4},{"damage":0,"enemies":"Spheric Guardian","floor":18,"turns":3},{"damage":0,"enemies":"3 Byrds","floor":19,"turns":3},{"damage":0,"enemies":"Snecko","floor":21,"turns":3},{"damage":0,"enemies":"Centurion and Healer","floor":22,"turns":2},{"damage":0,"enemies":"Book of Stabbing","floor":23,"turns":3},{"damage":7,"enemies":"Slavers","floor":25,"turns":2},{"damage":0,"enemies":"Snake Plant","floor":28,"turns":2},{"damage":0,"enemies":"Chosen and Byrds","floor":29,"turns":2},{"damage":0,"enemies":"Cultist and Chosen","floor":30,"turns":2},{"damage":0,"enemies":"Gremlin Leader","floor":31,"turns":2},{"damage":0,"enemies":"Champ","floor":33,"turns":3},{"damage":0,"enemies":"3 Shapes","floor":35,"turns":1},{"damage":0,"enemies":"3 Darklings","floor":37,"turns":2},{"damage":0,"enemies":"Writhing Mass","floor":39,"turns":1},{"damage":0,"enemies":"Nemesis","floor":40,"turns":1},{"damage":0,"enemies":"Giant Head","floor":42,"turns":1},{"damage":0,"enemies":"Maw","floor":44,"turns":1},{"damage":0,"enemies":"Spire Growth","floor":45,"turns":1},{"damage":0,"enemies":"Reptomancer","floor":46,"turns":1},{"damage":0,"enemies":"Time Eater","floor":50,"turns":3},{"damage":0,"enemies":"Awakened One","floor":51,"turns":2},{"damage":0,"enemies":"Shield and Spear","floor":55,"turns":1},{"damage":2,"enemies":"The Heart","floor":56,"turns":4}],"seed_played":"6214045751648128215","potions_obtained":[{"floor":1,"key":"SteroidPotion"},{"floor":5,"key":"LiquidBronze"},{"floor":7,"key":"Block Potion"},{"floor":18,"key":"Fire Potion"},{"floor":25,"key":"Fruit Juice"},{"floor":27,"key":"DuplicationPotion"},{"floor":42,"key":"Dexterity Potion"}],"is_trial":true,"path_per_floor":["M","?","M","M","M","E","M","$","T","R","M","?","R","E","R","B",null,"M","M","?","M","M","E","R","E","T","?","M","M","M","E","R","B",null,"M","$","M","?","M","E","?","E","T","M","M","E","R","$","R","B","B",null,"R","$","E","B",null],"character_chosen":"IRONCLAD","items_purchased":["Medical Kit","Anchor","Pen Nib","SpeedPotion","Panacea","Toy Ornithopter"],"campfire_rested":0,"item_purchase_floors":[48,48,48,48,48,54],"current_hp_per_floor":[74,67,73,70,72,71,72,72,72,72,75,68,68,74,74,75,75,75,75,75,75,75,75,75,79,79,79,80,80,80,80,80,80,80,80,80,80,66,72,78,78,80,80,80,80,80,80,80,80,80,80,80,80,80,80,80],"gold":86,"neow_bonus":"","is_daily":false,"chose_seed":false,"campfire_upgraded":7,"win_rate":0.0,"timestamp":1610525782,"path_taken":["M","?","?","M","M","E","M","$","T","R","M","?","R","E","R","BOSS","M","M","?","M","M","E","R","E","T","?","M","M","M","E","R","BOSS","M","$","M","?","M","E","?","E","T","M","M","E","R","$","R","BOSS","BOSS","R","$","E","BOSS"],"items_purchased_type":["Relic","Relic","Relic","Potion","Card","Relic"],"build_version":"2020-12-22","purchased_purges":1,"victory":true,"max_hp_per_floor":[75,75,75,75,75,75,75,75,75,75,75,75,75,75,75,75,75,75,75,75,75,75,75,75,80,80,80,80,80,80,80,80,80,80,80,80,80,80,80,80,80,80,80,80,80,80,80,80,80,80,80,80,80,80,80,80],"relic_stats":{"Gremlin Horn":[6,6],"CeramicFish":27,"StoneCalendar":[0],"Juzu Bracelet":2,"Bag of Preparation":[30],"Whetstone":["Gash"],"Smiling Mask":0,"Boot":[0],"Burning Blood":69,"Nunchaku":[30],"Lizard Tail":0,"Centennial Puzzle":[3],"Gambling Chip":[0],"Prayer Wheel":0,"Tiny Chest":0,"Happy Flower":[10],"counters":[32,75],"PreservedInsect":365,"Charon\u0027s Ashes":[216],"Pen Nib":[9],"War Paint":["Shrug It Off","Evaluate"],"Orichalcum":[0],"MawBank":24,"Medical Kit":[4],"Bronze Scales":[99],"obtain_stats":[{"Lantern":7,"Gremlin Horn":40,"CeramicFish":22,"Vajra":18,"StoneCalendar":45,"Juzu Bracelet":3,"Bag of Preparation":29,"Whetstone":35,"Empty Cage":34,"Smiling Mask":44,"Boot":55,"Burning Blood":0,"Nunchaku":14,"Lizard Tail":25,"Centennial Puzzle":31,"Matryoshka":5,"Gambling Chip":39,"Prayer Wheel":1,"Tiny Chest":28,"Paper Frog":9,"Happy Flower":26,"Oddly Smooth Stone":6,"PreservedInsect":30,"Charon\u0027s Ashes":37,"Pen Nib":48,"Omamori":21,"War Paint":9,"Frozen Egg 2":11,"Orichalcum":43,"MawBank":46,"Medical Kit":48,"Akabeko":23,"Runic Dome":17,"Anchor":48,"Bronze Scales":19,"Bag of Marbles":42,"Toy Ornithopter":54,"Meat on the Bone":4},{"Lantern":6,"Gremlin Horn":24,"CeramicFish":13,"Vajra":10,"StoneCalendar":27,"Juzu Bracelet":2,"Bag of Preparation":17,"Whetstone":21,"Empty Cage":20,"Smiling Mask":26,"Boot":31,"Burning Blood":0,"Nunchaku":8,"Lizard Tail":15,"Centennial Puzzle":19,"Matryoshka":4,"Gambling Chip":23,"Prayer Wheel":1,"Tiny Chest":16,"Paper Frog":6,"Happy Flower":15,"Oddly Smooth Stone":5,"PreservedInsect":18,"Charon\u0027s Ashes":22,"Pen Nib":28,"Omamori":12,"War Paint":6,"Frozen Egg 2":7,"Orichalcum":25,"MawBank":28,"Medical Kit":28,"Akabeko":14,"Runic Dome":9,"Anchor":28,"Bronze Scales":11,"Bag of Marbles":25,"Toy Ornithopter":30,"Meat on the Bone":3},{"Lantern":19,"Gremlin Horn":61,"CeramicFish":40,"Vajra":32,"StoneCalendar":64,"Juzu Bracelet":6,"Bag of Preparation":49,"Whetstone":57,"Empty Cage":56,"Smiling Mask":63,"Boot":71,"Burning Blood":0,"Nunchaku":25,"Lizard Tail":45,"Centennial Puzzle":53,"Matryoshka":11,"Gambling Chip":60,"Prayer Wheel":3,"Tiny Chest":47,"Paper Frog":19,"Happy Flower":45,"Oddly Smooth Stone":16,"PreservedInsect":51,"Charon\u0027s Ashes":59,"Pen Nib":65,"Omamori":38,"War Paint":19,"Frozen Egg 2":23,"Orichalcum":62,"MawBank":65,"Medical Kit":65,"Akabeko":43,"Runic Dome":29,"Anchor":65,"Bronze Scales":35,"Bag of Marbles":62,"Toy Ornithopter":70,"Meat on the Bone":8}],"Toy Ornithopter":0,"Meat on the Bone":0},"card_choices":[{"not_picked":["Uppercut","ClearTheMind","Quick Slash"],"picked":"SKIP","floor":6},{"not_picked":["Uppercut","ClearTheMind","Quick Slash"],"picked":"SKIP","floor":6},{"not_picked":["Beam Cell","Shrug It Off","Pommel Strike"],"picked":"SKIP","floor":14},{"not_picked":["Finisher","Wallop","Blood for Blood+1"],"picked":"SKIP","floor":23},{"not_picked":["Finisher","Wallop","Blood for Blood+1"],"picked":"SKIP","floor":23},{"not_picked":["Ball Lightning","Nirvana+1","Finisher"],"picked":"SKIP","floor":25},{"not_picked":["Amplify","Heel Hook","Evaluate"],"picked":"SKIP","floor":31},{"not_picked":["Recycle","Fusion+1","ClearTheMind"],"picked":"SKIP","floor":40},{"not_picked":["Bane","Escape Plan","ThirdEye"],"picked":"SKIP","floor":42},{"not_picked":["Fire Breathing+1","Vengeance","Blood for Blood"],"picked":"SKIP","floor":46},{"not_picked":["Fire Breathing+1","Vengeance","Blood for Blood"],"picked":"SKIP","floor":46},{"not_picked":["Wild Strike","Brutality+1","Conclude"],"picked":"SKIP","floor":55}],"player_experience":1720043,"relics_obtained":[{"floor":1,"key":"Prayer Wheel"},{"floor":3,"key":"Juzu Bracelet"},{"floor":4,"key":"Meat on the Bone"},{"floor":5,"key":"Matryoshka"},{"floor":6,"key":"Oddly Smooth Stone"},{"floor":7,"key":"Lantern"},{"floor":9,"key":"War Paint"},{"floor":9,"key":"Paper Frog"},{"floor":11,"key":"Frozen Egg 2"},{"floor":14,"key":"Nunchaku"},{"floor":18,"key":"Vajra"},{"floor":19,"key":"Bronze Scales"},{"floor":21,"key":"Omamori"},{"floor":22,"key":"CeramicFish"},{"floor":23,"key":"Akabeko"},{"floor":25,"key":"Lizard Tail"},{"floor":26,"key":"Happy Flower"},{"floor":28,"key":"Tiny Chest"},{"floor":29,"key":"Bag of Preparation"},{"floor":30,"key":"PreservedInsect"},{"floor":31,"key":"Centennial Puzzle"},{"floor":35,"key":"Whetstone"},{"floor":37,"key":"Charon\u0027s Ashes"},{"floor":39,"key":"Gambling Chip"},{"floor":40,"key":"Gremlin Horn"},{"floor":42,"key":"Bag of Marbles"},{"floor":43,"key":"Orichalcum"},{"floor":44,"key":"Smiling Mask"},{"floor":45,"key":"StoneCalendar"},{"floor":46,"key":"MawBank"},{"floor":55,"key":"Boot"}],"event_choices":[{"damage_healed":0,"gold_gain":50,"player_choice":"Touch","damage_taken":7,"max_hp_gain":0,"max_hp_loss":0,"event_name":"FaceTrader","floor":2,"gold_loss":0},{"cards_removed":["Pummel"],"damage_healed":0,"gold_gain":0,"player_choice":"Card Removal","damage_taken":7,"max_hp_gain":0,"max_hp_loss":0,"event_name":"Golden Wing","floor":12,"gold_loss":0},{"damage_healed":0,"gold_gain":0,"player_choice":"Ignored","damage_taken":0,"max_hp_gain":0,"max_hp_loss":0,"event_name":"Vampires","floor":20,"gold_loss":0},{"damage_healed":0,"gold_gain":0,"player_choice":"Got Potions","damage_taken":0,"max_hp_gain":0,"max_hp_loss":0,"event_name":"Lab","floor":27,"gold_loss":0},{"damage_healed":0,"gold_gain":0,"player_choice":"Embrace Madness","damage_taken":14,"max_hp_gain":0,"max_hp_loss":0,"event_name":"Winding Halls","floor":38,"gold_loss":0,"cards_obtained":["Madness","Madness"]},{"damage_healed":0,"gold_gain":0,"player_choice":"Ignored","damage_taken":0,"max_hp_gain":0,"max_hp_loss":0,"event_name":"Transmorgrifier","floor":41,"gold_loss":0}],"is_beta":false,"boss_relics":[{"not_picked":["Busted Crown","Velvet Choker"],"picked":"Runic Dome"},{"not_picked":["Snecko Eye","Tiny House"],"picked":"Empty Cage"}],"items_purged_floors":[8],"is_endless":false,"potions_floor_spawned":[1,5,7,11,18,19,23,25,29,33,37,42,46,55],"ascension_level":20}}