{"host":"4g8vayc9pwrwu92h","time":1610534583,"event":{"mods":["Act Like it!","BaseMod","Downfall","Friendly Minions","Minty Spire (QoL Compilation)","Pale of the Ancients","StSLib","The Jungle"],"gold_per_floor":[115,133,143,143,155,155,208,208,228,240,90,109,109,141,66,163,163,178,195,195,223,59,59,108,208,208,233,244,244,275,275,275,375,375,388,402,402,419,419,419,442,442,452,452,452,452],"floor_reached":44,"language":"ZHS","playtime":4470,"items_purged":[],"score":473,"play_id":"fd464b7e-b767-48d0-ad9d-0efe44279a5f","local_time":"20210113184303","is_ascension_mode":false,"campfire_choices":[{"floor":6,"key":"RECALL"},{"data":"hexamod:SkipABeat","floor":11,"key":"SMITH"},{"data":"hexamod:DynamicBlow","floor":15,"key":"SMITH"},{"data":"hexamod:EmpoweringStance","floor":26,"key":"SMITH"},{"floor":29,"key":"REST"},{"floor":32,"key":"REST"},{"floor":42,"key":"REST"}],"circlet_count":0,"master_deck":["hexamod:Strike","hexamod:Strike","hexamod:Strike","hexamod:Defend","hexamod:Defend","hexamod:Defend","hexamod:Sear","hexamod:Float","hexamod:ShieldOfDarkness+1","hexamod:BurningTouch","hexamod:ExtraCrispy","hexamod:EmpoweringStance+1","hexamod:DynamicBlow+1","hexamod:WildfireWeapon","hexamod:GhostflameInferno+1","hexamod:FastForward+1","hexamod:CrushingStance+1","hexamod:Firestarter+1","hexamod:BurningTouch+1","hexamod:RadiantFlame","hexamod:SoulSteal+1","hexamod:PhantomFireball","hexamod:SixthSeal","hexamod:FastForward+1","hexamod:StepThrough+1"],"relics":["hexamod:SpiritBrand","PreservedInsect","downfall:HeartBlessingRed","downfall:HeartBlessingBlue","Lantern","downfall:HeartBlessingGreen","Astrolabe","Red Mask","Tiny Chest","Pen Nib","hexamod:InflammatoryLetter","Frozen Egg 2","SacredBark","The Courier","Question Card","Nunchaku"],"acts_visited":["Exordium","TheCity","TheBeyond"],"potions_floor_usage":[10,10,16,16,21,27,33,33,43],"damage_taken":[{"damage":0,"enemies":"2 Louse","floor":1,"turns":2},{"damage":0,"enemies":"Cultist","floor":2,"turns":4},{"damage":0,"enemies":"Small Slimes","floor":3,"turns":3},{"damage":2,"enemies":"Red Slaver","floor":5,"turns":3},{"damage":0,"enemies":"2 Fungi Beasts","floor":9,"turns":3},{"damage":2,"enemies":"Gremlin Gang","floor":10,"turns":6},{"damage":0,"enemies":"3 Louse","floor":12,"turns":3},{"damage":18,"enemies":"Lagavulin","floor":14,"turns":5},{"damage":8,"enemies":"downfall:Watcher","floor":16,"turns":9},{"damage":0,"enemies":"Spheric Guardian","floor":18,"turns":3},{"damage":19,"enemies":"Shelled Parasite and Fungi","floor":19,"turns":5},{"damage":11,"enemies":"Masked Bandits","floor":21,"turns":5},{"damage":0,"enemies":"downfall:FleeingMerchant","floor":22,"turns":4},{"damage":35,"enemies":"Gremlin Leader","floor":27,"turns":6},{"damage":13,"enemies":"Snake Plant","floor":28,"turns":4},{"damage":15,"enemies":"Book of Stabbing","floor":30,"turns":4},{"damage":67,"enemies":"downfall:Ironclad","floor":33,"turns":7},{"damage":14,"enemies":"3 Shapes","floor":35,"turns":4},{"damage":12,"enemies":"3 Darklings","floor":36,"turns":7},{"damage":29,"enemies":"Sphere and 2 Shapes","floor":38,"turns":3},{"damage":32,"enemies":"Jaw Worm Horde","floor":43,"turns":6},{"damage":0,"enemies":"4 Shapes","floor":44,"turns":1}],"seed_played":"-2248266018369895338","potions_obtained":[{"floor":2,"key":"SteroidPotion"},{"floor":4,"key":"FairyPotion"},{"floor":4,"key":"EssenceOfSteel"},{"floor":5,"key":"Swift Potion"},{"floor":10,"key":"hexamod:EctoCoolerPotion"},{"floor":14,"key":"Ancient Potion"},{"floor":18,"key":"Fire Potion"},{"floor":20,"key":"CultistPotion"},{"floor":21,"key":"Weak Potion"},{"floor":27,"key":"Fire Potion"},{"floor":35,"key":"BlessingOfTheForge"},{"floor":43,"key":"PowerPotion"}],"is_trial":false,"path_per_floor":["M","M","M","?","M","R","T","?","M","M","R","M","?","E","R","B",null,"M","M","?","?","$","?","T","?","R","E","M","R","E","?","R","B",null,"M","M","T","M","?","?","T","R","M","M"],"character_chosen":"THE_SPIRIT","items_purchased":["Tiny Chest"],"campfire_rested":3,"item_purchase_floors":[22],"current_hp_per_floor":[70,70,70,70,68,68,68,68,68,66,76,76,76,58,58,50,80,80,61,61,50,50,76,76,76,76,41,28,52,37,29,53,24,80,66,54,54,25,25,25,25,49,17,17,17,17],"gold":452,"neow_bonus":"RANDOM_COMMON_RELIC","is_daily":false,"chose_seed":false,"campfire_upgraded":3,"win_rate":0.0,"timestamp":1610534583,"path_taken":["M","M","M","?","?","R","T","?","?","M","R","M","?","E","R","BOSS","M","?","?","?","$","?","T","?","R","E","M","R","E","?","R","BOSS","M","M","?","M","?","?","T","R","?","M"],"items_purchased_type":["Relic"],"build_version":"2020-12-22","purchased_purges":0,"victory":false,"max_hp_per_floor":[70,70,70,70,70,70,70,70,70,70,80,80,80,80,80,80,80,80,80,80,80,80,80,80,80,80,80,80,80,80,80,80,80,80,80,80,80,80,80,80,80,80,80,80,80,80],"card_choices":[{"not_picked":["hexamod:GhostLash","hexamod:FastForward","hexamod:GhostShield"],"picked":"SKIP","floor":1},{"not_picked":["hexamod:SpectersWail","hexamod:Firestarter"],"picked":"hexamod:ShieldOfDarkness","floor":2},{"not_picked":["hexamod:Again","hexamod:Firestarter"],"picked":"hexamod:BurningTouch","floor":3},{"not_picked":["hexamod:TurnItUp","hexamod:NightmareStrike"],"picked":"hexamod:ExtraCrispy","floor":5},{"not_picked":["hexamod:Again","hexamod:GhostLash","hexamod:SpectersWail"],"picked":"SKIP","floor":9},{"not_picked":["hexamod:GhostOfSpirePast","hexamod:InspiringFlames"],"picked":"hexamod:SkipABeat","floor":10},{"not_picked":["hexamod:ThermalTransfer","hexamod:AdvancingGuard","hexamod:BurningTouch"],"picked":"SKIP","floor":12},{"not_picked":["hexamod:Firestarter","hexamod:HeatCrush"],"picked":"hexamod:DynamicBlow","floor":14},{"not_picked":["hexamod:FifthSeal","hexamod:ParanormalForm"],"picked":"hexamod:WildfireWeapon","floor":16},{"not_picked":["hexamod:GhostShield","hexamod:GhostOfSpireFuture"],"picked":"hexamod:Firestarter","floor":18},{"not_picked":["hexamod:FastForward","hexamod:PhantomCloak","hexamod:HauntingEcho"],"picked":"SKIP","floor":19},{"not_picked":["hexamod:SpectersWail","hexamod:SkipABeat"],"picked":"hexamod:BurningTouch+1","floor":21},{"not_picked":["hexamod:SkipABeat","hexamod:ShieldOfDarkness"],"picked":"hexamod:RadiantFlame","floor":22},{"not_picked":["hexamod:GhostflameBarrier+1","hexamod:EmpoweredFlame"],"picked":"hexamod:SoulSteal+1","floor":27},{"not_picked":["hexamod:NightmareStrike","hexamod:Rewind"],"picked":"hexamod:PhantomFireball","floor":28},{"not_picked":["hexamod:Hexaguard","hexamod:GhostShield","hexamod:Incineration"],"picked":"SKIP","floor":30},{"not_picked":["hexamod:CrushingStance","hexamod:FifthSeal"],"picked":"hexamod:SixthSeal","floor":33},{"not_picked":["hexamod:RecurringNightmare+1","hexamod:BacktrackSmack"],"picked":"hexamod:FastForward+1","floor":35},{"not_picked":["hexamod:NightmareGuise","hexamod:GhostOfSpirePresent+1","hexamod:Hexaguard"],"picked":"SKIP","floor":36},{"not_picked":["hexamod:NightmareGuise","hexamod:BacktrackSmack+1"],"picked":"hexamod:StepThrough+1","floor":38},{"not_picked":["hexamod:NightmareStrike+1","hexamod:ShieldOfDarkness+1","hexamod:SearingWound","hexamod:SpectersWail+1"],"picked":"SKIP","floor":43}],"player_experience":407641,"relics_obtained":[{"floor":14,"key":"Lantern"},{"floor":21,"key":"Red Mask"},{"floor":24,"key":"Pen Nib"},{"floor":27,"key":"hexamod:InflammatoryLetter"},{"floor":30,"key":"Frozen Egg 2"},{"floor":37,"key":"The Courier"},{"floor":39,"key":"Question Card"},{"floor":41,"key":"Nunchaku"}],"event_choices":[{"damage_healed":0,"gold_gain":0,"player_choice":"Got Potions","damage_taken":0,"max_hp_gain":0,"max_hp_loss":0,"event_name":"Lab","floor":4,"gold_loss":0},{"damage_healed":0,"gold_gain":0,"player_choice":"Ignored","damage_taken":0,"max_hp_gain":0,"max_hp_loss":0,"event_name":"Purifier","floor":13,"gold_loss":0},{"damage_healed":0,"gold_gain":0,"player_choice":"Fought Bandits","damage_taken":0,"max_hp_gain":0,"max_hp_loss":0,"event_name":"Masked Bandits","floor":21,"gold_loss":0},{"damage_healed":26,"gold_gain":0,"player_choice":"Heal","damage_taken":0,"max_hp_gain":0,"max_hp_loss":0,"event_name":"The Library","floor":23,"gold_loss":0},{"damage_healed":0,"gold_gain":0,"player_choice":"Ignored","damage_taken":0,"max_hp_gain":0,"max_hp_loss":0,"event_name":"Purifier","floor":40,"gold_loss":0}],"is_beta":false,"boss_relics":[{"not_picked":["Empty Cage","Sozu"],"picked":"Astrolabe"},{"not_picked":["Velvet Choker","Snecko Eye"],"picked":"SacredBark"}],"items_purged_floors":[],"is_endless":false,"potions_floor_spawned":[2,5,9,10,14,18,21,27,28,35,43],"killed_by":"4 Shapes","ascension_level":0}}