{"host":"y3h3n3f7seyagppx","time":1610566170,"event":{"mods":["AlwaysNeverKeys","BaseMod","Better Vampires","Colored Powertips","DeckTracker","Emptier Cage","Minty Spire (QoL Compilation)","Permanent Neow","Quick Restart","Rare Cards Sparkle","Relic Sorter","Relic Stats","StSLib","Transform Curses"],"gold_per_floor":[217,492,512,113,128,160,180,180,180,180,210,210,236,251,251,330,330,347,363,21,41,59,93,113,139,164,16,27,52,52,84,84,162,162,182,182,236,236,196,225,237,263,287,287,43,43,69,83,83,83,83,83,83,8,35,35],"floor_reached":57,"language":"ENG","playtime":7835,"items_purged":["Regret","Strike_R","Strike_R","Strike_R"],"score":2951,"play_id":"69aa5fe6-ee91-4536-9ba8-de6435c42c5f","local_time":"20210113142930","is_ascension_mode":true,"campfire_choices":[{"data":"Bash","floor":12.0,"key":"SMITH"},{"data":"Flame Barrier","floor":15.0,"key":"SMITH"},{"data":"Inflame","floor":30,"key":"SMITH"},{"data":"Limit Break","floor":32,"key":"SMITH"},{"data":"Armaments","floor":44,"key":"SMITH"},{"data":"Secret Technique","floor":46,"key":"SMITH"},{"data":"Shrug It Off","floor":49,"key":"SMITH"},{"data":"Impervious","floor":53,"key":"SMITH"}],"circlet_count":0,"master_deck":["AscendersBane","Strike_R","Strike_R+1","Defend_R","Defend_R","Defend_R","Defend_R","Bash+1","Hemokinesis+1","Flame Barrier+1","Shrug It Off+1","Anger","Reaper","Feed","Shrug It Off","Exhume","Battle Trance","Metallicize+1","Inflame+1","Limit Break+1","Evolve","Impervious+1","Intimidate+1","Madness","Madness","Dark Shackles","Secret Technique+1","Second Wind","Armaments+1","Feel No Pain","Clothesline+1"],"relics":["Burning Blood","Centennial Puzzle","Dream Catcher","Question Card","CaptainsWheel","Gambling Chip","Meat on the Bone","SlaversCollar","Membership Card","Bag of Preparation","Regal Pillow","Bag of Marbles","Potion Belt","ClockworkSouvenir","Juzu Bracelet","Boot","Runic Pyramid","Ginger","Pen Nib","Gremlin Horn","Red Skull","Pantograph","Toy Ornithopter","Ornamental Fan","Letter Opener"],"acts_visited":["Exordium","TheCity","TheBeyond","TheEnding"],"potions_floor_usage":[29,37,39,40,40,56,56],"damage_taken":[{"damage":14.0,"enemies":"Jaw Worm","floor":1.0,"turns":5.0},{"damage":3.0,"enemies":"Cultist","floor":3.0,"turns":3.0},{"damage":4.0,"enemies":"2 Louse","floor":5.0,"turns":3.0},{"damage":31.0,"enemies":"Lagavulin","floor":6.0,"turns":8.0},{"damage":3.0,"enemies":"2 Fungi Beasts","floor":7.0,"turns":4.0},{"damage":18.0,"enemies":"3 Sentries","floor":11.0,"turns":8.0},{"damage":12.0,"enemies":"Gremlin Nob","floor":13.0,"turns":4.0},{"damage":10.0,"enemies":"Gremlin Gang","floor":14.0,"turns":5.0},{"damage":47.0,"enemies":"The Guardian","floor":16.0,"turns":16.0},{"damage":15.0,"enemies":"Chosen","floor":18.0,"turns":7.0},{"damage":17.0,"enemies":"Shell Parasite","floor":19.0,"turns":6.0},{"damage":20.0,"enemies":"Snecko","floor":21.0,"turns":6.0},{"damage":34.0,"enemies":"Sentry and Sphere","floor":22.0,"turns":7.0},{"damage":35.0,"enemies":"Book of Stabbing","floor":23.0,"turns":5.0},{"damage":10.0,"enemies":"Snake Plant","floor":24.0,"turns":5.0},{"damage":25,"enemies":"Slavers","floor":25,"turns":6},{"damage":16,"enemies":"Snecko","floor":28,"turns":4},{"damage":21,"enemies":"Book of Stabbing","floor":29,"turns":5},{"damage":28,"enemies":"Gremlin Leader","floor":31,"turns":6},{"damage":62,"enemies":"Automaton","floor":33,"turns":8},{"damage":49,"enemies":"3 Darklings","floor":35,"turns":10},{"damage":58,"enemies":"2 Orb Walkers","floor":37,"turns":6},{"damage":71,"enemies":"Giant Head","floor":40,"turns":8},{"damage":8,"enemies":"3 Shapes","floor":41,"turns":10},{"damage":16,"enemies":"Nemesis","floor":42,"turns":9},{"damage":7,"enemies":"Reptomancer","floor":47,"turns":8},{"damage":47,"enemies":"Transient","floor":48,"turns":6},{"damage":70,"enemies":"Time Eater","floor":50,"turns":14},{"damage":55,"enemies":"Awakened One","floor":51,"turns":12},{"damage":35,"enemies":"Shield and Spear","floor":55,"turns":11},{"damage":101,"enemies":"The Heart","floor":56,"turns":11}],"seed_played":"-5394625755978805102","potions_obtained":[{"floor":1.0,"key":"SteroidPotion"},{"floor":7.0,"key":"BloodPotion"},{"floor":11.0,"key":"DuplicationPotion"},{"floor":13.0,"key":"BlessingOfTheForge"},{"floor":21.0,"key":"Fruit Juice"},{"floor":25,"key":"PowerPotion"},{"floor":28,"key":"Regen Potion"},{"floor":35,"key":"DistilledChaos"},{"floor":39,"key":"DistilledChaos"},{"floor":39,"key":"DuplicationPotion"},{"floor":39,"key":"ElixirPotion"},{"floor":47,"key":"EssenceOfSteel"}],"is_trial":false,"path_per_floor":["M","?","M","$","M","E","M","?","T","?","E","R","E","M","R","B",null,"M","M","$","M","M","E","M","E","T","$","M","E","R","E","R","B",null,"M","?","?","?","?","E","M","E","T","R","$","R","E","M","R","B","B",null,"R","$","E","B",null],"character_chosen":"IRONCLAD","items_purchased":["Centennial Puzzle","Dream Catcher","Membership Card","Bag of Preparation","Battle Trance","ClockworkSouvenir","Feel No Pain","Pantograph","Toy Ornithopter"],"campfire_rested":0,"item_purchase_floors":[4,4,20,20,20,27,45,45,45],"current_hp_per_floor":[60,60,63,63,65,40,43,20,20,20,20,20,35,52,52,29,66,60,55,55,51,40,29,44,52,52,52,57,56,56,58,58,93,93,96,79,61,51,56,82,106,113,113,113,113,113,117,101,101,121,129,129,129,129,129,103],"gold":35,"neow_bonus":"HUNDRED_GOLD","is_daily":false,"chose_seed":false,"campfire_upgraded":8,"win_rate":0.0,"timestamp":1610566170,"path_taken":["M","?","M","$","M","E","?","?","T","?","E","R","E","M","R","BOSS","M","?","$","M","M","E","M","E","T","$","M","E","R","E","R","BOSS","M","?","?","?","?","E","M","E","T","R","?","R","E","M","R","BOSS","BOSS","R","$","E","BOSS"],"items_purchased_type":["Relic","Relic","Relic","Relic","Card","Relic","Card","Relic","Relic"],"build_version":"2020-12-22","purchased_purges":4,"victory":true,"max_hp_per_floor":[75,75,75,75,75,75,75,75,75,75,75,75,75,78,78,78,78,81,81,81,81,84,84,87,90,90,90,93,93,93,93,93,93,93,96,96,99,99,104,104,110,113,113,113,113,113,117,117,117,121,129,129,129,129,129,129],"relic_stats":{"Regal Pillow":0,"Gremlin Horn":[10,10],"counters":[31,226],"Pen Nib":[10],"Bag of Preparation":[40],"Juzu Bracelet":1,"Ginger":[8],"Letter Opener":[25],"Question Card":27,"Boot":[3],"Burning Blood":153,"Centennial Puzzle":[84],"Dream Catcher":0,"Ornamental Fan":[32],"Gambling Chip":[94],"Pantograph":16,"obtain_stats":[{"Regal Pillow":23,"Gremlin Horn":42,"Bag of Preparation":20,"Juzu Bracelet":29,"Ginger":37,"Boot":31,"Burning Blood":0,"ClockworkSouvenir":27,"Centennial Puzzle":4,"Dream Catcher":4,"Gambling Chip":11,"Pantograph":45,"Red Skull":43,"Runic Pyramid":34,"Potion Belt":26,"Pen Nib":40,"Letter Opener":55,"Question Card":6,"SlaversCollar":17,"CaptainsWheel":9,"Ornamental Fan":47,"Bag of Marbles":25,"Membership Card":20,"Toy Ornithopter":45,"Meat on the Bone":13},{"Regal Pillow":14,"Gremlin Horn":25,"Bag of Preparation":11,"Juzu Bracelet":18,"Ginger":22,"Boot":19,"Burning Blood":0,"ClockworkSouvenir":16,"Centennial Puzzle":2,"Dream Catcher":2,"Gambling Chip":6,"Pantograph":25,"Red Skull":25,"Runic Pyramid":20,"Potion Belt":16,"Pen Nib":23,"Letter Opener":30,"Question Card":4,"SlaversCollar":9,"CaptainsWheel":5,"Ornamental Fan":26,"Bag of Marbles":16,"Membership Card":11,"Toy Ornithopter":25,"Meat on the Bone":7},{"Regal Pillow":87,"Gremlin Horn":164,"Bag of Preparation":69,"Juzu Bracelet":107,"Ginger":137,"Boot":113,"Burning Blood":0,"ClockworkSouvenir":98,"Centennial Puzzle":8,"Dream Catcher":8,"Gambling Chip":31,"Pantograph":164,"Red Skull":164,"Runic Pyramid":121,"Potion Belt":98,"Pen Nib":145,"Letter Opener":215,"Question Card":19,"SlaversCollar":56,"CaptainsWheel":23,"Ornamental Fan":172,"Bag of Marbles":98,"Membership Card":69,"Toy Ornithopter":164,"Meat on the Bone":35}],"Toy Ornithopter":5,"Meat on the Bone":96},"card_choices":[{"not_picked":["Perfected Strike","Anger"],"picked":"Hemokinesis","floor":1.0},{"not_picked":["Dual Wield","Pommel Strike"],"picked":"Flame Barrier","floor":3.0},{"not_picked":["Sword Boomerang","Heavy Blade","Seeing Red"],"picked":"SKIP","floor":5.0},{"not_picked":["Anger","Pummel"],"picked":"Shrug It Off","floor":6.0},{"not_picked":["Twin Strike","Evolve","Iron Wave"],"picked":"Anger","floor":7.0},{"not_picked":["Whirlwind","Sword Boomerang","Headbutt","Anger"],"picked":"SKIP","floor":11.0},{"not_picked":["Rampage","Perfected Strike","Pommel Strike"],"picked":"Feed","floor":13.0},{"not_picked":["Wild Strike","Flex","Iron Wave"],"picked":"Shrug It Off","floor":14.0},{"not_picked":["Fiend Fire","Limit Break","Feed"],"picked":"Exhume","floor":16.0},{"not_picked":["Reckless Charge","Intimidate","Whirlwind","Dropkick"],"picked":"SKIP","floor":18.0},{"not_picked":["Carnage","Sword Boomerang","Shrug It Off","Ghostly Armor+1"],"picked":"SKIP","floor":19.0},{"not_picked":["Twin Strike","Sentinel","Perfected Strike","Clash+1"],"picked":"SKIP","floor":21.0},{"not_picked":["Perfected Strike","Sword Boomerang","Dark Embrace"],"picked":"Metallicize+1","floor":22.0},{"not_picked":["Cleave","Armaments","Havoc"],"picked":"Inflame","floor":23.0},{"not_picked":["Sword Boomerang","Twin Strike","Anger","Flex"],"picked":"SKIP","floor":24.0},{"not_picked":["Evolve","Second Wind","Whirlwind"],"picked":"Limit Break","floor":25},{"not_picked":["Rampage","Wild Strike","Rage","Sentinel"],"picked":"SKIP","floor":28},{"not_picked":["Dual Wield","Rupture","Wild Strike","Clothesline"],"picked":"SKIP","floor":29},{"not_picked":["Whirlwind","Bloodletting","Anger"],"picked":"Evolve","floor":31},{"not_picked":["Exhume","Offering","Limit Break"],"picked":"Impervious","floor":33},{"not_picked":["Evolve","Sword Boomerang","Spot Weakness"],"picked":"Intimidate+1","floor":35},{"not_picked":["Finesse","Magnetism","Flash of Steel"],"picked":"Dark Shackles","floor":38},{"not_picked":["Dark Shackles","Dramatic Entrance","PanicButton"],"picked":"Secret Technique","floor":38},{"not_picked":["Clothesline","Iron Wave","Sever Soul","Headbutt"],"picked":"SKIP","floor":40},{"not_picked":["Power Through","Clash+1","Clothesline"],"picked":"Second Wind","floor":41},{"not_picked":["Juggernaut","Iron Wave","Rampage"],"picked":"Armaments","floor":42},{"not_picked":["Hemokinesis","Heavy Blade","Clothesline","Power Through"],"picked":"SKIP","floor":47},{"not_picked":["Warcry","Twin Strike","Hemokinesis","Flame Barrier"],"picked":"SKIP","floor":48},{"not_picked":["Dark Embrace+1","Intimidate","Anger"],"picked":"Clothesline+1","floor":55}],"player_experience":20799833,"relics_obtained":[{"floor":6.0,"key":"Question Card"},{"floor":9.0,"key":"CaptainsWheel"},{"floor":11.0,"key":"Gambling Chip"},{"floor":13.0,"key":"Meat on the Bone"},{"floor":23.0,"key":"Regal Pillow"},{"floor":25,"key":"Bag of Marbles"},{"floor":26,"key":"Potion Belt"},{"floor":29,"key":"Juzu Bracelet"},{"floor":31,"key":"Boot"},{"floor":37,"key":"Ginger"},{"floor":40,"key":"Pen Nib"},{"floor":42,"key":"Gremlin Horn"},{"floor":43,"key":"Red Skull"},{"floor":47,"key":"Ornamental Fan"},{"floor":55,"key":"Letter Opener"}],"event_choices":[{"damage_healed":0.0,"max_hp_gain":0.0,"max_hp_loss":0.0,"gold_gain":275.0,"event_name":"Golden Shrine","player_choice":"Desecrate","floor":2.0,"gold_loss":0.0,"damage_taken":0.0,"cards_obtained":["Regret"]},{"damage_healed":0.0,"max_hp_gain":0.0,"max_hp_loss":0.0,"gold_gain":0.0,"event_name":"Shining Light","player_choice":"Entered Light","floor":8.0,"gold_loss":0.0,"damage_taken":23.0,"cards_upgraded":["Strike_R","Hemokinesis"]},{"damage_healed":0.0,"max_hp_gain":0.0,"max_hp_loss":0.0,"gold_gain":0.0,"event_name":"Match and Keep!","player_choice":"1 cards matched","floor":10.0,"gold_loss":0.0,"damage_taken":0.0,"cards_obtained":["Reaper"]},{"damage_healed":0,"gold_gain":0,"player_choice":"Embrace Madness","damage_taken":17,"max_hp_gain":0,"max_hp_loss":0,"event_name":"Winding Halls","floor":36,"gold_loss":0,"cards_obtained":["Madness","Madness"]},{"damage_healed":0,"gold_gain":0,"player_choice":"Fight","damage_taken":0,"max_hp_gain":0,"max_hp_loss":0,"event_name":"Mysterious Sphere","floor":37,"gold_loss":0},{"damage_healed":0,"gold_gain":0,"player_choice":"Memory 3","damage_taken":10,"max_hp_gain":0,"max_hp_loss":0,"event_name":"SensoryStone","floor":38,"gold_loss":0},{"damage_healed":0,"gold_gain":0,"player_choice":"Bought 3 Potions","damage_taken":0,"max_hp_gain":0,"max_hp_loss":0,"event_name":"The Woman in Blue","floor":39,"gold_loss":0}],"is_beta":false,"boss_relics":[{"not_picked":["Empty Cage","Pandora\u0027s Box"],"picked":"SlaversCollar"},{"not_picked":["Philosopher\u0027s Stone","Tiny House"],"picked":"Runic Pyramid"}],"items_purged_floors":[4,20,27,54],"is_endless":false,"potions_floor_spawned":[1,7,11,13,21,25,28,35,47],"ascension_level":20}}