{"host":"s35zr3gblm7slh1q","time":1610514028,"event":{"mods":["BaseMod","Colored Map","Colored Powertips","Downfall","Hermit","Marisa????????","Minty Spire (QoL Compilation)","Permanent Neow","StSLib"],"gold_per_floor":[112,123,35,47,122,122,193,212,212,212,174,174,201,220,220,323,323,341,355,270,280,280,280,297,297,346,358,283,300,300,300,300,300,300],"floor_reached":33,"language":"ENG","playtime":1779,"items_purged":[],"score":247,"play_id":"467c94e4-7f84-4b31-b6b5-243554726093","local_time":"20210113000028","is_ascension_mode":false,"campfire_choices":[{"data":"MilkyWay","floor":6,"key":"SMITH"},{"data":"expansioncontent:TimeRipple","floor":12,"key":"SMITH"},{"data":"RefractionSpark","floor":15,"key":"SMITH"},{"floor":23,"key":"REST"},{"floor":25,"key":"REST"},{"floor":30,"key":"REST"},{"floor":32,"key":"REST"}],"circlet_count":0,"master_deck":["Strike_MRS","Strike_MRS","Strike_MRS","Strike_MRS","Defend_MRS","Defend_MRS","Defend_MRS","Defend_MRS","MasterSpark","UpSweep","MilkyWay+1","GrandCross","expansioncontent:TimeRipple+1","PowerUp","RefractionSpark+1","6A","RefractionSpark","UltimateShortwave","PropBag","MilkyWay+1","OrrerysSun","DarkMatter+1","PowerUp+1","Decay"],"relics":["MiniHakkero","FossilizedHelix","Matryoshka","Blue Candle","Lizard Tail","Toxic Egg 2","Anchor","Shuriken"],"acts_visited":["Exordium","TheCity"],"potions_floor_usage":[13,16,16,18,18,27,33],"damage_taken":[{"damage":0,"enemies":"2 Louse","floor":1,"turns":3},{"damage":0,"enemies":"Small Slimes","floor":2,"turns":3},{"damage":0,"enemies":"Jaw Worm","floor":4,"turns":3},{"damage":0,"enemies":"Large Slime","floor":8,"turns":3},{"damage":6,"enemies":"Lagavulin","floor":13,"turns":5},{"damage":0,"enemies":"Blue Slaver","floor":14,"turns":2},{"damage":25,"enemies":"Slime Boss","floor":16,"turns":9},{"damage":0,"enemies":"3 Byrds","floor":18,"turns":3},{"damage":20,"enemies":"2 Thieves","floor":19,"turns":3},{"damage":31,"enemies":"3 Cultists","floor":21,"turns":5},{"damage":24,"enemies":"Snake Plant","floor":24,"turns":5},{"damage":6,"enemies":"Centurion and Healer","floor":27,"turns":5},{"damage":19,"enemies":"Cultist and Chosen","floor":29,"turns":9},{"damage":96,"enemies":"Collector","floor":33,"turns":13}],"seed_played":"-3943163875335693977","potions_obtained":[{"floor":2,"key":"SkillPotion"},{"floor":4,"key":"EntropicBrew"},{"floor":24,"key":"DuplicationPotion"},{"floor":29,"key":"FearPotion"}],"is_trial":false,"path_per_floor":["M","M","$","M","?","R","?","M","T","?","$","R","E","M","R","B",null,"M","M","?","M","?","R","M","R","T","M","?","M","R","?","R","B"],"character_chosen":"MARISA","items_purchased":["expansioncontent:TimeRipple","RefractionSpark"],"campfire_rested":4,"item_purchase_floors":[3,11],"current_hp_per_floor":[68,68,68,68,57,57,57,57,57,57,57,57,51,51,51,26,68,68,48,48,17,17,37,13,33,33,27,27,8,28,28,48,0,0],"gold":300,"neow_bonus":"ONE_RARE_RELIC","is_daily":false,"chose_seed":false,"campfire_upgraded":3,"win_rate":0.0,"timestamp":1610514028,"path_taken":["M","M","$","M","?","R","?","?","T","?","$","R","E","M","R","BOSS","M","M","?","M","?","R","M","R","T","M","?","M","R","?","R","BOSS"],"items_purchased_type":["Card","Card"],"build_version":"2020-12-22","purchased_purges":0,"victory":false,"max_hp_per_floor":[68,68,68,68,68,68,68,68,68,68,68,68,68,68,68,68,68,68,68,68,68,68,68,68,68,68,68,68,68,68,68,68,68,68],"card_choices":[{"not_picked":["6A","ShootingEcho"],"picked":"MilkyWay","floor":1},{"not_picked":["Robbery","OpenUniverse"],"picked":"GrandCross","floor":2},{"not_picked":["UnstableBomb","WitchOfGreed","OpenUniverse"],"picked":"SKIP","floor":4},{"not_picked":["TreasureHunter","SporeBomb"],"picked":"PowerUp","floor":8},{"not_picked":["IllusionStar","NonDirectionalLaser"],"picked":"6A","floor":13},{"not_picked":["LuminesStrike","WitchLeyline"],"picked":"RefractionSpark","floor":14},{"not_picked":["SuperNova","ManaRampage"],"picked":"UltimateShortwave","floor":16},{"not_picked":["Occultation","LuminesStrike"],"picked":"PropBag","floor":18},{"not_picked":["IllusionStar","Singularity"],"picked":"MilkyWay+1","floor":19},{"not_picked":["IllusionStar","AlicesGift+1"],"picked":"GravityBeat","floor":21},{"not_picked":["SporeBomb","WitchLeyline"],"picked":"OrrerysSun","floor":24},{"not_picked":["6A","MysteriousBeam"],"picked":"DarkMatter+1","floor":27},{"not_picked":["SuperPerseids+1","Orbital+1"],"picked":"PowerUp+1","floor":29}],"player_experience":333882,"relics_obtained":[{"floor":9,"key":"Matryoshka"},{"floor":13,"key":"Blue Candle"},{"floor":26,"key":"Toxic Egg 2"},{"floor":26,"key":"Anchor"}],"event_choices":[{"damage_healed":0,"gold_gain":75,"player_choice":"Gather Gold","damage_taken":11,"max_hp_gain":0,"max_hp_loss":0,"event_name":"World of Goop","floor":5,"gold_loss":0},{"damage_healed":0,"gold_gain":71,"player_choice":"Gained Gold","damage_taken":0,"max_hp_gain":0,"max_hp_loss":0,"event_name":"Golden Wing","floor":7,"gold_loss":0},{"damage_healed":0,"gold_gain":0,"player_choice":"Ignored","damage_taken":0,"max_hp_gain":0,"max_hp_loss":0,"event_name":"Liars Game","floor":10,"gold_loss":0},{"damage_healed":0,"gold_gain":0,"player_choice":"Obtained Relic","damage_taken":0,"relics_obtained":["Lizard Tail"],"max_hp_gain":0,"max_hp_loss":0,"event_name":"Addict","floor":20,"gold_loss":85},{"damage_healed":0,"gold_gain":0,"player_choice":"Ignored","damage_taken":0,"max_hp_gain":0,"max_hp_loss":0,"event_name":"The Mausoleum","floor":22,"gold_loss":0},{"cards_removed":["GravityBeat"],"damage_healed":0,"gold_gain":0,"player_choice":"Gave Gold","damage_taken":0,"max_hp_gain":0,"max_hp_loss":0,"event_name":"Beggar","floor":28,"gold_loss":75},{"damage_healed":0,"gold_gain":0,"player_choice":"Smashed Altar","damage_taken":0,"max_hp_gain":0,"max_hp_loss":0,"event_name":"Forgotten Altar","floor":31,"gold_loss":0,"cards_obtained":["Decay"]}],"is_beta":false,"boss_relics":[{"not_picked":["Velvet Choker","Sozu","Astrolabe"]}],"items_purged_floors":[],"is_endless":false,"potions_floor_spawned":[2,4,24,29],"killed_by":"Collector","ascension_level":0}}