{"host":"ij84le5dz5iaw1mq","time":1610546184,"event":{"mods":["AchievementEnabler","BaseMod","Better Altar","Better Match","Better Note","Better Sensory Stone","Better Skull","Better Third Choice","BetterRewards","Colored Map","Colored Powertips","DeckTracker","Downfall","Hermit","Hubris","Infinite Spire","Minty Spire (QoL Compilation)","Permanent Neow","Quick Restart","Rare Cards Sparkle","Replay The Spire","Shop Mod","StSLib","The Cursed","The Disciple","The Elementalist","The Runesmith","The Spell Scribe"],"gold_per_floor":[89903,89914,89914,89931,89946,89972,89972,89991,90066,90066,90066,90092,90103,90478,90478,90579,90579,90590,90590,90610,90610,90625,90625,90131,90131,90131,90148,90177,90026,90026,90043,90043,90144,90144,90155,90171,90171,90189,90207,90207,90222,90222,90222,90222,90222,90237,90237,90269,90269,90269,90269],"floor_reached":50,"language":"ENG","playtime":5735,"items_purged":["Runesmith:Strike_RS","Runesmith:Strike_RS","Runesmith:Strike_RS","Runesmith:Strike_RS","Runesmith:Defend_RS","Runesmith:Defend_RS","Runesmith:Defend_RS","Runesmith:Defend_RS","Runesmith:CraftFirestone","Runesmith:Firestorm","Runesmith:PerfectChisel"],"score":779,"play_id":"549fd420-9d49-453d-b340-a9c0a998e6de","local_time":"20210113085624","is_ascension_mode":false,"campfire_choices":[{"data":"Runesmith:LithiumIon","floor":7,"key":"SMITH"},{"data":"Runesmith:Permafrost","floor":10,"key":"SMITH"},{"data":"Runesmith:UnlimitedPower","floor":15,"key":"SMITH"},{"data":"Runesmith:CraftMagma","floor":23,"key":"SMITH"},{"data":"Runesmith:Prism","floor":25,"key":"SMITH"},{"data":"Runesmith:EarthShield","floor":32,"key":"SMITH"},{"data":"Runesmith:Fortify","floor":40,"key":"SMITH"},{"floor":42,"key":"REST"},{"data":"Runesmith:EarthShield","floor":49,"key":"SMITH"}],"circlet_count":0,"master_deck":["Runesmith:Fortify+1","Runesmith:LithiumIon+1","Runesmith:CraftMagma+1","Runesmith:ChiselStab","Runesmith:PerfectChisel+1","Runesmith:RuneHurl","Runesmith:EarthShield+1","Runesmith:EarthShield+1","Runesmith:LithiumIon+1","Runesmith:EnergizedChisel","Runesmith:HeatedChisel","Runesmith:Prism+1","Runesmith:CraftPrismatica","Runesmith:UnlimitedPower+1","Runesmith:Fortify+1","Runesmith:Permafrost+1","Runesmith:ChiselStab","Runesmith:CraftProtectio+1","Runesmith:HeatedChisel","Runesmith:Firestorm+1","Runesmith:CraftProtectio+1","Runesmith:EarthShield+1","Runesmith:CraftMagma+1","Runesmith:CraftMagma+1","Runesmith:RuneHurl","Runesmith:Empowerment+1","Runesmith:ElementalConversion+1","Runesmith:EarthShield+1","Runesmith:CraftIncendium+1","Runesmith:CraftSpiculum+1","Runesmith:EarthShield+1","Runesmith:EnergizedChisel","Runesmith:CraftIndustria+1","Runesmith:FrozenChisel","Runesmith:ArcReactor+1","Runesmith:Terraform+1","Runesmith:EnergizedChisel","Runesmith:Prism+1","Runesmith:Terraform+1"],"relics":["Runesmith:BrokenRuby","MerchantsRug","TungstenRod","Blood Vial","Toxic Egg 2","Bird Faced Urn","Unceasing Top","Bag of Preparation","Happy Flower","Anchor","Lizard Tail","infinitespire:Eraser","StoneCalendar","hubris:Icosahedron","Thread and Needle","TheAbacus","Bronze Scales","hubris:Towel","ReplayFunnel"],"acts_visited":["Exordium","TheCity","TheBeyond"],"potions_floor_usage":[16,16,33,33,33,33,41,50,50,50],"damage_taken":[{"damage":0,"enemies":"Small Slimes","floor":1,"turns":2},{"damage":0,"enemies":"Jaw Worm","floor":2,"turns":5},{"damage":0,"enemies":"Cultist","floor":4,"turns":3},{"damage":0,"enemies":"Exordium Wildlife","floor":5,"turns":6},{"damage":0,"enemies":"Gremlin Nob","floor":6,"turns":6},{"damage":0,"enemies":"Blue Slaver","floor":8,"turns":3},{"damage":0,"enemies":"3 Sentries","floor":12,"turns":4},{"damage":0,"enemies":"Red Slaver","floor":13,"turns":4},{"damage":0,"enemies":"Hexaghost","floor":16,"turns":7},{"damage":0,"enemies":"2 Thieves","floor":18,"turns":4},{"damage":2,"enemies":"3 Byrds","floor":20,"turns":6},{"damage":0,"enemies":"Centurion and Healer","floor":22,"turns":6},{"damage":0,"enemies":"Snecko","floor":27,"turns":6},{"damage":10,"enemies":"Replay:Snechameleon","floor":28,"turns":5},{"damage":0,"enemies":"Snake Plant","floor":31,"turns":3},{"damage":18,"enemies":"hubris:MusketHawk","floor":33,"turns":7},{"damage":0,"enemies":"3 Darklings","floor":35,"turns":5},{"damage":0,"enemies":"3 Shapes","floor":36,"turns":4},{"damage":0,"enemies":"Maw","floor":38,"turns":7},{"damage":14,"enemies":"Writhing Mass","floor":39,"turns":6},{"damage":38,"enemies":"3 Darklings","floor":41,"turns":4},{"damage":7,"enemies":"4 Shapes","floor":46,"turns":3},{"damage":0,"enemies":"Giant Head","floor":48,"turns":9},{"damage":221,"enemies":"hubris:GrandSnecko","floor":50,"turns":24}],"seed_played":"-3915261796999709829","potions_obtained":[{"floor":1,"key":"Milkshake"},{"floor":2,"key":"DistilledChaos"},{"floor":27,"key":"Energy Potion"},{"floor":33,"key":"EntropicBrew"},{"floor":35,"key":"AttackPotion"},{"floor":46,"key":"AttackPotion"}],"is_trial":false,"path_per_floor":["M","M","?","M","M","E","R","M","T","R","?","E","M","$","R","B",null,"M","?","M","?","M","R","$","R","T","M","E","$","?","M","R","B",null,"M","M","?","M","M","R","M","R","T","?","?","M","?","E","R","B"],"character_chosen":"RUNESMITH_CLASS","items_purchased":["MerchantsRug","TungstenRod","Blood Vial","Runesmith:LithiumIon","Runesmith:CraftMagma","Runesmith:ChiselStab","Runesmith:PerfectChisel","Runesmith:RuneHurl","Runesmith:EarthShield","Runesmith:LithiumIon","Guide Book","Prayer Wheel","Runesmith:EnergizedChisel","Runesmith:HeatedChisel","Runesmith:Prism","Runesmith:PerfectChisel","Runesmith:CraftPrismatica","Runesmith:UnlimitedPower","Toxic Egg 2","Bird Faced Urn","DollysMirror","Runesmith:Permafrost","Runesmith:ChiselStab","Frozen Eye","Replay:Rubber Ducky","Bag of Preparation","Runesmith:CraftProtectio+1","Runesmith:HeatedChisel","Runesmith:Firestorm+1","Runesmith:CraftProtectio+1","Happy Flower","Runesmith:EarthShield+1","Runesmith:Firestorm","Runesmith:CraftMagma+1","Runesmith:CraftMagma+1","Runesmith:RuneHurl","Runesmith:Empowerment+1","Runesmith:ElementalConversion+1","Runesmith:EarthShield+1","Runesmith:CraftIncendium+1","Runesmith:CraftSpiculum+1","PowerPotion","Anchor","Runesmith:EarthShield+1","Lee\u0027s Waffle","Runesmith:EnergizedChisel","Runesmith:CraftIndustria+1","Runesmith:FrozenChisel","Runesmith:ArcReactor+1","Runesmith:Terraform+1","Runesmith:EnergizedChisel","Lizard Tail","Runesmith:Prism+1","Thread and Needle","TheAbacus","Energy Potion","Bronze Scales"],"campfire_rested":1,"item_purchase_floors":[0,0,0,0,0,0,0,0,0,0,0,0,0,0,0,0,0,0,0,0,0,0,0,0,0,0,0,0,0,0,0,0,0,0,0,0,0,0,0,0,0,0,0,0,0,0,0,0,0,0,0,0,0,24,24,24,29],"current_hp_per_floor":[77,77,72,77,77,77,77,77,87,87,87,87,87,87,87,87,87,87,87,87,87,87,87,87,87,87,87,83,83,83,87,87,77,87,87,87,87,87,75,75,47,73,73,73,73,74,74,86,86,0,0],"gold":90269,"neow_bonus":"","is_daily":false,"chose_seed":false,"campfire_upgraded":8,"win_rate":0.0,"timestamp":1610546184,"path_taken":["M","M","?","M","M","E","R","M","T","R","?","E","M","$","R","BOSS","M","?","M","?","M","R","$","R","T","M","E","?","?","M","R","BOSS","M","M","?","M","M","R","M","R","T","?","?","M","?","E","R","BOSS"],"items_purchased_type":["Relic","Relic","Relic","Card","Card","Card","Card","Card","Card","Card","Relic","Relic","Card","Card","Card","Card","Card","Card","Relic","Relic","Relic","Card","Card","Relic","Relic","Relic","Card","Card","Card","Card","Relic","Card","Card","Card","Card","Card","Card","Card","Card","Card","Card","Potion","Relic","Card","Relic","Card","Card","Card","Card","Card","Card","Relic","Card","Relic","Relic","Potion","Relic"],"build_version":"2020-12-22","purchased_purges":11,"victory":false,"max_hp_per_floor":[77,77,77,77,77,77,77,77,87,87,87,87,87,87,87,87,87,87,87,87,87,87,87,87,87,87,87,87,87,87,87,87,87,87,87,87,87,87,87,87,87,87,87,87,87,87,87,87,87,87,87],"card_choices":[{"not_picked":["Runesmith:StaticCage+1","Runesmith:RunicBlueprint+1","Runesmith:OneForEveryone"],"picked":"SKIP","floor":1},{"not_picked":["Runesmith:StaticCage+1","Runesmith:UnstableHammer","Runesmith:Reinforce+1"],"picked":"SKIP","floor":1},{"not_picked":["Runesmith:HammerAndChisel+1","Runesmith:HeatedChisel","Runesmith:Overpower"],"picked":"SKIP","floor":2},{"not_picked":["Runesmith:Repurpose+1","Runesmith:CraftIndustria+1","Runesmith:HammerTime"],"picked":"SKIP","floor":2},{"not_picked":["Runesmith:CraftReservo+1","Runesmith:RunicBlueprint+1","Runesmith:ShiftingStrike"],"picked":"SKIP","floor":4},{"not_picked":["Runesmith:Discharge","Runesmith:ChaoticBlast","Runesmith:Retool+1"],"picked":"SKIP","floor":4},{"not_picked":["Runesmith:MakeshiftArmor+1","Runesmith:Refine+1","Runesmith:ShiftingStrike"],"picked":"SKIP","floor":5},{"not_picked":["Runesmith:HammerThrow","Runesmith:BackupBattery+1","Runesmith:CraftProtectio+1"],"picked":"SKIP","floor":5},{"not_picked":["Runesmith:Overpower","Runesmith:ArcReactor","Runesmith:ShiftingStrike"],"picked":"SKIP","floor":6},{"not_picked":["Runesmith:ChiselStab","Runesmith:HeatExchange"],"picked":"Runesmith:Terraform+1","floor":8},{"not_picked":["Runesmith:HeatedChisel","Runesmith:ShiftingStrike","Runesmith:EarthShield+1"],"picked":"SKIP","floor":8},{"not_picked":["Runesmith:Grindstone+1","Runesmith:ChaoticBlast","Runesmith:HeatExchange"],"picked":"SKIP","floor":12},{"not_picked":["Runesmith:RuneHurl","Runesmith:HeatExchange","Runesmith:CraftMedicinae+1"],"picked":"SKIP","floor":13},{"not_picked":["Runesmith:HeatExchange","Runesmith:HammerAndChisel+1","Runesmith:StaticCage+1"],"picked":"SKIP","floor":13},{"not_picked":["Runesmith:BackupBattery+1","Runesmith:StaticCage+1","Runesmith:RuneHurl"],"picked":"SKIP","floor":18},{"not_picked":["Runesmith:HammerAndChisel+1","Runesmith:RuneHurl","Runesmith:CraftMagma+1"],"picked":"SKIP","floor":20},{"not_picked":["Runesmith:RuneHurl","Runesmith:HeatExchange+1","Runesmith:Overpower"],"picked":"SKIP","floor":22},{"not_picked":["Runesmith:CraftProtectio+1","Runesmith:Grindstone+1","Runesmith:MakeshiftArmor+1"],"picked":"SKIP","floor":27},{"not_picked":["Runesmith:DuctTape","Runesmith:BackupBattery+1","Runesmith:CraftMagma+1"],"picked":"SKIP","floor":28},{"not_picked":["Runesmith:EarthShield+1","Runesmith:HeatedChisel","Runesmith:HammerThrow"],"picked":"SKIP","floor":31},{"not_picked":["Runesmith:CraftMagma+1","Runesmith:StaticCage+1","Runesmith:RuneHurl"],"picked":"SKIP","floor":35},{"not_picked":["Runesmith:OneForEveryone+1","Runesmith:HeatedChisel+1","Runesmith:BackupBattery+1"],"picked":"SKIP","floor":36},{"not_picked":["Runesmith:PerfectChisel+1","Runesmith:Repurpose+1","Runesmith:Electrocute+1"],"picked":"SKIP","floor":38},{"not_picked":["Runesmith:HeatExchange+1","Runesmith:ReplicatingBarrier","Runesmith:EnergizedChisel+1"],"picked":"SKIP","floor":39},{"not_picked":["Runesmith:Repurpose+1","Runesmith:PerfectChisel+1","Runesmith:StaticCage+1"],"picked":"SKIP","floor":41},{"not_picked":["Runesmith:UnstableHammer","Runesmith:BackupBattery+1","Runesmith:StaticCage+1"],"picked":"SKIP","floor":46},{"not_picked":["Runesmith:Empowerment+1","Runesmith:EnergizedChisel","Runesmith:Augment+1"],"picked":"SKIP","floor":48}],"player_experience":143415,"relics_obtained":[{"floor":6,"key":"StoneCalendar"},{"floor":9,"key":"Pear"},{"floor":12,"key":"hubris:64BitClover"},{"floor":48,"key":"ReplayFunnel"}],"event_choices":[{"damage_healed":0,"gold_gain":1,"player_choice":"Relic ","damage_taken":7,"max_hp_gain":0,"max_hp_loss":0,"event_name":"betterThird:BetterScrap","floor":3,"gold_loss":0,"cards_obtained":["Double Energy"]},{"damage_healed":0,"gold_gain":0,"player_choice":"Ignored","damage_taken":0,"max_hp_gain":0,"max_hp_loss":0,"event_name":"betterNote:BetterNote","floor":19,"gold_loss":0,"cards_obtained":["Strike_R"]},{"damage_healed":0,"gold_gain":0,"player_choice":"Simplicity","damage_taken":0,"max_hp_gain":0,"max_hp_loss":0,"event_name":"betterThird:BetterWriting","floor":30,"gold_loss":0}],"is_beta":false,"boss_relics":[{"not_picked":["hubris:HollowSoul","Velvet Choker","Snecko Eye"]},{"not_picked":["Runesmith:CoreCrystal","ChewingGum","Runesmith:UraniumAnvil"]}],"items_purged_floors":[0,0,0,0,0,0,0,0,0,0,0],"is_endless":false,"potions_floor_spawned":[1,2,8,27,28,31,33,35,38,39,46],"killed_by":"hubris:GrandSnecko","ascension_level":0}}