{"host":"mi0eibewekhugwl1","time":1610542618,"event":{"mods":["AchievementEnabler","BaseMod","Colored Map","Colored Powertips","DeckTracker","Keyboard Shortcuts","Minty Spire (QoL Compilation)","Quick Restart","Rare Cards Sparkle","Relic Stats","StSLib","SuperFastMode","everything is the same but u backflip on backflip"],"gold_per_floor":[112,112,127,127,42,42,69,69,93,127,127,137,156,167,167,240,240,252,252,272,118,118,118],"floor_reached":22,"language":"KOR","playtime":339,"items_purged":["Strike_R"],"score":438,"play_id":"14ee9cf1-fa31-40d4-bd70-1bc899e8dd05","local_time":"20210113215658","is_ascension_mode":true,"campfire_choices":[{"data":"Whirlwind","floor":6,"key":"SMITH"},{"data":"Bash","floor":8,"key":"SMITH"},{"data":"Evolve","floor":15,"key":"SMITH"}],"circlet_count":0,"master_deck":["AscendersBane","Strike_R+1","Strike_R","Strike_R+1","Defend_R","Defend_R","Defend_R","Defend_R","Bash+1","Shrug It Off","Whirlwind+1","Flex","Sword Boomerang","Evolve+1","Wild Strike","Fiend Fire","Shrug It Off","Power Through","Seeing Red"],"relics":["Burning Blood","NeowsBlessing","Pantograph","Whetstone","Juzu Bracelet","Strawberry","Fusion Hammer"],"acts_visited":["Exordium","TheCity"],"potions_floor_usage":[10,22],"damage_taken":[{"damage":0,"enemies":"2 Louse","floor":1,"turns":1},{"damage":0,"enemies":"Cultist","floor":3,"turns":1},{"damage":0,"enemies":"Lagavulin","floor":7,"turns":1},{"damage":8,"enemies":"Gremlin Nob","floor":10,"turns":3},{"damage":4,"enemies":"Jaw Worm","floor":12,"turns":4},{"damage":4,"enemies":"Looter","floor":13,"turns":3},{"damage":20,"enemies":"Exordium Wildlife","floor":14,"turns":4},{"damage":45,"enemies":"Slime Boss","floor":16,"turns":9},{"damage":29,"enemies":"2 Thieves","floor":18,"turns":4},{"damage":36,"enemies":"Spheric Guardian","floor":20,"turns":5},{"damage":0,"enemies":"Snake Plant","floor":22,"turns":2}],"seed_played":"3324028151716791056","potions_obtained":[{"floor":1,"key":"Strength Potion"},{"floor":12,"key":"SmokeBomb"},{"floor":16,"key":"Swift Potion"},{"floor":20,"key":"Strength Potion"}],"is_trial":false,"path_per_floor":["M","?","M","T","$","R","E","R","T","E","?","M","M","M","R","B",null,"M","?","M","$","M"],"character_chosen":"IRONCLAD","items_purchased":["Whirlwind","Seeing Red"],"campfire_rested":0,"item_purchase_floors":[5,21],"current_hp_per_floor":[74,63,69,69,69,69,75,75,75,80,80,82,82,68,68,43,72,49,49,19,19,19,19],"gold":118,"neow_bonus":"THREE_ENEMY_KILL","is_daily":false,"chose_seed":false,"campfire_upgraded":3,"win_rate":0.0,"timestamp":1610542618,"path_taken":["M","?","?","?","?","R","E","R","T","E","?","M","M","M","R","BOSS","M","?","M","$","M"],"items_purchased_type":["Card","Card"],"build_version":"2020-12-22","purchased_purges":1,"victory":false,"max_hp_per_floor":[75,75,75,75,75,75,75,75,75,82,82,82,82,82,82,82,82,82,82,82,82,82,82],"relic_stats":{"counters":[11,37],"Pantograph":14,"Juzu Bracelet":0,"Whetstone":["Strike_R","Strike_R"],"obtain_stats":[{"NeowsBlessing":0,"Pantograph":4,"Strawberry":10,"Fusion Hammer":17,"Juzu Bracelet":9,"Whetstone":7,"Burning Blood":0},{"NeowsBlessing":0,"Pantograph":2,"Strawberry":4,"Fusion Hammer":8,"Juzu Bracelet":3,"Whetstone":3,"Burning Blood":0},{"NeowsBlessing":0,"Pantograph":2,"Strawberry":6,"Fusion Hammer":26,"Juzu Bracelet":3,"Whetstone":3,"Burning Blood":0}],"Burning Blood":58},"card_choices":[{"not_picked":["Dual Wield","Iron Wave","Warcry"],"picked":"SKIP","floor":1},{"not_picked":["Clash","Heavy Blade"],"picked":"Shrug It Off","floor":3},{"not_picked":["Headbutt","Heavy Blade","Cleave"],"picked":"SKIP","floor":7},{"not_picked":["Clothesline","Fiend Fire","Sever Soul"],"picked":"SKIP","floor":10},{"not_picked":["Thunderclap","Clash"],"picked":"Sword Boomerang","floor":12},{"not_picked":["Second Wind","Perfected Strike"],"picked":"Evolve","floor":13},{"not_picked":["Shrug It Off","Combust"],"picked":"Wild Strike","floor":14},{"not_picked":["Feed","Exhume"],"picked":"Fiend Fire","floor":16},{"not_picked":["Thunderclap","Warcry"],"picked":"Shrug It Off","floor":18},{"not_picked":["Carnage","Flex"],"picked":"Power Through","floor":20}],"player_experience":1738432,"relics_obtained":[{"floor":4,"key":"Pantograph"},{"floor":7,"key":"Whetstone"},{"floor":9,"key":"Juzu Bracelet"},{"floor":10,"key":"Strawberry"}],"event_choices":[{"damage_healed":0,"gold_gain":0,"player_choice":"Damaged","damage_taken":11,"max_hp_gain":0,"max_hp_loss":0,"event_name":"Wheel of Change","floor":2,"gold_loss":0},{"damage_healed":0,"gold_gain":0,"cards_transformed":["Strike_R"],"player_choice":"Change","damage_taken":0,"max_hp_gain":0,"max_hp_loss":0,"event_name":"Living Wall","floor":11,"gold_loss":0,"cards_obtained":["Flex"]},{"damage_healed":0,"gold_gain":0,"player_choice":"Ignored","damage_taken":0,"max_hp_gain":0,"max_hp_loss":0,"event_name":"Vampires","floor":19,"gold_loss":0}],"is_beta":false,"boss_relics":[{"not_picked":["Ectoplasm","Velvet Choker"],"picked":"Fusion Hammer"}],"items_purged_floors":[21],"is_endless":false,"potions_floor_spawned":[1,12,16,20],"killed_by":"Snake Plant","ascension_level":20}}