{"host":"eu5wvbbtjeiar27l","time":1610579472,"event":{"mods":["BaseMod","Colored Powertips","Conspire","Hubris","Infinite Spire","Minty Spire (QoL Compilation)","Rare Cards Sparkle","StSLib","The Factory","The Jungle","vexMod"],"gold_per_floor":[111,125,125,125,137,169,186,0,0,20,36,36,54,54,54,156,156,168,185,200,57,57,57,57,57,57,73,73,99,115,115,115,212,212,222,222,334,387,82,82,95,126,197,197,208,233,233,233,233],"floor_reached":48,"language":"ENG","playtime":7246,"items_purged":["Fusion","conspire:SharedLibrary+1","White Noise"],"score":587,"play_id":"e2c392dd-d506-448d-90c8-68e34bbab380","local_time":"20210113231112","is_ascension_mode":false,"campfire_choices":[{"floor":12,"key":"REST"},{"floor":15,"key":"REST"},{"data":"Hologram","floor":23,"key":"SMITH"},{"data":"Sunder","floor":25,"key":"SMITH"},{"data":"Zap","floor":28,"key":"SMITH"},{"floor":32,"key":"REST"},{"data":"Seek","floor":40,"key":"SMITH"}],"circlet_count":0,"master_deck":["conspire:GhostlyStrike","conspire:GhostlyStrike","conspire:GhostlyStrike","conspire:GhostlyStrike","conspire:GhostlyDefend","conspire:GhostlyDefend","conspire:GhostlyDefend","conspire:GhostlyDefend","Zap+1","Dualcast","Hologram+1","Hologram+1","Defragment+1","Leap","Defragment+1","Defragment+1","BootSequence","Leap","Electrodynamics+1","Ball Lightning+1","Static Discharge+1","Sunder+1","Necronomicurse","infinitespire:Fortify","Force Field+1","Barrage","Hologram","Seek+1","Heatsinks+1","Self Repair+1","Storm+1","Storm+1","Heatsinks+1","hubris:NaturalOne","hubris:Fate"],"relics":["Cracked Core","NeowsBlessing","The Courier","conspire:TreasureMap","Frozen Egg 2","Kunai","infinitespire:SolderingIron","conspire:RoyalGoblet","Necronomicon","vexMod:InvisibilityCloak","Tiny Chest","hubris:Potato","hubris:Icosahedron","Busted Crown","Art of War","vexMod:BarristanHead","Nunchaku","hubris:MedicalManual","hubris:ToyBattleship","White Beast Statue","hubris:Towel"],"acts_visited":["Exordium","TheCity","TheBeyond"],"potions_floor_usage":[6,29,29,33,48],"damage_taken":[{"damage":0,"enemies":"Jaw Worm","floor":1,"turns":1},{"damage":0,"enemies":"Cultist","floor":2,"turns":1},{"damage":0,"enemies":"2 Louse","floor":5,"turns":1},{"damage":16,"enemies":"Gremlin Nob","floor":6,"turns":4},{"damage":9,"enemies":"Looter","floor":7,"turns":4},{"damage":0,"enemies":"Blue Slaver","floor":10,"turns":3},{"damage":0,"enemies":"Red Slaver","floor":11,"turns":3},{"damage":5,"enemies":"Exordium Thugs","floor":13,"turns":5},{"damage":31,"enemies":"The Guardian","floor":16,"turns":11},{"damage":0,"enemies":"Shell Parasite","floor":18,"turns":6},{"damage":0,"enemies":"Chosen","floor":19,"turns":4},{"damage":19,"enemies":"Shelled Parasite and Fungi","floor":20,"turns":5},{"damage":7,"enemies":"Centurion and Healer","floor":27,"turns":5},{"damage":18,"enemies":"Nightmare","floor":29,"turns":6},{"damage":8,"enemies":"Snake Plant","floor":30,"turns":2},{"damage":11,"enemies":"conspire:MysteriousRune","floor":33,"turns":6},{"damage":7,"enemies":"3 Darklings","floor":35,"turns":4},{"damage":0,"enemies":"3 Shapes","floor":37,"turns":3},{"damage":28,"enemies":"Writhing Mass","floor":41,"turns":4},{"damage":14,"enemies":"Giant Head","floor":42,"turns":6},{"damage":0,"enemies":"4 Shapes","floor":45,"turns":4},{"damage":34,"enemies":"Nightmare","floor":46,"turns":6},{"damage":22,"enemies":"Jaw Worm Horde","floor":48,"turns":2}],"seed_played":"-1387644746191310752","potions_obtained":[{"floor":2,"key":"BlessingOfTheForge"},{"floor":7,"key":"FocusPotion"},{"floor":10,"key":"Explosive Potion"},{"floor":16,"key":"Fire Potion"},{"floor":29,"key":"ColorlessPotion"},{"floor":35,"key":"FearPotion"},{"floor":46,"key":"Dexterity Potion"}],"is_trial":false,"path_per_floor":["M","M","?","$","M","E","M","$","T","M","M","R","M","?","R","B",null,"M","M","M","$","?","R","AVR","R","T","M","R","NM","M","?","R","B",null,"M","?","M","T","$","R","M","E","T","AVR","M","NM","?","M"],"character_chosen":"DEFECT","items_purchased":["The Courier","conspire:TreasureMap","Frozen Egg 2","Defragment+1","conspire:SharedLibrary+1","Defragment+1","Static Discharge+1","Sunder","Fusion","Heatsinks+1","Self Repair+1","Storm+1","Storm+1"],"campfire_rested":3,"item_purchase_floors":[4,4,4,8,8,8,21,21,21,39,39,39,39],"current_hp_per_floor":[75,75,75,34,34,18,9,9,9,9,9,31,26,26,48,17,75,75,75,56,56,40,40,40,40,40,33,33,15,7,7,29,18,75,68,68,68,68,68,68,50,46,46,46,46,22,22,0,0],"gold":233,"neow_bonus":"THREE_ENEMY_KILL","is_daily":false,"chose_seed":false,"campfire_upgraded":4,"win_rate":0.0,"timestamp":1610579472,"path_taken":["M","M","?","?","?","E","M","$","T","M","M","R","M","?","R","BOSS","M","M","M","$","?","R","AVR","R","T","M","R","NM","M","?","R","BOSS","M","?","?","?","$","R","M","E","T","AVR","M","NM","?","M"],"items_purchased_type":["Relic","Relic","Relic","Card","Card","Card","Card","Card","Card","Card","Card","Card","Card"],"build_version":"2020-12-22","purchased_purges":3,"victory":false,"max_hp_per_floor":[75,75,75,75,75,75,75,75,75,75,75,75,75,75,75,75,75,75,75,75,75,75,75,75,75,75,75,75,75,75,75,75,75,75,75,75,75,75,75,75,75,75,75,75,75,75,75,75,75],"card_choices":[{"not_picked":["Auto Shields","Conserve Battery"],"picked":"Hologram","floor":1},{"not_picked":["Tempest","Leap"],"picked":"Hologram","floor":2},{"not_picked":["Beam Cell","Go for the Eyes"],"picked":"Defragment+1","floor":5},{"not_picked":["Aggregate","Multi-Cast","Meteor Strike"],"picked":"SKIP","floor":6},{"not_picked":["Streamline","Coolheaded"],"picked":"Leap","floor":7},{"not_picked":["Streamline","Coolheaded"],"picked":"BootSequence","floor":10},{"not_picked":["Compile Driver","BootSequence"],"picked":"Leap","floor":11},{"not_picked":["Sweeping Beam","Barrage","Reboot"],"picked":"SKIP","floor":13},{"not_picked":["Biased Cognition+1","hubris:Prefetch"],"picked":"Electrodynamics+1","floor":16},{"not_picked":["Gash+1","Leap"],"picked":"Ball Lightning+1","floor":18},{"not_picked":["Ball Lightning","Stack","Scrape"],"picked":"SKIP","floor":19},{"not_picked":["Beam Cell+1","Coolheaded"],"picked":"White Noise","floor":20},{"not_picked":["Lockon+1","Genetic Algorithm"],"picked":"Force Field+1","floor":27},{"not_picked":["Turbo","Scrape+1"],"picked":"Barrage","floor":29},{"not_picked":["Go for the Eyes","Steam Power"],"picked":"Hologram","floor":30},{"not_picked":["Core Surge","Buffer+1"],"picked":"Seek","floor":33},{"not_picked":["Doom and Gloom+1"],"picked":"SKIP","floor":35},{"not_picked":["Redo"],"picked":"SKIP","floor":37},{"not_picked":["Gash"],"picked":"SKIP","floor":41},{"not_picked":[],"picked":"Heatsinks+1","floor":42},{"not_picked":["Double Energy+1"],"picked":"SKIP","floor":45},{"not_picked":["infinitespire:SealOfDarkness+","infinitespire:Menacing"],"picked":"hubris:Fate","floor":46},{"not_picked":["Recycle"],"picked":"SKIP","floor":46}],"player_experience":128754,"relics_obtained":[{"floor":6,"key":"Kunai"},{"floor":9,"key":"infinitespire:SolderingIron"},{"floor":22,"key":"Necronomicon"},{"floor":26,"key":"Tiny Chest"},{"floor":29,"key":"hubris:Potato"},{"floor":38,"key":"vexMod:BarristanHead"},{"floor":42,"key":"Nunchaku"},{"floor":43,"key":"hubris:MedicalManual"},{"floor":46,"key":"White Beast Statue"}],"event_choices":[{"damage_healed":0,"gold_gain":0,"player_choice":"Agree","damage_taken":0,"max_hp_gain":0,"max_hp_loss":0,"event_name":"conspire:LoneGhost","floor":3,"gold_loss":0},{"damage_healed":0,"gold_gain":0,"player_choice":"Obtained Book","damage_taken":16,"max_hp_gain":0,"max_hp_loss":0,"event_name":"Cursed Tome","floor":22,"gold_loss":0},{"damage_healed":0,"gold_gain":0,"player_choice":"Gave Potion","damage_taken":0,"relics_obtained":["Art of War"],"max_hp_gain":0,"max_hp_loss":0,"event_name":"WeMeetAgain","floor":36,"gold_loss":0}],"is_beta":false,"boss_relics":[{"not_picked":["Coffee Dripper","Pandora\u0027s Box"],"picked":"conspire:RoyalGoblet"},{"not_picked":["Cursed Key","Empty Cage"],"picked":"Busted Crown"}],"items_purged_floors":[24,39,44],"is_endless":false,"potions_floor_spawned":[2,7,10,16,20,27,29,35,46],"killed_by":"Jaw Worm Horde","ascension_level":0}}