{"host":"52lujqhsyicpcskq","time":1610543980,"event":{"mods":["BaseMod","Colored Map","DeckTracker","Minty Spire (QoL Compilation)","Permanent Neow","StSLib","SuperFastMode","everything is the same but u backflip on backflip"],"gold_per_floor":[114,133,152,164,175,204,204,230,304,304,317,335,335,335],"floor_reached":13,"language":"KOR","playtime":672,"items_purged":[],"score":153,"play_id":"c4e5eafa-7a1e-4843-a350-66368ce49930","local_time":"20210113221940","is_ascension_mode":true,"campfire_choices":[{"floor":7,"key":"REST"},{"data":"Sunder","floor":10,"key":"SMITH"}],"circlet_count":0,"master_deck":["AscendersBane","Strike_B","Strike_B","Strike_B","Strike_B","Defend_B","Defend_B","Defend_B","Defend_B","Zap+1","Dualcast","Ball Lightning","Genetic Algorithm","Sunder+1","Leap","Glacier","Ball Lightning","Reinforced Body","Coolheaded"],"relics":["Cracked Core","Bottled Flame","Turnip","Frozen Egg 2"],"acts_visited":["Exordium"],"potions_floor_usage":[13],"damage_taken":[{"damage":0,"enemies":"Cultist","floor":1,"turns":4},{"damage":3,"enemies":"Small Slimes","floor":2,"turns":3},{"damage":2,"enemies":"Jaw Worm","floor":3,"turns":3},{"damage":18,"enemies":"Lots of Slimes","floor":4,"turns":4},{"damage":4,"enemies":"Looter","floor":5,"turns":3},{"damage":25,"enemies":"Gremlin Nob","floor":6,"turns":4},{"damage":7,"enemies":"Lagavulin","floor":8,"turns":8},{"damage":0,"enemies":"Exordium Thugs","floor":11,"turns":3},{"damage":0,"enemies":"Blue Slaver","floor":12,"turns":4},{"damage":36,"enemies":"Gremlin Nob","floor":13,"turns":4}],"seed_played":"-2686902859059598903","potions_obtained":[{"floor":2,"key":"Dexterity Potion"},{"floor":5,"key":"CultistPotion"},{"floor":11,"key":"Weak Potion"}],"is_trial":false,"path_per_floor":["M","M","M","M","M","E","R","E","T","R","M","M","E"],"character_chosen":"DEFECT","items_purchased":[],"campfire_rested":1,"item_purchase_floors":[],"current_hp_per_floor":[68,65,63,45,41,16,38,31,31,31,31,31,0,0],"gold":335,"neow_bonus":"UPGRADE_CARD","is_daily":false,"chose_seed":false,"campfire_upgraded":1,"win_rate":0.0,"timestamp":1610543980,"path_taken":["M","M","M","M","?","E","R","E","T","R","M","M","E"],"items_purchased_type":[],"build_version":"2020-12-22","purchased_purges":0,"victory":false,"max_hp_per_floor":[75,75,75,75,75,75,75,75,75,75,75,75,75,75],"card_choices":[{"not_picked":["Compile Driver","Go for the Eyes"],"picked":"Ball Lightning","floor":1},{"not_picked":["Turbo","Stack","Hello World"],"picked":"SKIP","floor":2},{"not_picked":["Barrage","Loop"],"picked":"Genetic Algorithm","floor":3},{"not_picked":["Tempest","Leap"],"picked":"Sunder","floor":4},{"not_picked":["Turbo","Streamline"],"picked":"Leap","floor":5},{"not_picked":["Recycle","Amplify"],"picked":"Glacier","floor":6},{"not_picked":["Turbo","Steam"],"picked":"Ball Lightning","floor":8},{"not_picked":["Streamline","Redo"],"picked":"Reinforced Body","floor":11},{"not_picked":["Hello World+1","Rip and Tear"],"picked":"Coolheaded","floor":12}],"player_experience":682091,"relics_obtained":[{"floor":6,"key":"Bottled Flame"},{"floor":8,"key":"Turnip"},{"floor":9,"key":"Frozen Egg 2"}],"event_choices":[],"is_beta":false,"boss_relics":[],"items_purged_floors":[],"is_endless":false,"potions_floor_spawned":[2,5,11,12],"killed_by":"Gremlin Nob","ascension_level":11}}