{"host":"3po7ngt2j61s4rmj","time":1610569168,"event":{"mods":["BaseMod","Minty Spire (QoL Compilation)","Relic Stats","StSLib"],"gold_per_floor":[109,123,136,146,163,163,181,181,206,238,238,238,238,278,278,371,371,389,389,389,200,200,241,241,236,259,259,283,331,331,372,372,372,372],"floor_reached":33,"language":"ENG","playtime":2624,"items_purged":[],"score":513,"play_id":"917d442d-b40a-47f0-8d62-9cbaeec6a35b","local_time":"20210113131928","is_ascension_mode":true,"campfire_choices":[{"data":"Leg Sweep","floor":6,"key":"SMITH"},{"data":"After Image","floor":8,"key":"SMITH"},{"data":"Blade Dance","floor":11,"key":"SMITH"},{"data":"Survivor","floor":15,"key":"SMITH"},{"data":"J.A.X.","floor":24,"key":"SMITH"},{"floor":27,"key":"REST"},{"data":"Venomology","floor":30,"key":"SMITH"},{"floor":32,"key":"REST"}],"circlet_count":0,"master_deck":["AscendersBane","Strike_G","Strike_G+1","Strike_G+1","Strike_G","Strike_G","Defend_G","Defend_G","Defend_G","Defend_G","Defend_G","Survivor+1","Neutralize","Quick Slash","Blade Dance+1","Blade Dance","Leg Sweep+1","After Image+1","Acrobatics","Malaise","Footwork","RitualDagger","Expertise","Well Laid Plans","Blade Dance+1","Footwork","Expertise","Backflip","Deadly Poison","J.A.X.+1","Backflip","Well Laid Plans","Venomology+1","Backflip"],"relics":["Ring of the Serpent","Lantern","Centennial Puzzle","Golden Idol","Boot","PreservedInsect","Orrery","Whetstone","Akabeko","Snake Skull","Mummified Hand"],"acts_visited":["Exordium","TheCity"],"potions_floor_usage":[7,23,25,31,33,33],"damage_taken":[{"damage":5,"enemies":"Jaw Worm","floor":1,"turns":9},{"damage":0,"enemies":"Small Slimes","floor":2,"turns":3},{"damage":0,"enemies":"Cultist","floor":3,"turns":4},{"damage":1,"enemies":"Looter","floor":4,"turns":4},{"damage":1,"enemies":"Exordium Wildlife","floor":5,"turns":3},{"damage":7,"enemies":"3 Louse","floor":7,"turns":2},{"damage":16,"enemies":"Gremlin Nob","floor":10,"turns":5},{"damage":5,"enemies":"3 Sentries","floor":14,"turns":8},{"damage":20,"enemies":"The Guardian","floor":16,"turns":18},{"damage":2,"enemies":"Chosen","floor":18,"turns":5},{"damage":22,"enemies":"Book of Stabbing","floor":23,"turns":5},{"damage":3,"enemies":"2 Thieves","floor":25,"turns":4},{"damage":14,"enemies":"Centurion and Healer","floor":28,"turns":7},{"damage":13,"enemies":"Slavers","floor":31,"turns":5},{"damage":32,"enemies":"Automaton","floor":33,"turns":6}],"seed_played":"5789085571295950335","potions_obtained":[{"floor":1,"key":"Block Potion"},{"floor":4,"key":"SteroidPotion"},{"floor":10,"key":"Ancient Potion"},{"floor":16,"key":"Strength Potion"},{"floor":28,"key":"PowerPotion"}],"is_trial":false,"path_per_floor":["M","M","M","M","M","R","M","R","T","E","R","?","?","E","R","B",null,"M","?","?","$","?","E","R","M","T","R","M","T","R","E","R","B"],"character_chosen":"THE_SILENT","items_purchased":["Well Laid Plans","Orrery"],"campfire_rested":2,"item_purchase_floors":[21,21],"current_hp_per_floor":[60,60,60,59,58,58,51,51,51,35,35,35,35,30,30,10,51,49,43,43,43,43,21,21,18,18,37,23,23,23,10,29,0,0],"gold":372,"neow_bonus":"TEN_PERCENT_HP_BONUS","is_daily":false,"chose_seed":false,"campfire_upgraded":6,"win_rate":0.0,"timestamp":1610569168,"path_taken":["M","M","M","M","M","R","M","R","T","E","R","?","?","E","R","BOSS","M","?","?","?","?","E","R","?","T","R","M","?","R","E","R","BOSS"],"items_purchased_type":["Card","Relic"],"build_version":"2020-12-22","purchased_purges":0,"victory":false,"max_hp_per_floor":[72,72,72,72,72,72,72,72,72,72,72,65,65,65,65,65,65,65,65,65,65,65,65,65,65,65,65,65,65,65,65,65,65,65],"relic_stats":{"Centennial Puzzle":[24],"counters":[15,88],"Golden Idol":57,"Mummified Hand":[4],"PreservedInsect":85,"Snake Skull":[13],"Whetstone":["Strike_G","Strike_G"],"Boot":[104],"obtain_stats":[{"Lantern":9,"Centennial Puzzle":10,"Golden Idol":12,"Mummified Hand":31,"Orrery":21,"PreservedInsect":14,"Snake Skull":29,"Whetstone":23,"Boot":13,"Ring of the Serpent":17,"Akabeko":26,"Ring of the Snake":0},{"Lantern":6,"Centennial Puzzle":7,"Golden Idol":7,"Mummified Hand":14,"Orrery":10,"PreservedInsect":8,"Snake Skull":13,"Whetstone":11,"Boot":7,"Ring of the Serpent":9,"Akabeko":12,"Ring of the Snake":0},{"Lantern":25,"Centennial Puzzle":30,"Golden Idol":30,"Mummified Hand":82,"Orrery":61,"PreservedInsect":38,"Snake Skull":77,"Whetstone":66,"Boot":30,"Ring of the Serpent":56,"Akabeko":70,"Ring of the Snake":0}]},"card_choices":[{"not_picked":["Flechettes","Backflip"],"picked":"Quick Slash","floor":1},{"not_picked":["Distraction","Reflex"],"picked":"Blade Dance","floor":2},{"not_picked":["Flying Knee","Expertise"],"picked":"Blade Dance","floor":3},{"not_picked":["Outmaneuver","Riddle With Holes"],"picked":"Concentrate","floor":4},{"not_picked":["Blade Dance","Riddle With Holes"],"picked":"Leg Sweep","floor":5},{"not_picked":["Dodge and Roll","Dagger Throw"],"picked":"After Image","floor":7},{"not_picked":["Underhanded Strike","Bane","Outmaneuver"],"picked":"SKIP","floor":10},{"not_picked":["Bane","Poisoned Stab"],"picked":"Acrobatics","floor":14},{"not_picked":["After Image","Night Terror"],"picked":"Malaise","floor":16},{"not_picked":["Backflip","Prepared"],"picked":"Footwork","floor":18},{"not_picked":["Dagger Throw","Underhanded Strike"],"picked":"Blade Dance+1","floor":21},{"not_picked":["Deadly Poison","Heel Hook"],"picked":"Footwork","floor":21},{"not_picked":["Cloak And Dagger","Slice"],"picked":"Expertise","floor":21},{"not_picked":["Skewer","Catalyst"],"picked":"Backflip","floor":21},{"not_picked":["Underhanded Strike","Quick Slash"],"picked":"Deadly Poison","floor":21},{"not_picked":["Deflect","Quick Slash"],"picked":"Backflip","floor":23},{"not_picked":["Poisoned Stab","Tactician"],"picked":"Well Laid Plans","floor":25},{"not_picked":["Distraction","Outmaneuver"],"picked":"Venomology","floor":28},{"not_picked":["Prepared","Dagger Throw"],"picked":"Backflip","floor":31}],"player_experience":885026,"relics_obtained":[{"floor":9,"key":"Lantern"},{"floor":10,"key":"Centennial Puzzle"},{"floor":14,"key":"PreservedInsect"},{"floor":23,"key":"Whetstone"},{"floor":26,"key":"Akabeko"},{"floor":29,"key":"Snake Skull"},{"floor":31,"key":"Mummified Hand"}],"event_choices":[{"damage_healed":0,"gold_gain":0,"player_choice":"Lose Max HP","damage_taken":0,"relics_obtained":["Golden Idol"],"max_hp_gain":0,"max_hp_loss":7,"event_name":"Golden Idol","floor":12,"gold_loss":0},{"cards_removed":["Concentrate"],"damage_healed":0,"gold_gain":0,"player_choice":"Gave Card","damage_taken":0,"relics_obtained":["Boot"],"max_hp_gain":0,"max_hp_loss":0,"event_name":"WeMeetAgain","floor":13,"gold_loss":0},{"damage_healed":0,"gold_gain":0,"player_choice":"Joined the Cult","damage_taken":6,"max_hp_gain":0,"max_hp_loss":0,"event_name":"Nest","floor":19,"gold_loss":0,"cards_obtained":["RitualDagger"]},{"damage_healed":0,"gold_gain":0,"player_choice":"Read","damage_taken":0,"max_hp_gain":0,"max_hp_loss":0,"event_name":"The Library","floor":20,"gold_loss":0,"cards_obtained":["Expertise"]},{"damage_healed":0,"gold_gain":0,"player_choice":"Obtain J.A.X.","damage_taken":0,"max_hp_gain":0,"max_hp_loss":0,"event_name":"Drug Dealer","floor":22,"gold_loss":0,"cards_obtained":["J.A.X."]}],"is_beta":false,"boss_relics":[{"not_picked":["Sozu","SacredBark"],"picked":"Ring of the Serpent"}],"items_purged_floors":[],"is_endless":false,"potions_floor_spawned":[1,4,5,10,16,18,28],"killed_by":"Automaton","ascension_level":15}}