{"host":"mfnyjbfkyfsz33u9","time":1610500622,"event":{"mods":["2.2 Compatiblity","BaseMod","Colored Powertips","Downfall","Marisa£¨Ùöéë¡¡Øª×âÞÞ£©","Minty Spire (QoL Compilation)","Rare Cards Sparkle","Replay The Spire","StSLib","SuperFastMode","The Cursed"],"gold_per_floor":[113,113,25,44,44,44,44,44,71,101,115,128,140,172,172,273,273,283,283,283,308,322,322,322],"floor_reached":23,"language":"ENG","playtime":660,"items_purged":[],"score":219,"play_id":"868e5770-b1ea-48af-9c5d-89bca709666c","local_time":"20210113101702","is_ascension_mode":true,"campfire_choices":[{"data":"expansioncontent:DefensiveStance","floor":6.0,"key":"SMITH"},{"data":"Neutralize","floor":8.0,"key":"SMITH"},{"data":"Noxious Fumes","floor":15.0,"key":"SMITH"}],"circlet_count":0,"master_deck":["Strike_G","Strike_G","Strike_G","Strike_G","Defend_G+1","Defend_G","Defend_G","Defend_G","Defend_G","Survivor+1","Neutralize+1","Strike_G","Eruption+1","Unload+1","Outmaneuver","expansioncontent:DefensiveStance+1","Replay:Hysterical Blindness","Adrenaline+1","Masterful Stab","Noxious Fumes+1","ReplayTheSpireMod:Speed Training","Doppelganger","Burst","Prepared+1","Choke"],"relics":["Ring of the Snake","ReplayTheSpireMod:Ring of Addiction","Potion Belt","Toy Ornithopter","ReplayTheSpireMod:Ring of Exchange","War Paint","Anchor","ReplayTheSpireMod:Lightbulb","Guide Book","Byrd Skull","Blood Vial"],"acts_visited":["Exordium","TheCity"],"potions_floor_usage":[22,23],"damage_taken":[{"damage":1.0,"enemies":"Cultist","floor":1.0,"turns":3.0},{"damage":0.0,"enemies":"2 Louse","floor":4.0,"turns":2.0},{"damage":34.0,"enemies":"Gremlin Nob","floor":10.0,"turns":4.0},{"damage":0.0,"enemies":"Small Slimes","floor":11.0,"turns":2.0},{"damage":4.0,"enemies":"Blue Slaver","floor":12.0,"turns":4.0},{"damage":0.0,"enemies":"3 Louse","floor":13.0,"turns":3.0},{"damage":7.0,"enemies":"3 Sentries","floor":14.0,"turns":7.0},{"damage":19.0,"enemies":"The Guardian","floor":16.0,"turns":9.0},{"damage":27,"enemies":"Spheric Guardian","floor":18,"turns":4},{"damage":5,"enemies":"Shell Parasite","floor":22,"turns":5},{"damage":52,"enemies":"Gremlin Leader","floor":23,"turns":4}],"seed_played":"8771655564991989089","potions_obtained":[{"floor":4.0,"key":"champ:CounterPotion"},{"floor":5.0,"key":"champ:CounterPotion"},{"floor":5.0,"key":"Guardian:BlockOnCardUsePotion"},{"floor":5.0,"key":"champ:CounterPotion"},{"floor":14.0,"key":"Dexterity Potion"},{"floor":18,"key":"DistilledChaos"}],"is_trial":false,"path_per_floor":["M","?","$","M","?","R","?","R","T","E","M","M","M","E","R","B",null,"M","?","?","T","M","E"],"character_chosen":"THE_SILENT","items_purchased":["expansioncontent:DefensiveStance"],"campfire_rested":0,"item_purchase_floors":[3],"current_hp_per_floor":[69,69,69,69,69,69,69,69,68,39,39,35,35,33,33,19,66,39,39,39,39,41,0,0],"gold":322,"neow_bonus":"THREE_RARE_CARDS","is_daily":false,"chose_seed":false,"campfire_upgraded":3,"win_rate":0.0,"timestamp":1610500622,"path_taken":["M","?","$","M","?","R","?","R","T","E","M","M","M","E","R","BOSS","BOSS","M","?","?","?","?","E"],"items_purchased_type":["Card"],"build_version":"2020-12-22","purchased_purges":0,"victory":false,"max_hp_per_floor":[70,70,70,70,70,70,70,70,68,68,68,68,68,66,66,66,66,66,66,64,64,64,64,64],"card_choices":[{"not_picked":["Glass Knife","Wraith Form v2"],"picked":"Unload","floor":0.0},{"not_picked":["PiercingWail","Poisoned Stab"],"picked":"Outmaneuver","floor":1.0},{"not_picked":["Acrobatics","Bane","Outmaneuver"],"picked":"SKIP","floor":4.0},{"not_picked":["Deflect","Heel Hook"],"picked":"Adrenaline","floor":10.0},{"not_picked":["Predator","Dagger Throw"],"picked":"Masterful Stab","floor":11.0},{"not_picked":["Outmaneuver","Noxious Fumes","Quick Slash"],"picked":"SKIP","floor":12.0},{"not_picked":["Outmaneuver","Quick Slash"],"picked":"Noxious Fumes","floor":12.0},{"not_picked":["Bane","Cloak And Dagger"],"picked":"ReplayTheSpireMod:Speed Training","floor":13.0},{"not_picked":["Dagger Spray","Riddle With Holes"],"picked":"Doppelganger","floor":14.0},{"not_picked":["Poison Darts","Doppelganger"],"picked":"Burst","floor":16},{"not_picked":["PiercingWail","Poisoned Stab+1"],"picked":"Prepared+1","floor":18},{"not_picked":["Catalyst+1","Sucker Punch+1"],"picked":"Choke","floor":22}],"player_experience":42557,"relics_obtained":[{"floor":5.0,"key":"ReplayTheSpireMod:Ring of Addiction"},{"floor":5.0,"key":"Potion Belt"},{"floor":5.0,"key":"Toy Ornithopter"},{"floor":5.0,"key":"ReplayTheSpireMod:Ring of Exchange"},{"floor":9.0,"key":"War Paint"},{"floor":10.0,"key":"Anchor"},{"floor":14.0,"key":"ReplayTheSpireMod:Lightbulb"},{"floor":21,"key":"Blood Vial"}],"event_choices":[{"damage_healed":0.0,"max_hp_gain":0.0,"max_hp_loss":0.0,"gold_gain":0.0,"event_name":"Living Wall","player_choice":"Grow","floor":2.0,"gold_loss":0.0,"damage_taken":0.0,"cards_upgraded":["Eruption"]}],"is_beta":false,"boss_relics":[{"not_picked":["Replay:Wanted Poster","HandDrill"],"picked":"Guide Book"}],"items_purged_floors":[],"is_endless":false,"potions_floor_spawned":[4,14,18],"killed_by":"Gremlin Leader","ascension_level":2}}