{"host":"x5q8uzeox1qwonhv","time":1610539510,"event":{"mods":["Act Like it!","BaseMod","Better Third Choice","Decade(王小明)","Minty Spire (QoL Compilation)","MostiFishMod","StSLib","The Alterego","The IronCluck","The Marked","【遗物卡牌】REMEMod"],"gold_per_floor":[218,218,168,183,30,30,30,42,42,67,67,67,67,82,82,181,181,192,192,203,128,147,178,178,203,253,265,265],"floor_reached":27,"language":"ZHS","playtime":1206,"items_purged":["Decade_Attack"],"score":432,"play_id":"5cbf3024-6842-4296-b2ce-d7b414404f5b","local_time":"20210113200510","is_ascension_mode":true,"campfire_choices":[{"floor":6,"key":"RECALL"},{"data":"KamenRideKuuga","floor":11,"key":"SMITH"},{"data":"Hibiki_Attack1","floor":15,"key":"SMITH"},{"data":"DecadeViolentEmotion","floor":24,"key":"SMITH"}],"circlet_count":0,"master_deck":["Decade_Attack","Decade_Attack","Decade_Attack","KamenRide","Decade_SpecialSkill","Decade_Defend","Decade_Defend","Decade_Defend","Decade_Defend","Establishment","Hibiki_Attack1+1","KamenRideKuuga+1","Hibiki_Attack3","Blade_Mach","DecadeViolentEmotion+1","UnarmedAttack1","KamenRideKabuto","Kuuga_Rising"],"relics":["Decadriver","TOEIDeficitBill","DaveBox","REME_ComplimentaryCards","ExusiaiGun","SynthV:TestCard","Happy Flower","Boot","RhineSuit","REME_HourglassOfDeath","InkBottle","Regal Pillow"],"acts_visited":["Exordium","TheCity"],"potions_floor_usage":[],"damage_taken":[{"damage":7,"enemies":"Jaw Worm","floor":1,"turns":3},{"damage":0,"enemies":"Small Slimes","floor":4,"turns":2},{"damage":0,"enemies":"Cultist","floor":8,"turns":2},{"damage":12,"enemies":"3 Sentries","floor":10,"turns":3},{"damage":12,"enemies":"Exordium Thugs","floor":14,"turns":2},{"damage":10,"enemies":"Hexaghost","floor":16,"turns":1},{"damage":11,"enemies":"2 Thieves","floor":18,"turns":2},{"damage":0,"enemies":"Shell Parasite","floor":20,"turns":1},{"damage":0,"enemies":"3 Cultists","floor":22,"turns":1},{"damage":0,"enemies":"REME_1_Revenger","floor":23,"turns":1},{"damage":4,"enemies":"Book of Stabbing","floor":25,"turns":1},{"damage":0,"enemies":"Centurion and Healer","floor":27,"turns":1}],"seed_played":"849219388511575630","potions_obtained":[{"floor":1,"key":"Swift Potion"},{"floor":4,"key":"LiquidMemories"},{"floor":18,"key":"Fire Potion"}],"is_trial":false,"path_per_floor":["M","?","?","M","$","R","$","M","T","E","R","$","$","M","R","B",null,"M","?","M","$","M","E","R","E","T","M"],"character_chosen":"Decade","items_purchased":["Happy Flower"],"campfire_rested":0,"item_purchase_floors":[5],"current_hp_per_floor":[63,63,63,63,63,63,63,68,68,63,63,63,63,56,56,46,70,59,59,59,59,59,59,59,55,55,55,55],"gold":265,"neow_bonus":"HUNDRED_GOLD","is_daily":false,"chose_seed":false,"campfire_upgraded":3,"win_rate":0.0,"timestamp":1610539510,"path_taken":["M","?","?","M","?","R","$","M","T","E","R","?","$","?","R","BOSS","M","?","M","$","M","E","R","E","T","M"],"items_purchased_type":["Relic"],"build_version":"2020-12-22","purchased_purges":1,"victory":false,"max_hp_per_floor":[70,70,70,70,70,70,70,70,70,70,70,70,70,70,70,70,70,70,70,70,70,70,70,70,70,70,70,70],"card_choices":[{"not_picked":["UnarmedAttack7","Decade_Dash1"],"picked":"Hibiki_Attack1","floor":1},{"not_picked":["FormRideBasshaa","FormRideJack","UnarmedAttack1"],"picked":"SKIP","floor":1},{"not_picked":["FormRideBasshaa","FormRideStorm","DragShield","RideBooker"],"picked":"KamenRideKuuga","floor":4},{"not_picked":["DenO_Ax","UnarmedAttack7","Decade_Dash1","FormRideDogga","Hibiki_Attack1"],"picked":"SKIP","floor":4},{"not_picked":["Decade_Dash1","Kiva_Swallow","Decade_Invisible","FormRideJack"],"picked":"Hibiki_Attack3","floor":8},{"not_picked":["UnarmedAttack7","Decade_Dash1","KamenRideDecade","FormRideStorm"],"picked":"Blade_Mach","floor":10},{"not_picked":["UnarmedAttack1","Hibiki_Attack1","KamenRideDenO","DenO_Sword","FormRideStorm"],"picked":"SKIP","floor":14},{"not_picked":["Hibiki_FEVER","DenO_Climax","NMDAZYYGL","Kiva_Swallow"],"picked":"DecadeViolentEmotion","floor":16},{"not_picked":["KamenRideHibiki","RideBooker+1","Decade_Illusion","FormRideDogga+1"],"picked":"UnarmedAttack1","floor":18},{"not_picked":["Blade_Slash","AutoVajin","FormRideDragon","DenO_Ax"],"picked":"Kuuga_Rising","floor":20},{"not_picked":["Blade_Slash","Hibiki_Attack1","UnarmedAttack3","UnarmedAttack5","RideBooker+1"],"picked":"SKIP","floor":20},{"not_picked":["RideBooker+1","UnarmedAttack8","AttackRide","UnarmedAttack5","AutoVajin"],"picked":"SKIP","floor":22},{"not_picked":["FormRideFlame+1","UnarmedAttack5","UnarmedAttack4+1","Kuuga_GouramAttack","RideBooker_Skill_2"],"picked":"SKIP","floor":23},{"not_picked":["RideBooker_Skill_2","UnarmedAttack8","TimeVent","FormRideDogga","Decade_Dash1"],"picked":"SKIP","floor":25}],"player_experience":222998,"relics_obtained":[{"floor":1,"key":"SynthV:TestCard"},{"floor":10,"key":"Boot"},{"floor":23,"key":"REME_HourglassOfDeath"},{"floor":25,"key":"InkBottle"},{"floor":26,"key":"Regal Pillow"}],"event_choices":[{"damage_healed":63,"gold_gain":0,"player_choice":"Embrace Burn","damage_taken":0,"max_hp_gain":0,"max_hp_loss":70,"event_name":"betterThird:BetterShining","floor":2,"gold_loss":0},{"cards_removed":["Burn"],"damage_healed":0,"gold_gain":0,"player_choice":"Card Removal","damage_taken":0,"max_hp_gain":0,"max_hp_loss":0,"event_name":"The Cleric","floor":3,"gold_loss":50},{"damage_healed":0,"gold_gain":0,"player_choice":"Read","damage_taken":0,"max_hp_gain":0,"max_hp_loss":0,"event_name":"The Library","floor":19,"gold_loss":0,"cards_obtained":["KamenRideKabuto"]}],"is_beta":false,"boss_relics":[{"not_picked":["MostiFishMod:Hod","FrostBlade"],"picked":"RhineSuit"}],"items_purged_floors":[21],"is_endless":false,"potions_floor_spawned":[1,4,18,22],"killed_by":"Centurion and Healer","ascension_level":3}}