{"host":"yptvp0rjza9g9li7","time":1610542077,"event":{"mods":["AchievementEnabler","BaseMod","Colored Map","Colored Powertips","DeckTracker","Minty Spire (QoL Compilation)","SuperFastMode"],"gold_per_floor":[119,135,146,159,178,203,203,219,265,276,294,294,6,31,31,160,160,180,180,450,473,496,17,33,49,97,97,111,111,134,170,170,170,170],"floor_reached":33,"language":"KOR","playtime":1101,"items_purged":["Hemokinesis"],"score":352,"play_id":"2a68c8e5-6270-4dc1-b5af-77bdd7e7f76f","local_time":"20210113214757","is_ascension_mode":false,"campfire_choices":[{"data":"Inflame","floor":7.0,"key":"SMITH"},{"data":"Havoc","floor":15.0,"key":"SMITH"},{"floor":27.0,"key":"REST"},{"floor":29.0,"key":"REST"},{"floor":32,"key":"REST"}],"circlet_count":0,"master_deck":["Bash+1","Wild Strike","Inflame+1","Intimidate","Battle Trance","Feed","Hemokinesis","Rage","Havoc+1","Spot Weakness","Shrug It Off","Flex","Demon Form","Bludgeon","Anger","Offering","Body Slam","Double Tap","Bloodletting","Rage","Rupture","Dark Embrace","Dramatic Entrance","Perfected Strike","Second Wind","Evolve","Disarm+1","Bloodletting+1","True Grit","Pommel Strike","Feel No Pain"],"relics":["Burning Blood","Whetstone","Strawberry","Pen Nib","Golden Idol","StrikeDummy","Pandora\u0027s Box","Thread and Needle","Bag of Marbles","Boot","PreservedInsect","Pear"],"acts_visited":["Exordium","TheCity"],"potions_floor_usage":[],"damage_taken":[{"damage":6.0,"enemies":"Cultist","floor":1.0,"turns":3.0},{"damage":0.0,"enemies":"Small Slimes","floor":2.0,"turns":3.0},{"damage":6.0,"enemies":"Jaw Worm","floor":3.0,"turns":3.0},{"damage":11.0,"enemies":"Blue Slaver","floor":4.0,"turns":3.0},{"damage":9.0,"enemies":"Red Slaver","floor":5.0,"turns":2.0},{"damage":40.0,"enemies":"3 Sentries","floor":6.0,"turns":8.0},{"damage":4.0,"enemies":"Large Slime","floor":8.0,"turns":3.0},{"damage":1.0,"enemies":"Looter","floor":10.0,"turns":2.0},{"damage":17.0,"enemies":"3 Louse","floor":11.0,"turns":2.0},{"damage":0.0,"enemies":"Large Slime","floor":14.0,"turns":3.0},{"damage":28.0,"enemies":"The Guardian","floor":16.0,"turns":5.0},{"damage":9.0,"enemies":"Shell Parasite","floor":18.0,"turns":2.0},{"damage":9.0,"enemies":"3 Byrds","floor":21.0,"turns":4.0},{"damage":15.0,"enemies":"Centurion and Healer","floor":22.0,"turns":4.0},{"damage":25.0,"enemies":"Snake Plant","floor":24.0,"turns":3.0},{"damage":18.0,"enemies":"Snecko","floor":25.0,"turns":5.0},{"damage":46.0,"enemies":"Shelled Parasite and Fungi","floor":28.0,"turns":5.0},{"damage":30.0,"enemies":"Centurion and Healer","floor":30.0,"turns":4.0},{"damage":0,"enemies":"Gremlin Leader","floor":31,"turns":4},{"damage":104,"enemies":"Automaton","floor":33,"turns":6}],"seed_played":"264647200575637696","potions_obtained":[{"floor":3.0,"key":"SmokeBomb"},{"floor":4.0,"key":"Regen Potion"},{"floor":8.0,"key":"SpeedPotion"},{"floor":10.0,"key":"PowerPotion"},{"floor":11.0,"key":"LiquidMemories"},{"floor":18.0,"key":"EntropicBrew"},{"floor":21.0,"key":"SkillPotion"},{"floor":31,"key":"BlessingOfTheForge"}],"is_trial":false,"path_per_floor":["M","M","M","M","M","E","R","M","T","M","M","?","$","M","R","B",null,"M","?","?","M","M","$","M","M","T","R","M","R","M","E","R","B"],"character_chosen":"IRONCLAD","items_purchased":["StrikeDummy","Shrug It Off","Second Wind","Evolve","Bag of Marbles","Boot"],"campfire_rested":3,"item_purchase_floors":[13,13,23,23,23,23],"current_hp_per_floor":[80,80,80,75,72,60,60,62,62,70,59,37,37,46,46,27,96,93,93,60,60,51,51,32,20,20,49,9,38,14,33,66,0,0],"gold":170,"neow_bonus":"RANDOM_COMMON_RELIC","is_daily":false,"chose_seed":false,"campfire_upgraded":2,"win_rate":0.0,"timestamp":1610542077,"path_taken":["M","?","M","M","M","E","R","M","T","M","M","?","$","M","R","BOSS","M","?","?","?","M","$","M","M","T","R","M","R","M","E","R","BOSS"],"items_purchased_type":["Relic","Card","Card","Card","Relic","Relic"],"build_version":"2020-12-22","purchased_purges":1,"victory":false,"max_hp_per_floor":[80,80,80,80,80,87,87,87,87,90,90,90,90,93,93,96,96,96,96,96,99,99,99,99,99,99,99,99,99,99,112,112,112,112],"card_choices":[{"not_picked":["Clothesline","Thunderclap"],"picked":"Wild Strike","floor":1.0},{"not_picked":["Pommel Strike","Twin Strike"],"picked":"Inflame","floor":2.0},{"not_picked":["Iron Wave","Ghostly Armor"],"picked":"Intimidate","floor":3.0},{"not_picked":["Anger","Flex"],"picked":"Battle Trance","floor":4.0},{"not_picked":["Heavy Blade","Warcry"],"picked":"Feed","floor":5.0},{"not_picked":["Perfected Strike","Uppercut"],"picked":"Hemokinesis","floor":6.0},{"not_picked":["Pummel","Pommel Strike"],"picked":"Rage","floor":8.0},{"not_picked":["Ghostly Armor","Thunderclap"],"picked":"Havoc","floor":10.0},{"not_picked":["Wild Strike","Clash"],"picked":"Spot Weakness","floor":11.0},{"not_picked":["Infernal Blade","Heavy Blade"],"picked":"Flex","floor":14.0},{"not_picked":["Barricade","Feed"],"picked":"Demon Form","floor":16.0},{"not_picked":["Thunderclap","Body Slam"],"picked":"Dark Embrace","floor":18.0},{"not_picked":["Spot Weakness","Wild Strike"],"picked":"Perfected Strike","floor":21.0},{"not_picked":["Intimidate","Thunderclap+1","Combust"],"picked":"SKIP","floor":22.0},{"not_picked":["Thunderclap+1","Cleave+1"],"picked":"Disarm+1","floor":24.0},{"not_picked":["Flex","Perfected Strike"],"picked":"Bloodletting+1","floor":25.0},{"not_picked":["Juggernaut","Bloodletting"],"picked":"True Grit","floor":28.0},{"not_picked":["Havoc","Shrug It Off"],"picked":"Pommel Strike","floor":30.0},{"not_picked":["Anger+1","Shrug It Off+1"],"picked":"Feel No Pain","floor":31}],"player_experience":203137,"relics_obtained":[{"floor":6.0,"key":"Strawberry"},{"floor":9.0,"key":"Pen Nib"},{"floor":26.0,"key":"PreservedInsect"},{"floor":31,"key":"Pear"}],"event_choices":[{"damage_healed":0.0,"max_hp_gain":0.0,"max_hp_loss":0.0,"gold_gain":0.0,"event_name":"Golden Idol","player_choice":"Take Damage","floor":12.0,"gold_loss":0.0,"damage_taken":22.0,"relics_obtained":["Golden Idol"]},{"damage_healed":0.0,"max_hp_gain":0.0,"max_hp_loss":0.0,"gold_gain":0.0,"event_name":"The Mausoleum","player_choice":"Opened","floor":19.0,"gold_loss":0.0,"damage_taken":0.0,"relics_obtained":["Thread and Needle"]},{"damage_healed":0.0,"max_hp_gain":0.0,"max_hp_loss":0.0,"gold_gain":270.0,"event_name":"Knowing Skull","player_choice":"GOLD GOLD GOLD CARD ","floor":20.0,"potions_obtained":[],"gold_loss":0.0,"damage_taken":33.0,"cards_obtained":["Dramatic Entrance"]}],"is_beta":false,"boss_relics":[{"not_picked":["Ectoplasm","Philosopher\u0027s Stone"],"picked":"Pandora\u0027s Box"}],"items_purged_floors":[23],"is_endless":false,"potions_floor_spawned":[3,4,8,10,11,14,18,21,31],"killed_by":"Automaton","ascension_level":0}}