{"host":"wha9hktbkslqvblg","time":1610542456,"event":{"mods":["BaseMod","Colored Map","Minty Spire (QoL Compilation)","Relic Stats","SuperFastMode","everything is the same but u backflip on backflip"],"gold_per_floor":[119,5,5,57,57,57,57,88,170,201,201,226,241,255,255,255,255],"floor_reached":16,"language":"KOR","playtime":185,"items_purged":["Strike_R"],"score":316,"play_id":"d9c32d69-0e3f-4be7-a8b0-7233667cec35","local_time":"20210113215416","is_ascension_mode":true,"campfire_choices":[{"data":"Pommel Strike","floor":6,"key":"SMITH"},{"data":"Perfected Strike","floor":11,"key":"SMITH"},{"data":"Evolve","floor":15,"key":"SMITH"}],"circlet_count":0,"master_deck":["AscendersBane","Strike_R","Strike_R","Strike_R","Strike_R","Defend_R","Defend_R","Defend_R","Bash","Pommel Strike+1","Shockwave","Evolve+1","Perfected Strike+1","Intimidate","Reckless Charge","Metallicize"],"relics":["Burning Blood","NeowsBlessing","Juzu Bracelet","Golden Idol","Lizard Tail","Tiny Chest"],"acts_visited":["Exordium"],"potions_floor_usage":[],"damage_taken":[{"damage":0,"enemies":"Small Slimes","floor":1,"turns":1},{"damage":0,"enemies":"Lagavulin","floor":8,"turns":1},{"damage":0,"enemies":"Gremlin Nob","floor":10,"turns":1},{"damage":7,"enemies":"Jaw Worm","floor":12,"turns":2},{"damage":0,"enemies":"Cultist","floor":13,"turns":2},{"damage":4,"enemies":"Large Slime","floor":14,"turns":4},{"damage":56,"enemies":"Hexaghost","floor":16,"turns":8}],"seed_played":"-8368895461696874038","potions_obtained":[{"floor":1,"key":"BlessingOfTheForge"},{"floor":13,"key":"Swift Potion"}],"is_trial":false,"path_per_floor":["M","$","?","T","?","R","?","E","T","E","R","M","M","M","R","B"],"character_chosen":"IRONCLAD","items_purchased":["Shockwave"],"campfire_rested":0,"item_purchase_floors":[2],"current_hp_per_floor":[74,74,79,79,72,72,44,50,50,56,56,55,61,63,63,7,7],"gold":255,"neow_bonus":"THREE_ENEMY_KILL","is_daily":false,"chose_seed":false,"campfire_upgraded":3,"win_rate":0.0,"timestamp":1610542456,"path_taken":["M","$","?","?","?","R","?","E","T","E","R","M","M","M","R","BOSS"],"items_purchased_type":["Card"],"build_version":"2020-12-22","purchased_purges":1,"victory":false,"max_hp_per_floor":[75,75,80,80,80,80,80,80,80,80,80,80,80,80,80,80,80],"relic_stats":{"Lizard Tail":0,"counters":[7,19],"Golden Idol":23,"Tiny Chest":0,"Juzu Bracelet":1,"obtain_stats":[{"Lizard Tail":8,"NeowsBlessing":0,"Golden Idol":7,"Tiny Chest":10,"Juzu Bracelet":4,"Burning Blood":0},{"Lizard Tail":2,"NeowsBlessing":0,"Golden Idol":1,"Tiny Chest":3,"Juzu Bracelet":1,"Burning Blood":0},{"Lizard Tail":2,"NeowsBlessing":0,"Golden Idol":1,"Tiny Chest":3,"Juzu Bracelet":1,"Burning Blood":0}],"Burning Blood":36},"card_choices":[{"not_picked":["Metallicize","Combust"],"picked":"Pommel Strike","floor":1},{"not_picked":["Flex","Spot Weakness"],"picked":"Evolve","floor":8},{"not_picked":["Clash","Exhume"],"picked":"Perfected Strike","floor":10},{"not_picked":["Headbutt","Havoc"],"picked":"Intimidate","floor":12},{"not_picked":["Blood for Blood","Sword Boomerang"],"picked":"Reckless Charge","floor":13},{"not_picked":["Rage","Havoc"],"picked":"Metallicize","floor":14}],"player_experience":970091,"relics_obtained":[{"floor":4,"key":"Juzu Bracelet"},{"floor":8,"key":"Lizard Tail"},{"floor":10,"key":"Tiny Chest"}],"event_choices":[{"damage_healed":0,"gold_gain":0,"player_choice":"Donut","damage_taken":0,"max_hp_gain":5,"max_hp_loss":0,"event_name":"Big Fish","floor":3,"gold_loss":0},{"cards_removed":["Defend_R"],"damage_healed":0,"gold_gain":0,"player_choice":"Card Removal","damage_taken":7,"max_hp_gain":0,"max_hp_loss":0,"event_name":"Golden Wing","floor":5,"gold_loss":0},{"damage_healed":0,"gold_gain":0,"player_choice":"Take Damage","damage_taken":28,"relics_obtained":["Golden Idol"],"max_hp_gain":0,"max_hp_loss":0,"event_name":"Golden Idol","floor":7,"gold_loss":0}],"is_beta":false,"boss_relics":[],"items_purged_floors":[2],"is_endless":false,"potions_floor_spawned":[1,13],"killed_by":"Hexaghost","ascension_level":20}}