{"host":"xkmvu47k9fdstweo","time":1610573996,"event":{"mods":["BaseMod","Colored Map","Conspire","Hubris","Minty Spire (QoL Compilation)","Quick Restart","Railgun Mod","Shop Mod","StSLib","The Alterego","The Servant 0.9.4","The Wild Card","TheBandit","WarShipGirlsR/??è≠èóR mod","vexMod"],"gold_per_floor":[111,186,7,7,7,35,35,65,65,65,92,92,116,148,148,251,917,928,705,723,734,559,559,585,585,609,619,646,646,746,777,777,876,876,896,906,906,906,923,923,933,960,1005,1015,407,439,67,84,84,84],"floor_reached":51,"language":"ENG","playtime":2417,"items_purged":["Pride","Pride","Pride","conspire:Blindness"],"score":1239,"play_id":"e4262e38-e14f-43bc-99bc-a91d147b932b","local_time":"20210113163956","is_ascension_mode":true,"campfire_choices":[{"data":"Zap","floor":7.0,"key":"SMITH"},{"data":"Beam Cell","floor":12.0,"key":"SMITH"},{"floor":15.0,"key":"REST"},{"data":"Buffer","floor":23.0,"key":"SMITH"},{"data":"Steam","floor":25.0,"key":"SMITH"},{"data":"Core Surge","floor":32.0,"key":"SMITH"},{"data":"Coolheaded","floor":40.0,"key":"SMITH"},{"data":"hubris:Ukulele","floor":49.0,"key":"SMITH"}],"circlet_count":0,"master_deck":["Strike_B","Strike_B","Strike_B","Strike_B","Defend_B+1","Defend_B+1","Defend_B","Defend_B","Zap+1","Dualcast","hubris:Ukulele+1","vexMod:StairwayStrike+1","Hologram","Core Surge+1","Beam Cell+1","Steam+1","Buffer+1","Ball Lightning","Cold Snap","Storm","Compile Driver+1","Barrage+1","Buffer+1","Coolheaded+1","Gash+1","Undo+1","Conserve Battery+1","Capacitor+1","Defragment+1"],"relics":["Cracked Core","hubris:FunFungus","Mercury Hourglass","Ornamental Fan","Matryoshka","War Paint","hubris:BottledRain","Anchor","Blue Candle","vexMod:MemoryStick","hubris:BallOfYels","vexMod:RockOfEvil","PreservedInsect","hubris:SphereOfDissonance","Regal Pillow","Smiling Mask","alterego_mod:SomeoneToFightFor","Turnip","Frozen Egg 2","Ancient Tea Set","Cursed Key","Eternal Feather","Strawberry","Pen Nib","Frozen Eye","hubris:DeckOfHolding","Art of War","HornCleat"],"acts_visited":["Exordium","TheCity","TheBeyond"],"potions_floor_usage":[50,50,50],"damage_taken":[{"damage":0.0,"enemies":"2 Louse","floor":1.0,"turns":7.0},{"damage":5.0,"enemies":"3 Sentries","floor":6.0,"turns":5.0},{"damage":22.0,"enemies":"Lagavulin","floor":8.0,"turns":6.0},{"damage":12.0,"enemies":"Gremlin Nob","floor":11.0,"turns":3.0},{"damage":16.0,"enemies":"Lagavulin","floor":14.0,"turns":4.0},{"damage":8.0,"enemies":"The Guardian","floor":16.0,"turns":7.0},{"damage":3.0,"enemies":"Shell Parasite","floor":18.0,"turns":3.0},{"damage":6.0,"enemies":"2 Thieves","floor":20.0,"turns":5.0},{"damage":11.0,"enemies":"Shelled Parasite and Fungi","floor":21.0,"turns":4.0},{"damage":1.0,"enemies":"conspire:Head Lice","floor":24.0,"turns":4.0},{"damage":1.0,"enemies":"Cultist and Chosen","floor":27.0,"turns":3.0},{"damage":1.0,"enemies":"conspire:SneckoGhost","floor":28.0,"turns":3.0},{"damage":1.0,"enemies":"Colosseum Slavers","floor":30.0,"turns":3.0},{"damage":1.0,"enemies":"Colosseum Nobs","floor":30.0,"turns":3.0},{"damage":1.0,"enemies":"Gremlin Leader","floor":31.0,"turns":4.0},{"damage":27.0,"enemies":"Collector","floor":33.0,"turns":9.0},{"damage":1.0,"enemies":"3 Shapes","floor":35.0,"turns":5.0},{"damage":1.0,"enemies":"3 Darklings","floor":36.0,"turns":4.0},{"damage":1.0,"enemies":"Writhing Mass","floor":39.0,"turns":6.0},{"damage":1.0,"enemies":"Maw","floor":41.0,"turns":6.0},{"damage":4.0,"enemies":"Giant Head","floor":42.0,"turns":7.0},{"damage":2.0,"enemies":"Sphere and 2 Shapes","floor":44.0,"turns":4.0},{"damage":0.0,"enemies":"conspire:MimicChest","floor":46.0,"turns":4.0},{"damage":0.0,"enemies":"Transient","floor":48.0,"turns":5.0},{"damage":0,"enemies":"hubris:GrandSnecko","floor":50,"turns":7}],"seed_played":"104455299230838434","potions_obtained":[{"floor":1.0,"key":"LiquidMemories"},{"floor":11.0,"key":"Fire Potion"},{"floor":14.0,"key":"AttackPotion"},{"floor":18.0,"key":"SkillPotion"},{"floor":27.0,"key":"SteroidPotion"},{"floor":30.0,"key":"Ancient Potion"},{"floor":33.0,"key":"Ancient Potion"},{"floor":35.0,"key":"DistilledChaos"},{"floor":37.0,"key":"Dexterity Potion"},{"floor":44.0,"key":"Fruit Juice"},{"floor":46.0,"key":"Ancient Potion"}],"is_trial":false,"path_per_floor":["M","?","$","?","T","E","R","E","T","?","E","R","T","E","R","B",null,"M","$","M","M","$","R","E","R","T","M","E","?","?","E","R","B",null,"M","M","?","?","M","R","M","E","T","M","$","?","$","M","R","B",null],"character_chosen":"DEFECT","items_purchased":["vexMod:StairwayStrike","PreservedInsect","Storm","Pen Nib","Frozen Eye","hubris:DeckOfHolding","Defragment+1","HornCleat"],"campfire_rested":1,"item_purchase_floors":[3,19,22,45,45,45,47,47],"current_hp_per_floor":[58,47,47,47,47,42,42,26,26,51,41,41,41,28,50,57,71,68,68,67,57,57,57,57,57,57,56,55,55,53,54,54,34,65,75,74,74,74,75,75,75,75,82,86,86,87,87,87,87,87],"gold":84,"neow_bonus":"ONE_RARE_RELIC","is_daily":false,"chose_seed":false,"campfire_upgraded":7,"win_rate":0.0,"timestamp":1610573996,"path_taken":["M","?","$","?","?","E","R","E","T","?","E","R","?","E","R","BOSS","M","$","M","M","$","R","E","R","T","M","E","?","?","E","R","BOSS","M","M","?","?","?","R","M","E","T","M","$","?","$","M","R","BOSS"],"items_purchased_type":["Card","Relic","Card","Relic","Relic","Relic","Card","Relic"],"build_version":"2020-12-22","purchased_purges":4,"victory":true,"max_hp_per_floor":[75,75,75,75,75,75,75,75,75,75,75,75,75,75,75,75,75,75,75,75,75,75,75,75,75,75,75,75,75,75,75,75,75,75,75,75,75,75,75,75,75,75,82,87,87,87,87,87,87,87],"card_choices":[{"not_picked":["Rebound","Streamline"],"picked":"hubris:Ukulele","floor":1.0},{"not_picked":["Storm","conspire:SharedLibrary"],"picked":"Hologram","floor":6.0},{"not_picked":["Leap","Steam"],"picked":"Core Surge","floor":8.0},{"not_picked":["Recycle","Multi-Cast"],"picked":"Beam Cell","floor":11.0},{"not_picked":["Hologram","Aggregate"],"picked":"Steam","floor":14.0},{"not_picked":["Multi-Cast","Hyperbeam"],"picked":"Buffer","floor":16.0},{"not_picked":["Redo+1","Stack+1","FTL"],"picked":"SKIP","floor":18.0},{"not_picked":["Redo+1","Compile Driver"],"picked":"Ball Lightning","floor":20.0},{"not_picked":["conspire:Rain+1","Sweeping Beam"],"picked":"Cold Snap","floor":21.0},{"not_picked":["Sunder","Steam+1","Redo"],"picked":"SKIP","floor":24.0},{"not_picked":["Auto Shields","Steam Power"],"picked":"Compile Driver+1","floor":27.0},{"not_picked":["Gash","FTL","Lockon"],"picked":"SKIP","floor":28.0},{"not_picked":["Aggregate","Consume"],"picked":"Barrage+1","floor":31.0},{"not_picked":["Multi-Cast","Amplify"],"picked":"Buffer+1","floor":33.0},{"not_picked":["Reinforced Body+1","Glacier+1"],"picked":"Coolheaded","floor":35.0},{"not_picked":["Stack","Compile Driver"],"picked":"Gash+1","floor":36.0},{"not_picked":["Compile Driver+1","Blizzard"],"picked":"Undo+1","floor":39.0},{"not_picked":["Rip and Tear","Darkness"],"picked":"Conserve Battery+1","floor":41.0},{"not_picked":["Lockon","Sunder+1","Barrage"],"picked":"SKIP","floor":42.0},{"not_picked":["Double Energy+1","Steam+1"],"picked":"Capacitor+1","floor":44.0},{"not_picked":["Steam Power","White Noise","Stack+1"],"picked":"SKIP","floor":48.0}],"player_experience":306806,"relics_obtained":[{"floor":5.0,"key":"Mercury Hourglass"},{"floor":6.0,"key":"Ornamental Fan"},{"floor":8.0,"key":"Matryoshka"},{"floor":9.0,"key":"War Paint"},{"floor":9.0,"key":"hubris:BottledRain"},{"floor":11.0,"key":"Anchor"},{"floor":13.0,"key":"Blue Candle"},{"floor":13.0,"key":"vexMod:MemoryStick"},{"floor":14.0,"key":"hubris:BallOfYels"},{"floor":24.0,"key":"hubris:SphereOfDissonance"},{"floor":26.0,"key":"Regal Pillow"},{"floor":28.0,"key":"Smiling Mask"},{"floor":30.0,"key":"Turnip"},{"floor":30.0,"key":"Frozen Egg 2"},{"floor":31.0,"key":"Ancient Tea Set"},{"floor":42.0,"key":"Eternal Feather"},{"floor":43.0,"key":"Strawberry"},{"floor":46.0,"key":"Art of War"}],"event_choices":[{"damage_healed":0.0,"max_hp_gain":0.0,"max_hp_loss":0.0,"gold_gain":75.0,"event_name":"World of Goop","player_choice":"Gather Gold","floor":2.0,"gold_loss":0.0,"damage_taken":11.0},{"damage_healed":25.0,"max_hp_gain":0.0,"max_hp_loss":0.0,"gold_gain":0.0,"event_name":"Big Fish","player_choice":"Banana","floor":10.0,"gold_loss":0.0,"damage_taken":0.0},{"damage_healed":0.0,"max_hp_gain":0.0,"max_hp_loss":0.0,"gold_gain":0.0,"event_name":"Secret Garden","player_choice":"Choice 2","floor":29.0,"gold_loss":0.0,"damage_taken":0.0,"relics_obtained":["alterego_mod:SomeoneToFightFor"]},{"damage_healed":0.0,"max_hp_gain":0.0,"max_hp_loss":0.0,"gold_gain":0.0,"event_name":"Colosseum","player_choice":"Fight","floor":30.0,"gold_loss":0.0,"damage_taken":0.0},{"damage_healed":0.0,"max_hp_gain":0.0,"max_hp_loss":0.0,"gold_gain":0.0,"event_name":"Colosseum","player_choice":"Fought Nobs","floor":30.0,"gold_loss":0.0,"damage_taken":0.0},{"damage_healed":0.0,"max_hp_gain":0.0,"max_hp_loss":0.0,"gold_gain":0.0,"event_name":"The Woman in Blue","player_choice":"Bought 0 Potions","floor":38.0,"gold_loss":0.0,"damage_taken":0.0}],"is_beta":false,"boss_relics":[{"not_picked":["SacredBark","vexMod:CursedCompass"],"picked":"vexMod:RockOfEvil"},{"not_picked":["conspire:RoyalGoblet","conspire:RunicOctahedron"],"picked":"Cursed Key"}],"items_purged_floors":[19,22,45,47],"is_endless":false,"potions_floor_spawned":[1,11,14,18,27,30,33,35,39,44,46,48],"ascension_level":6}}