{"host":"fa35vd3kig5td25x","time":1610561496,"event":{"mods":["BaseMod","Colored Powertips","Minty Spire (QoL Compilation)","Relic Stats","Slay the Relics Exporter"],"gold_per_floor":[117,128,148,148,164,191,191,217,242,242,299,334,20,32,32,105,105,118,118,131,131,142,174,174,201,224,224,258,270,270,287,287,360,360,374,374,391,407,13,13,25,57,138,169,194,223,223,237,237,237,237,237,237,50,75,75],"floor_reached":57,"language":"ENG","playtime":5205,"items_purged":["Strike_P","Strike_P+1"],"score":3265,"play_id":"73fd500e-e6e0-446c-ba1f-8aeee64941cb","local_time":"20210113191136","is_ascension_mode":true,"campfire_choices":[{"floor":7,"key":"REST"},{"data":"FollowUp","floor":10,"key":"SMITH"},{"data":"Adaptation","floor":15,"key":"SMITH"},{"data":"Conclude","floor":24,"key":"SMITH"},{"floor":27,"key":"REST"},{"data":"TalkToTheHand","floor":32,"key":"SMITH"},{"data":"Master of Strategy","floor":40,"key":"SMITH"},{"data":"Ghostly","floor":47,"key":"SMITH"},{"floor":49,"key":"RECALL"},{"data":"MentalFortress","floor":53,"key":"SMITH"}],"circlet_count":0,"master_deck":["AscendersBane","Strike_P+1","Defend_P+1","Defend_P","Defend_P+1","Defend_P","Eruption+1","Vigilance","InnerPeace","FollowUp+1","WheelKick+1","CutThroughFate+1","LessonLearned+1","Consecrate+1","Protect+1","Tantrum","Adaptation+1","DevaForm+1","Conclude+1","Protect+1","SashWhip+1","CutThroughFate","MentalFortress+1","SpiritShield","Ghostly+1","Ghostly+1","Ghostly+1","TalkToTheHand+1","Vault+1","CrushJoints+1","Meditate+1","Master of Strategy+1","Wireheading","Doubt","Meditate+1","MentalFortress+1","ClearTheMind+1","Halt","MentalFortress"],"relics":["PureWater","NeowsBlessing","Akabeko","Whetstone","Nunchaku","Art of War","Orichalcum","Omamori","Cursed Key","Blue Candle","Ancient Tea Set","Strawberry","Juzu Bracelet","Calling Bell","Blood Vial","Shuriken","StoneCalendar","Centennial Puzzle","Boot","Pear","Pocketwatch","Meat on the Bone","Bag of Marbles"],"acts_visited":["Exordium","TheCity","TheBeyond","TheEnding"],"potions_floor_usage":[8,18,25,36,46,56],"damage_taken":[{"damage":0,"enemies":"Small Slimes","floor":1,"turns":1},{"damage":0,"enemies":"Jaw Worm","floor":2,"turns":1},{"damage":0,"enemies":"Cultist","floor":3,"turns":1},{"damage":0,"enemies":"Exordium Thugs","floor":5,"turns":4},{"damage":35,"enemies":"3 Sentries","floor":6,"turns":4},{"damage":0,"enemies":"Gremlin Nob","floor":8,"turns":2},{"damage":11,"enemies":"Gremlin Nob","floor":11,"turns":3},{"damage":2,"enemies":"3 Sentries","floor":12,"turns":5},{"damage":1,"enemies":"Large Slime","floor":14,"turns":3},{"damage":0,"enemies":"Slime Boss","floor":16,"turns":5},{"damage":0,"enemies":"2 Thieves","floor":18,"turns":1},{"damage":0,"enemies":"Spheric Guardian","floor":20,"turns":3},{"damage":8,"enemies":"Centurion and Healer","floor":22,"turns":5},{"damage":0,"enemies":"Gremlin Leader","floor":23,"turns":4},{"damage":21,"enemies":"Book of Stabbing","floor":25,"turns":4},{"damage":0,"enemies":"Gremlin Leader","floor":28,"turns":3},{"damage":5,"enemies":"Snake Plant","floor":29,"turns":3},{"damage":0,"enemies":"Cultist and Chosen","floor":31,"turns":7},{"damage":32,"enemies":"Champ","floor":33,"turns":13},{"damage":3,"enemies":"3 Shapes","floor":35,"turns":4},{"damage":0,"enemies":"2 Orb Walkers","floor":36,"turns":1},{"damage":0,"enemies":"3 Darklings","floor":37,"turns":7},{"damage":1,"enemies":"Sphere and 2 Shapes","floor":38,"turns":5},{"damage":0,"enemies":"Jaw Worm Horde","floor":41,"turns":5},{"damage":7,"enemies":"Giant Head","floor":42,"turns":5},{"damage":1,"enemies":"Reptomancer","floor":44,"turns":4},{"damage":1,"enemies":"Mind Bloom Boss Battle","floor":45,"turns":5},{"damage":1,"enemies":"Giant Head","floor":46,"turns":7},{"damage":1,"enemies":"Writhing Mass","floor":48,"turns":7},{"damage":1,"enemies":"Donu and Deca","floor":50,"turns":8},{"damage":13,"enemies":"Awakened One","floor":51,"turns":9},{"damage":1,"enemies":"Shield and Spear","floor":55,"turns":7},{"damage":20,"enemies":"The Heart","floor":56,"turns":8}],"seed_played":"3518861951992089461","potions_obtained":[{"floor":6,"key":"BlessingOfTheForge"},{"floor":8,"key":"DuplicationPotion"},{"floor":11,"key":"BlessingOfTheForge"},{"floor":14,"key":"LiquidMemories"},{"floor":20,"key":"Explosive Potion"},{"floor":25,"key":"SmokeBomb"},{"floor":44,"key":"ColorlessPotion"},{"floor":48,"key":"SpeedPotion"}],"is_trial":false,"path_per_floor":["M","M","M","?","M","E","R","E","T","R","?","E","$","M","R","B",null,"M","T","M","$","M","E","R","E","T","R","E","M","?","M","R","B",null,"M","?","M","M","$","R","M","E","T","E","?","E","R","M","R","B","B",null,"R","$","E","B",null],"character_chosen":"WATCHER","items_purchased":["Omamori","Adaptation","Master of Strategy","Centennial Puzzle","AttackPotion","MentalFortress"],"campfire_rested":2,"item_purchase_floors":[13,13,39,39,39,54],"current_hp_per_floor":[61,61,61,54,54,19,39,39,39,39,28,26,26,25,25,25,57,57,57,57,57,49,49,49,28,35,57,57,52,37,37,37,5,29,28,30,32,33,33,33,35,30,30,41,42,43,43,44,44,45,34,44,44,44,45,27],"gold":75,"neow_bonus":"THREE_ENEMY_KILL","is_daily":false,"chose_seed":false,"campfire_upgraded":7,"win_rate":0.0,"timestamp":1610561496,"path_taken":["M","M","M","?","M","E","R","E","T","R","?","E","?","M","R","BOSS","M","?","M","?","M","E","R","E","T","R","E","M","?","M","R","BOSS","M","?","M","M","$","R","M","E","T","E","?","E","R","M","R","BOSS","BOSS","R","$","E","BOSS"],"items_purchased_type":["Relic","Card","Card","Relic","Potion","Card"],"build_version":"2020-12-22","purchased_purges":2,"victory":true,"max_hp_per_floor":[68,68,68,68,68,68,68,68,68,68,68,68,68,68,68,68,68,68,68,68,68,68,68,68,68,75,75,75,75,37,37,37,37,37,37,37,37,37,37,37,37,37,37,47,47,47,47,47,47,47,47,47,47,47,47,47],"relic_stats":{"counters":[33,154],"Blue Candle":[8],"StoneCalendar":[103],"Juzu Bracelet":0,"Whetstone":["WheelKick","Strike_P"],"Orichalcum":[210],"Cursed Key":2,"Boot":[41],"Blood Vial":28,"Nunchaku":[37],"Centennial Puzzle":[27],"Shuriken":[50],"Art of War":[18],"obtain_stats":[{"Pear":44,"NeowsBlessing":0,"Blue Candle":23,"StoneCalendar":34,"Omamori":13,"Juzu Bracelet":28,"Whetstone":8,"Orichalcum":12,"Cursed Key":17,"Ancient Tea Set":25,"Boot":42,"Akabeko":6,"Calling Bell":34,"Blood Vial":34,"Nunchaku":9,"Centennial Puzzle":39,"Shuriken":34,"Strawberry":26,"Art of War":11,"Bag of Marbles":55,"PureWater":0,"Pocketwatch":45,"Meat on the Bone":46},{"Pear":26,"NeowsBlessing":0,"Blue Candle":14,"StoneCalendar":19,"Omamori":8,"Juzu Bracelet":16,"Whetstone":6,"Orichalcum":8,"Cursed Key":10,"Ancient Tea Set":15,"Boot":25,"Akabeko":5,"Calling Bell":19,"Blood Vial":19,"Nunchaku":6,"Centennial Puzzle":23,"Shuriken":19,"Strawberry":15,"Art of War":7,"Bag of Marbles":32,"PureWater":0,"Pocketwatch":27,"Meat on the Bone":28},{"Pear":103,"NeowsBlessing":0,"Blue Candle":42,"StoneCalendar":72,"Omamori":21,"Juzu Bracelet":49,"Whetstone":13,"Orichalcum":21,"Cursed Key":29,"Ancient Tea Set":46,"Boot":99,"Akabeko":11,"Calling Bell":72,"Blood Vial":72,"Nunchaku":13,"Centennial Puzzle":89,"Shuriken":72,"Strawberry":46,"Art of War":16,"Bag of Marbles":146,"PureWater":0,"Pocketwatch":108,"Meat on the Bone":115}],"Pocketwatch":[25],"Meat on the Bone":0},"card_choices":[{"not_picked":["PathToVictory","Halt"],"picked":"InnerPeace","floor":1},{"not_picked":["BowlingBash","SignatureMove"],"picked":"FollowUp","floor":2},{"not_picked":["PathToVictory","ThirdEye"],"picked":"WheelKick","floor":3},{"not_picked":["EmptyBody","SignatureMove"],"picked":"CutThroughFate","floor":5},{"not_picked":["PathToVictory","Indignation"],"picked":"LessonLearned","floor":6},{"not_picked":["Swivel","BowlingBash"],"picked":"Consecrate","floor":8},{"not_picked":["CutThroughFate","Consecrate"],"picked":"Protect","floor":11},{"not_picked":["ClearTheMind","FearNoEvil"],"picked":"Tantrum","floor":12},{"not_picked":["Evaluate","BowlingBash","ThirdEye"],"picked":"SKIP","floor":14},{"not_picked":["LessonLearned","Establishment"],"picked":"DevaForm","floor":16},{"not_picked":["Evaluate","ClearTheMind"],"picked":"Conclude","floor":18},{"not_picked":["InnerPeace","Protect","SashWhip"],"picked":"SKIP","floor":20},{"not_picked":["InnerPeace","SashWhip"],"picked":"Protect","floor":20},{"not_picked":["BowlingBash","Weave"],"picked":"SashWhip","floor":22},{"not_picked":["CrushJoints","Weave"],"picked":"CutThroughFate","floor":23},{"not_picked":["FlyingSleeves","Crescendo"],"picked":"MentalFortress","floor":25},{"not_picked":["Pray","Protect"],"picked":"SpiritShield","floor":28},{"not_picked":["JustLucky","Evaluate","FlurryOfBlows"],"picked":"SKIP","floor":29},{"not_picked":["EmptyBody","EmptyFist"],"picked":"TalkToTheHand","floor":31},{"not_picked":["LessonLearned","DeusExMachina"],"picked":"Vault","floor":33},{"not_picked":["SashWhip+1","ForeignInfluence+1"],"picked":"CrushJoints+1","floor":35},{"not_picked":["Collect","Pray"],"picked":"Meditate","floor":37},{"not_picked":["LikeWater+1","Evaluate+1","Indignation+1"],"picked":"SKIP","floor":38},{"not_picked":["LikeWater+1","Evaluate+1","Indignation+1"],"picked":"SKIP","floor":38},{"not_picked":["Indignation","Meditate+1"],"picked":"Wireheading","floor":41},{"not_picked":["PathToVictory+1","FlyingSleeves","DeceiveReality"],"picked":"SKIP","floor":42},{"not_picked":["Evaluate+1","Protect"],"picked":"Meditate","floor":44},{"not_picked":["CutThroughFate+1","CarveReality"],"picked":"MentalFortress","floor":45},{"not_picked":["CrushJoints","SpiritShield"],"picked":"ClearTheMind","floor":46},{"not_picked":["Evaluate","WreathOfFlame"],"picked":"Halt","floor":48},{"not_picked":["CrushJoints","ClearTheMind","BowlingBash"],"picked":"SKIP","floor":55}],"player_experience":2915621,"relics_obtained":[{"floor":6,"key":"Akabeko"},{"floor":8,"key":"Whetstone"},{"floor":9,"key":"Nunchaku"},{"floor":11,"key":"Art of War"},{"floor":12,"key":"Orichalcum"},{"floor":23,"key":"Blue Candle"},{"floor":25,"key":"Ancient Tea Set"},{"floor":26,"key":"Strawberry"},{"floor":28,"key":"Juzu Bracelet"},{"floor":34,"key":"Blood Vial"},{"floor":34,"key":"Shuriken"},{"floor":34,"key":"StoneCalendar"},{"floor":42,"key":"Boot"},{"floor":44,"key":"Pear"},{"floor":45,"key":"Pocketwatch"},{"floor":46,"key":"Meat on the Bone"},{"floor":55,"key":"Bag of Marbles"}],"event_choices":[{"cards_removed":["Strike_P"],"damage_healed":0,"gold_gain":0,"player_choice":"Card Removal","damage_taken":7,"max_hp_gain":0,"max_hp_loss":0,"event_name":"Golden Wing","floor":4,"gold_loss":0},{"damage_healed":0,"gold_gain":0,"player_choice":"Searched \u00271\u0027 times","damage_taken":0,"max_hp_gain":0,"max_hp_loss":0,"event_name":"Dead Adventurer","floor":11,"gold_loss":0},{"damage_healed":0,"gold_gain":0,"player_choice":"Became a Ghost","damage_taken":0,"max_hp_gain":0,"max_hp_loss":38,"event_name":"Ghosts","floor":30,"gold_loss":0,"cards_obtained":["Ghostly","Ghostly","Ghostly"]},{"damage_healed":0,"gold_gain":0,"player_choice":"Fight","damage_taken":0,"max_hp_gain":0,"max_hp_loss":0,"event_name":"Mysterious Sphere","floor":36,"gold_loss":0},{"damage_healed":0,"gold_gain":0,"player_choice":"Fight","damage_taken":0,"max_hp_gain":0,"max_hp_loss":0,"event_name":"MindBloom","floor":45,"gold_loss":0}],"is_beta":false,"boss_relics":[{"not_picked":["HolyWater","Coffee Dripper"],"picked":"Cursed Key"},{"not_picked":["Astrolabe","Busted Crown"],"picked":"Calling Bell"}],"items_purged_floors":[13,54],"is_endless":false,"potions_floor_spawned":[6,8,11,14,16,20,23,25,35,36,41,42,44,48,55],"ascension_level":20}}