{"host":"6swbl1yqdi8v28pk","time":1610497011,"event":{"mods":["AchievementEnabler","BaseMod","Colored Map","Minty Spire (QoL Compilation)","Quick Restart"],"gold_per_floor":[112,112,132,146,161,161,161,86,386,400,400,436,461,485,485,613,613,631,652,577,676,279,317,367,391,459,459,459,479,479,499,499,622,622,638,656,656,656,725,756,427,427,427,207,207,230,253,32,32,32],"floor_reached":51,"language":"SPA","playtime":2072,"items_purged":["Injury","Strike_B","Strike_B+1","Clumsy"],"score":772,"play_id":"11995c36-4837-46e5-9e57-48bbd3c73adb","local_time":"20210112181651","is_ascension_mode":false,"campfire_choices":[{"data":"Dualcast","floor":6,"key":"SMITH"},{"data":"Leap","floor":11,"key":"SMITH"},{"floor":15,"key":"REST"},{"floor":27,"key":"REST"},{"floor":32,"key":"REST"},{"data":"Defragment","floor":42,"key":"SMITH"},{"floor":45,"key":"RECALL"},{"data":"Echo Form","floor":49,"key":"SMITH"}],"circlet_count":0,"master_deck":["Defend_B+1","Defend_B+1","Zap+1","Dualcast+1","Ball Lightning+1","Leap+1","Genetic Algorithm+1","Beam Cell+1","FTL+1","Streamline+1","Electrodynamics+1","Steam+1","Seek+1","Undo+1","Ball Lightning+1","Hologram+1","Defragment+1","White Noise+1","Reinforced Body+1","Leap+1","Multi-Cast+1","Melter+1","Defragment+1","Echo Form+1","Capacitor","Loop+1","Tempest"],"relics":["Cracked Core","Golden Idol","Old Coin","TungstenRod","Inserter","Letter Opener","FossilizedHelix","Mercury Hourglass","Cursed Key","Mark of the Bloom","Peace Pipe","Meat on the Bone","Juzu Bracelet","Eternal Feather","Chemical X"],"acts_visited":["Exordium","TheCity","TheBeyond"],"potions_floor_usage":[25,31,33,39,50,50,50],"damage_taken":[{"damage":0,"enemies":"Small Slimes","floor":1,"turns":2},{"damage":2,"enemies":"2 Louse","floor":3,"turns":2},{"damage":1,"enemies":"Jaw Worm","floor":4,"turns":3},{"damage":5,"enemies":"3 Louse","floor":5,"turns":4},{"damage":3,"enemies":"2 Fungi Beasts","floor":10,"turns":3},{"damage":9,"enemies":"Lagavulin","floor":12,"turns":6},{"damage":8,"enemies":"Lots of Slimes","floor":13,"turns":3},{"damage":0,"enemies":"Looter","floor":14,"turns":3},{"damage":0,"enemies":"Slime Boss","floor":16,"turns":7},{"damage":12,"enemies":"Shell Parasite","floor":18,"turns":7},{"damage":1,"enemies":"Spheric Guardian","floor":19,"turns":4},{"damage":31,"enemies":"Gremlin Leader","floor":23,"turns":6},{"damage":12,"enemies":"Cultist and Chosen","floor":25,"turns":5},{"damage":1,"enemies":"Sentry and Sphere","floor":29,"turns":4},{"damage":0,"enemies":"Centurion and Healer","floor":31,"turns":5},{"damage":16,"enemies":"Collector","floor":33,"turns":10},{"damage":0,"enemies":"3 Shapes","floor":35,"turns":4},{"damage":0,"enemies":"Orb Walker","floor":36,"turns":4},{"damage":14,"enemies":"2 Orb Walkers","floor":39,"turns":4},{"damage":13,"enemies":"Giant Head","floor":40,"turns":8},{"damage":0,"enemies":"Sphere and 2 Shapes","floor":46,"turns":4},{"damage":9,"enemies":"Spire Growth","floor":47,"turns":5},{"damage":13,"enemies":"Time Eater","floor":50,"turns":8}],"seed_played":"-2198833253230029975","potions_obtained":[{"floor":1,"key":"ColorlessPotion"},{"floor":10,"key":"DistilledChaos"},{"floor":12,"key":"ColorlessPotion"},{"floor":29,"key":"Block Potion"},{"floor":31,"key":"GamblersBrew"},{"floor":35,"key":"BlessingOfTheForge"},{"floor":40,"key":"Fire Potion"},{"floor":46,"key":"AttackPotion"}],"is_trial":false,"path_per_floor":["M","?","M","M","M","R","?","$","T","M","R","E","M","M","R","B",null,"M","M","?","?","$","E","?","M","T","R","?","M","?","M","R","B",null,"M","M","?","?","?","E","$","R","T","$","R","M","M","$","R","B",null],"character_chosen":"DEFECT","items_purchased":["Letter Opener","Hologram","Juzu Bracelet","FocusPotion","Capacitor","Tempest","Chemical X"],"campfire_rested":3,"item_purchase_floors":[22,22,41,41,44,48,48],"current_hp_per_floor":[68,68,66,65,60,60,60,60,60,57,57,48,40,40,60,60,68,56,55,55,55,55,24,24,12,12,32,32,31,31,31,51,35,68,68,68,68,68,54,41,41,41,41,41,41,41,32,32,32,19],"gold":32,"neow_bonus":"REMOVE_TWO","is_daily":false,"chose_seed":false,"campfire_upgraded":4,"win_rate":0.0,"timestamp":1610497011,"path_taken":["M","?","M","M","M","R","?","$","T","M","R","E","M","M","R","BOSS","M","M","?","?","$","E","?","?","T","R","?","M","?","M","R","BOSS","M","M","?","?","?","E","$","R","T","$","R","M","M","$","R","BOSS"],"items_purchased_type":["Relic","Card","Relic","Potion","Card","Card","Relic"],"build_version":"2020-12-22","purchased_purges":4,"victory":true,"max_hp_per_floor":[68,68,68,68,68,68,68,68,68,68,68,68,68,68,68,68,68,68,68,68,68,68,68,68,68,68,68,68,68,68,68,68,68,68,68,68,68,68,68,68,68,68,68,68,68,68,68,68,68,68],"card_choices":[{"not_picked":["Darkness","Go for the Eyes"],"picked":"Ball Lightning","floor":1},{"not_picked":["Double Energy","Cold Snap"],"picked":"Leap","floor":3},{"not_picked":["Static Discharge","Sweeping Beam"],"picked":"Genetic Algorithm","floor":4},{"not_picked":["Gash","Stack"],"picked":"Beam Cell","floor":5},{"not_picked":["Steam","Beam Cell"],"picked":"FTL","floor":10},{"not_picked":["Double Energy","Conserve Battery"],"picked":"Streamline","floor":12},{"not_picked":["Rip and Tear","Hologram"],"picked":"Electrodynamics","floor":13},{"not_picked":["Stack","Cold Snap"],"picked":"Steam","floor":14},{"not_picked":["Thunder Strike","Rainbow"],"picked":"Seek","floor":16},{"not_picked":["Hologram","Glacier"],"picked":"Undo","floor":18},{"not_picked":["Sweeping Beam+1","Consume"],"picked":"Ball Lightning","floor":19},{"not_picked":["Darkness+1","Tempest+1"],"picked":"Defragment","floor":23},{"not_picked":["Streamline","Beam Cell"],"picked":"White Noise+1","floor":25},{"not_picked":["Scrape","Stack"],"picked":"Reinforced Body","floor":29},{"not_picked":["Turbo","Sweeping Beam"],"picked":"Leap+1","floor":31},{"not_picked":["Seek","Electrodynamics"],"picked":"Multi-Cast","floor":33},{"not_picked":["Redo","Streamline+1","Beam Cell+1"],"picked":"SKIP","floor":35},{"not_picked":["Cold Snap","Darkness+1"],"picked":"Melter+1","floor":36},{"not_picked":["Blizzard+1","Sweeping Beam+1"],"picked":"Defragment","floor":39},{"not_picked":["Turbo+1","Beam Cell"],"picked":"Echo Form","floor":40},{"not_picked":["Coolheaded+1","Conserve Battery","Rebound+1"],"picked":"SKIP","floor":46},{"not_picked":["Redo+1","Beam Cell"],"picked":"Loop+1","floor":47}],"player_experience":136038,"relics_obtained":[{"floor":9,"key":"Old Coin"},{"floor":12,"key":"TungstenRod"},{"floor":23,"key":"FossilizedHelix"},{"floor":26,"key":"Mercury Hourglass"},{"floor":39,"key":"Peace Pipe"},{"floor":40,"key":"Meat on the Bone"},{"floor":43,"key":"Eternal Feather"}],"event_choices":[{"cards_removed":["Strike_B"],"damage_healed":0,"gold_gain":0,"player_choice":"Forget","damage_taken":0,"max_hp_gain":0,"max_hp_loss":0,"event_name":"Living Wall","floor":2,"gold_loss":0},{"damage_healed":0,"gold_gain":0,"player_choice":"Take Wound","damage_taken":0,"relics_obtained":["Golden Idol"],"max_hp_gain":0,"max_hp_loss":0,"event_name":"Golden Idol","floor":7,"gold_loss":0,"cards_obtained":["Injury"]},{"cards_removed":["Defend_B"],"damage_healed":0,"gold_gain":0,"player_choice":"Gave Gold","damage_taken":0,"max_hp_gain":0,"max_hp_loss":0,"event_name":"Beggar","floor":20,"gold_loss":75},{"damage_healed":0,"gold_gain":99,"player_choice":"Stole From Cult","damage_taken":0,"max_hp_gain":0,"max_hp_loss":0,"event_name":"Nest","floor":21,"gold_loss":0},{"damage_healed":0,"gold_gain":100,"player_choice":"Bet on Murderer","damage_taken":0,"max_hp_gain":0,"max_hp_loss":0,"event_name":"The Joust","floor":24,"gold_loss":50},{"damage_healed":0,"gold_gain":0,"player_choice":"Ignored","damage_taken":0,"max_hp_gain":0,"max_hp_loss":0,"event_name":"Vampires","floor":28,"gold_loss":0},{"damage_healed":0,"gold_gain":0,"player_choice":"Ignored","damage_taken":0,"max_hp_gain":0,"max_hp_loss":0,"event_name":"Cursed Tome","floor":30,"gold_loss":0},{"damage_healed":0,"gold_gain":0,"player_choice":"Ignored","damage_taken":0,"max_hp_gain":0,"max_hp_loss":0,"event_name":"Tomb of Lord Red Mask","floor":37,"gold_loss":0},{"damage_healed":0,"gold_gain":0,"player_choice":"Upgrade","damage_taken":0,"relics_obtained":["Mark of the Bloom"],"max_hp_gain":0,"max_hp_loss":0,"event_name":"MindBloom","floor":38,"gold_loss":0,"cards_upgraded":["Strike_B","Defend_B","Defend_B","Zap","Ball Lightning","Genetic Algorithm","Beam Cell","FTL","Streamline","Electrodynamics","Steam","Seek","Undo","Ball Lightning","Hologram","Defragment","Reinforced Body","Multi-Cast"]},{"damage_healed":0,"gold_gain":0,"player_choice":"Fight","damage_taken":0,"max_hp_gain":0,"max_hp_loss":0,"event_name":"Mysterious Sphere","floor":39,"gold_loss":0}],"is_beta":false,"boss_relics":[{"not_picked":["Fusion Hammer","Runic Pyramid"],"picked":"Inserter"},{"not_picked":["Tiny House","SacredBark"],"picked":"Cursed Key"}],"items_purged_floors":[8,22,41,44],"is_endless":false,"potions_floor_spawned":[1,10,12,18,29,31,35,40,46],"ascension_level":0}}