{"host":"y3iy5gb13b300rns","time":1610504113,"event":{"mods":["BaseMod","Bestiary","Curses Come First","Minty Spire (QoL Compilation)","Replay The Spire","StSLib","The Runesmith"],"gold_per_floor":[110,110,110,126,137,137,168,20,43,61,15,29,59,59,59,160,160,175,100,100,100,100],"floor_reached":21,"language":"ENG","playtime":1286,"items_purged":[],"score":187,"play_id":"f725dc96-925a-430e-8efc-976edb798a91","local_time":"20210112201513","is_ascension_mode":false,"campfire_choices":[{"floor":6,"key":"REST"},{"floor":15,"key":"REST"}],"circlet_count":0,"master_deck":["Strike_P","Strike_P","Strike_P","Defend_P","Defend_P","Defend_P","Defend_P","Eruption","Vigilance","DevaForm+1","CarveReality","CutThroughFate","Replay:Hum","SandsOfTime","ConjureBlade","CutThroughFate","Wallop","Crescendo","Eruption"],"relics":["PureWater","Akabeko","Yang","Damaru","Runesmith:AutoHammer","ReplayTheSpireMod:CursedCoin","Potion Belt","Blood Vial","Philosopher\u0027s Stone"],"acts_visited":["Exordium","TheCity"],"potions_floor_usage":[7,10,12,13,16,21],"damage_taken":[{"damage":3,"enemies":"Jaw Worm","floor":1,"turns":4},{"damage":2,"enemies":"Small Slimes","floor":4,"turns":4},{"damage":2,"enemies":"Cultist","floor":5,"turns":3},{"damage":20,"enemies":"Gremlin Nob","floor":7,"turns":4},{"damage":0,"enemies":"2 Fungi Beasts","floor":10,"turns":2},{"damage":0,"enemies":"Looter","floor":12,"turns":1},{"damage":9,"enemies":"Replay:BlueRogue","floor":13,"turns":5},{"damage":32,"enemies":"Fading Forest","floor":16,"turns":11},{"damage":12,"enemies":"Chosen","floor":18,"turns":3},{"damage":68,"enemies":"3 Byrds","floor":21,"turns":2}],"seed_played":"-2936821151583565210","potions_obtained":[{"floor":1,"key":"Ambrosia"},{"floor":4,"key":"Explosive Potion"},{"floor":10,"key":"Fire Potion"},{"floor":13,"key":"SpeedPotion"},{"floor":18,"key":"PowerPotion"}],"is_trial":false,"path_per_floor":["M","?","?","M","M","R","E","$","T","M","$","M","E","?","R","B",null,"M","?","?","M"],"character_chosen":"WATCHER","items_purchased":["Damaru","Energy Potion","ReplayTheSpireMod:CursedCoin","Potion Belt"],"campfire_rested":2,"item_purchase_floors":[8,11,11,11],"current_hp_per_floor":[48,15,15,13,11,32,12,12,12,12,12,12,3,3,24,14,72,60,60,60,0,0],"gold":100,"neow_bonus":"THREE_RARE_CARDS","is_daily":false,"chose_seed":false,"campfire_upgraded":0,"win_rate":0.0,"timestamp":1610504113,"path_taken":["M","?","?","M","M","R","E","$","T","?","$","M","E","?","R","BOSS","M","?","?","M"],"items_purchased_type":["Relic","Potion","Relic","Relic"],"build_version":"2020-12-22","purchased_purges":0,"victory":false,"max_hp_per_floor":[72,72,72,72,72,72,72,72,72,72,72,72,72,72,72,72,72,72,69,69,69,69],"card_choices":[{"not_picked":["Ragnarok","Scrawl"],"picked":"DevaForm","floor":0},{"not_picked":["FollowUp","Evaluate"],"picked":"CarveReality","floor":1},{"not_picked":["FlurryOfBlows","Collect"],"picked":"CutThroughFate","floor":4},{"not_picked":["Vengeance","JustLucky"],"picked":"Replay:Hum","floor":5},{"not_picked":["EmptyFist","Replay:Anticipation"],"picked":"SandsOfTime","floor":7},{"not_picked":["JustLucky","ClearTheMind"],"picked":"ConjureBlade","floor":10},{"not_picked":["Halt","FlyingSleeves"],"picked":"CutThroughFate","floor":12},{"not_picked":["ThirdEye","DeceiveReality"],"picked":"Wallop","floor":13},{"not_picked":["Scrawl","DeusExMachina"],"picked":"ConjureBlade","floor":16},{"not_picked":["Replay:BluntJabs","SashWhip"],"picked":"Crescendo","floor":18}],"player_experience":423914,"relics_obtained":[{"floor":7,"key":"Yang"},{"floor":9,"key":"Runesmith:AutoHammer"},{"floor":13,"key":"Blood Vial"}],"event_choices":[{"damage_healed":0,"gold_gain":0,"player_choice":"Success","damage_taken":33,"relics_obtained":["Akabeko"],"max_hp_gain":0,"max_hp_loss":0,"event_name":"Scrap Ooze","floor":2,"gold_loss":0},{"cards_removed":["Strike_P"],"damage_healed":0,"gold_gain":0,"player_choice":"Card Removal","damage_taken":0,"max_hp_gain":0,"max_hp_loss":0,"event_name":"Wheel of Change","floor":3,"gold_loss":0},{"damage_healed":0,"gold_gain":0,"player_choice":"Grow","damage_taken":0,"max_hp_gain":0,"max_hp_loss":0,"event_name":"Living Wall","floor":14,"gold_loss":0,"cards_upgraded":["DevaForm"]},{"cards_removed":["Parasite"],"damage_healed":0,"gold_gain":0,"player_choice":"Gave Gold","damage_taken":0,"max_hp_gain":0,"max_hp_loss":0,"event_name":"Beggar","floor":19,"gold_loss":75},{"cards_removed":["ConjureBlade"],"damage_healed":0,"gold_gain":0,"player_choice":"Took Card","damage_taken":0,"max_hp_gain":0,"max_hp_loss":0,"event_name":"NoteForYourself","floor":20,"gold_loss":0,"cards_obtained":["Eruption"]}],"is_beta":false,"boss_relics":[{"not_picked":["Pandora\u0027s Box","VioletLotus"],"picked":"Philosopher\u0027s Stone"}],"items_purged_floors":[],"is_endless":false,"potions_floor_spawned":[1,4,10,13,18],"killed_by":"3 Byrds","ascension_level":0}}