{"host":"g2v9yifwdrisoopr","time":1610563035,"event":{"mods":["2.2 Compatiblity","AchievementEnabler","Aspiration","BaseMod","Card Forge","Colored Map","Colored Powertips","Conspire","GifTheSpireLib","Highlight Path","Infinite Spire","Minty Spire (QoL Compilation)","Retaliation","Shop Mod","Spikes Relics","StSLib","Strawberry Spire","Stuff the Spire","Transform Curses","??????REMEMod"],"gold_per_floor":[115,115,115,128,128,155,155,155,178,192,44,67,67,86,86,182,182,200,200,90,105,142,179,179,199,199,209,236,256,273,282,282,387,387,397,397,397],"floor_reached":36,"language":"ENG","playtime":1823,"items_purged":["Clumsy"],"score":457,"play_id":"23b3ee00-4a61-4e96-a881-05531b6766c2","local_time":"20210113193715","daily_mods":["Vintage","Allstar","Red Cards","Colorless Cards","Heirloom","Time Dilation","Flight"],"is_ascension_mode":false,"campfire_choices":[{"floor":32,"key":"REST"}],"circlet_count":0,"master_deck":["Strike_R+1","Strike_R+1","Strike_R+1","Strike_R+1","Strike_R+1","Defend_R+1","Defend_R+1","Defend_R+1","Defend_R+1","Bash+1","REME_BattleFury+1","Mayhem+1","Panacea+1","Bandage Up+1","Blood for Blood+1","strawberrySpire:Dropbox+1","REME_Cut+1","Bash+1","Assess+1","Pain","Impervious+1","Juggernaut+1","Fire Breathing+1","Rampage+1","Reaper+1","StuffTheSpire:PestControl+1","Feint"],"relics":["Burning Blood","Hammer of Thor","Seething Fire","Anvil of the Gods","REME_ComplimentaryCards","Bird Faced Urn","Regal Pillow","strawberrySpire:IronFlakes","Bottled Lightning","Bronze Scales","StuffTheSpire:Experiment12","MerchantsRug","aspiration:TomeofQuesting","WarpedTongs","strawberrySpire:PoopsieRoll","strawberrySpire:Dreamfruit","SacredBark","infinitespire:EmpoweringShard","CeramicFish","Red Mask","strawberrySpire:ShipInABottle","infinitespire:ShieldingShard","ShockBauble","StuffTheSpire:ForceGauntlet","Nunchaku","SnailShell","Bag of Marbles","infinitespire:Burning Sword","Whetstone"],"acts_visited":["Exordium","TheCity","TheBeyond"],"potions_floor_usage":[1,4,6,6,10,14,16,16,16,16,23,27,33,33,36,36],"damage_taken":[{"damage":15,"enemies":"conspire:RoseBush","floor":1,"turns":3},{"damage":9,"enemies":"Cultist","floor":4,"turns":4},{"damage":20,"enemies":"strawberrySpire:EnergyPylons","floor":6,"turns":5},{"damage":6,"enemies":"Jaw Worm","floor":10,"turns":3},{"damage":15,"enemies":"3 Louse","floor":14,"turns":4},{"damage":33,"enemies":"The Guardian","floor":16,"turns":4},{"damage":12,"enemies":"conspire:FuzzyDice","floor":18,"turns":5},{"damage":15,"enemies":"3 Byrds","floor":21,"turns":3},{"damage":19,"enemies":"Masked Bandits","floor":22,"turns":3},{"damage":55,"enemies":"strawberrySpire:AncientClocktower","floor":23,"turns":5},{"damage":23,"enemies":"conspire:HollyBat","floor":25,"turns":7},{"damage":14,"enemies":"Snake Plant","floor":27,"turns":4},{"damage":20,"enemies":"3 Cultists","floor":29,"turns":5},{"damage":0,"enemies":"Snecko","floor":30,"turns":4},{"damage":22,"enemies":"Automaton","floor":33,"turns":5},{"damage":0,"enemies":"3 Darklings","floor":35,"turns":3},{"damage":0,"enemies":"infinitespire:Three Voidlings","floor":36,"turns":2},{"damage":149,"enemies":"Nightmare_Alpha","floor":36,"turns":7}],"seed_played":"6928327132293954280","potions_obtained":[{"floor":1,"key":"EntropicBrew"},{"floor":4,"key":"Fire Potion"},{"floor":6,"key":"Strength Potion"},{"floor":16,"key":"Ancient Potion"},{"floor":18,"key":"Swift Potion"},{"floor":25,"key":"PowerPotion"},{"floor":29,"key":"Strength Potion"},{"floor":30,"key":"LiquidBronze"}],"is_trial":true,"path_per_floor":["M","$","?","M","?","E","?","?","T","M","$","T","?","M","R","B",null,"M","?","$","M","?","E","?","M","T","M","T","M","M","?","R","B",null,"M","?"],"character_chosen":"IRONCLAD","items_purchased":["MerchantsRug","Fire Breathing"],"campfire_rested":1,"item_purchase_floors":[11,20],"current_hp_per_floor":[78,78,78,77,77,80,80,80,80,80,80,80,80,80,80,71,80,80,80,80,78,77,61,69,80,80,79,79,80,80,60,80,74,80,80,0,0],"gold":397,"neow_bonus":"","is_daily":false,"chose_seed":false,"campfire_upgraded":0,"win_rate":0.0,"timestamp":1610563035,"path_taken":["M","$","?","?","?","E","?","?","T","?","?","?","?","M","R","BOSS","M","?","?","M","?","E","?","M","T","?","?","M","?","?","R","BOSS","M","?"],"items_purchased_type":["Relic","Card"],"build_version":"2020-12-22","purchased_purges":1,"victory":false,"max_hp_per_floor":[80,80,80,80,80,80,80,80,80,80,80,80,80,80,80,80,80,80,80,80,80,80,80,80,80,80,80,80,80,80,80,80,80,80,80,80,80],"card_choices":[{"not_picked":["StuffTheSpire:RockThrow","Jack Of All Trades"],"picked":"REME_Cut","floor":6},{"not_picked":["StuffTheSpire:TitanForm","conspire:Purge"],"picked":"Impervious","floor":16},{"not_picked":["Carnage","strawberrySpire:FireDrill"],"picked":"Rampage","floor":22},{"not_picked":["strawberrySpire:ZonePlayer","Iron Wave+1"],"picked":"Reaper","floor":23},{"not_picked":["REME_Flogging+1","StuffTheSpire:Recharge"],"picked":"Feint","floor":33}],"player_experience":107757,"relics_obtained":[{"floor":1,"key":"Regal Pillow"},{"floor":4,"key":"strawberrySpire:IronFlakes"},{"floor":6,"key":"Bottled Lightning"},{"floor":9,"key":"Bronze Scales"},{"floor":10,"key":"StuffTheSpire:Experiment12"},{"floor":12,"key":"aspiration:TomeofQuesting"},{"floor":14,"key":"strawberrySpire:PoopsieRoll"},{"floor":15,"key":"strawberrySpire:Dreamfruit"},{"floor":18,"key":"infinitespire:EmpoweringShard"},{"floor":21,"key":"CeramicFish"},{"floor":22,"key":"Red Mask"},{"floor":23,"key":"strawberrySpire:ShipInABottle"},{"floor":25,"key":"infinitespire:ShieldingShard"},{"floor":26,"key":"ShockBauble"},{"floor":27,"key":"StuffTheSpire:ForceGauntlet"},{"floor":28,"key":"Nunchaku"},{"floor":29,"key":"SnailShell"},{"floor":30,"key":"Bag of Marbles"},{"floor":35,"key":"Whetstone"}],"event_choices":[{"damage_healed":0,"gold_gain":0,"cards_transformed":["Metamorphosis"],"player_choice":"Transformed","damage_taken":0,"max_hp_gain":0,"max_hp_loss":0,"event_name":"Transmorgrifier","floor":3,"gold_loss":0,"cards_obtained":["strawberrySpire:Dropbox"]},{"damage_healed":0,"gold_gain":0,"player_choice":"Disagree","damage_taken":0,"max_hp_gain":0,"max_hp_loss":0,"event_name":"conspire:LoneGhost","floor":5,"gold_loss":0},{"damage_healed":0,"gold_gain":0,"player_choice":"2 cards matched","damage_taken":0,"max_hp_gain":0,"max_hp_loss":0,"event_name":"Match and Keep!","floor":8,"gold_loss":0,"cards_obtained":["Bash","Assess"]},{"damage_healed":0,"gold_gain":0,"player_choice":"2 cards matched","damage_taken":0,"max_hp_gain":0,"max_hp_loss":0,"event_name":"Match and Keep!","floor":8,"gold_loss":0,"cards_obtained":["Bash","Assess"]},{"damage_healed":0,"gold_gain":0,"player_choice":"Rummage","damage_taken":0,"relics_obtained":["WarpedTongs"],"max_hp_gain":0,"max_hp_loss":0,"event_name":"Accursed Blacksmith","floor":13,"gold_loss":0,"cards_obtained":["Pain"]},{"damage_healed":0,"gold_gain":0,"player_choice":"1 cards matched","damage_taken":0,"max_hp_gain":0,"max_hp_loss":0,"event_name":"Match and Keep!","floor":19,"gold_loss":0,"cards_obtained":["Juggernaut"]},{"damage_healed":0,"gold_gain":0,"player_choice":"Fought Bandits","damage_taken":0,"max_hp_gain":0,"max_hp_loss":0,"event_name":"Masked Bandits","floor":22,"gold_loss":0}],"is_beta":false,"boss_relics":[{"not_picked":["Pandora\u0027s Box","Mark of Pain"],"picked":"SacredBark"},{"not_picked":["REME_DemonsWealth","aspiration:RitualDagger"],"picked":"infinitespire:Burning Sword"}],"items_purged_floors":[20],"is_endless":false,"potions_floor_spawned":[1,4,6,16,18,25,29,30,35],"killed_by":"Nightmare_Alpha","ascension_level":0}}