{"host":"ivu7tlvo9l75n5k3","time":1610565663,"event":{"mods":["AchievementEnabler","BaseMod","Better Third Choice","BetterRewards","Colored Map","Colored Powertips","Curses Come First","Downfall","Duelist Mod","Marisa????????","Minty Spire (QoL Compilation)","Prisma Mod","Quick Restart","Rare Cards Sparkle","Replay The Spire","StSLib","The Animator","The Cursed","The Disciple","The Marked","The Necromancer","The Servant 0.9.4","The Wild Card","Waifu the Spire"],"gold_per_floor":[114,133,133,151,151,182,182,182,237,268,282,323,323,323,336,360,360,480,480,499,499,598,614,614,14,42,88,115,115,143,104,104,116,116],"floor_reached":33,"language":"ENG","playtime":2351,"items_purged":[],"score":317,"play_id":"c3269544-dd25-4a6d-ab4e-650d4903c847","local_time":"20210113142103","is_ascension_mode":false,"campfire_choices":[{"floor":7,"key":"REST"},{"floor":17,"key":"REST"},{"floor":32,"key":"RECALL"}],"circlet_count":0,"master_deck":["theWildCard:BasicStrike+1","theWildCard:BasicStrike+1","theWildCard:BasicStrike+1","theWildCard:BasicStrike+1","theWildCard:BasicDefend+1","theWildCard:BasicDefend+1","theWildCard:BasicDefend+1","theWildCard:BasicDefend+1","theWildCard:CallToAdventure","theWildCard:Arsene","theWildCard:Unburden","theWildCard:Providence","theWildCard:Safeguard","Injury","theWildCard:Lucifer","theWildCard:ArcaneArts","theWildCard:CryOfAgony","theWildCard:EnergizedStroke","theWildCard:ArcaneArts","theWildCard:TheArcanaUnleashed","theWildCard:Michael","theWildCard:ArcaneArts","theWildCard:Caesar","theWildCard:Polydeuces+1","theDuelist:CurseAging","theWildCard:Odin+1","Panache","Replay:SS_hec_2","theWildCard:ManOfManyFaces","theWildCard:PaleRider+1","theWildCard:FuelForTheFire","theWildCard:EnergizedStroke+1"],"relics":["theWildCard:VelvetContract","Golden Idol","Dream Catcher","Vajra","Girya","Quantum Egg","Replay:Bronze Core","ReplayTheSpireMod:Ring of Addiction","ReplayTheSpireMod:Ring of Challenge","Toy Ornithopter","Potion Belt","Chemical X","Replay:Bandana"],"acts_visited":["Exordium","TheCity"],"potions_floor_usage":[6,10,12,18,23,23,26],"damage_taken":[{"damage":0,"enemies":"Small Slimes","floor":1,"turns":3},{"damage":1,"enemies":"Jaw Worm","floor":2,"turns":6},{"damage":0,"enemies":"2 Louse","floor":4,"turns":2},{"damage":34,"enemies":"3 Sentries","floor":6,"turns":11},{"damage":25,"enemies":"Gremlin Nob","floor":10,"turns":4},{"damage":0,"enemies":"2 Fungi Beasts","floor":11,"turns":2},{"damage":20,"enemies":"Lagavulin","floor":12,"turns":5},{"damage":5,"enemies":"Looter","floor":15,"turns":2},{"damage":7,"enemies":"Red Slaver","floor":16,"turns":4},{"damage":0,"enemies":"Slime Boss","floor":18,"turns":4},{"damage":7,"enemies":"3 Byrds","floor":20,"turns":5},{"damage":10,"enemies":"Shell Parasite","floor":23,"turns":4},{"damage":29,"enemies":"Snecko","floor":26,"turns":5},{"damage":6,"enemies":"Centurion and Healer","floor":27,"turns":6},{"damage":0,"enemies":"Chosen and Byrds","floor":30,"turns":6},{"damage":42,"enemies":"Snake Plant","floor":33,"turns":3}],"seed_played":"512195892552679927","potions_obtained":[{"floor":2,"key":"champ:CounterPotion"},{"floor":4,"key":"CultistPotion"},{"floor":6,"key":"SteroidPotion"},{"floor":15,"key":"SteroidPotion"},{"floor":16,"key":"FearPotion"},{"floor":20,"key":"Elixir"},{"floor":21,"key":"Energy Potion"},{"floor":21,"key":"Fruit Juice"},{"floor":21,"key":"SpeedPotion"},{"floor":27,"key":"champ:CounterPotion"}],"is_trial":false,"path_per_floor":["M","M","?","M","?","E","R","?","T","E","M","E","PTL","PTL","M","M","R","B",null,"M","?","?","M","?","$","M","M","T","?","M","$","R","M"],"character_chosen":"THE_WILD_CARD","items_purchased":["Chemical X","Replay:Bandana","Panache","Replay:SS_hec_2","theWildCard:EnergizedStroke+1"],"campfire_rested":2,"item_purchase_floors":[25,25,25,25,31],"current_hp_per_floor":[66,65,65,66,66,33,52,57,57,34,35,16,16,16,12,5,26,27,71,65,65,65,69,69,69,46,40,40,40,41,41,41,0,0],"gold":116,"neow_bonus":"TEN_PERCENT_HP_BONUS","is_daily":false,"chose_seed":false,"campfire_upgraded":0,"win_rate":0.0,"timestamp":1610565663,"path_taken":["M","M","?","M","?","E","R","?","T","E","?","E","PTL","PTL","M","M","R","BOSS","M","?","?","M","?","$","M","M","T","?","M","?","R","M"],"items_purchased_type":["Relic","Relic","Card","Card","Card"],"build_version":"2020-12-22","purchased_purges":0,"victory":false,"max_hp_per_floor":[66,66,66,66,66,66,66,71,71,71,71,71,71,71,71,71,71,71,71,71,71,71,76,76,76,76,76,76,76,74,74,74,72,72],"card_choices":[{"not_picked":["theWildCard:MaskChange","theWildCard:UnderLockAndKey"],"picked":"theWildCard:Unburden","floor":1},{"not_picked":["theWildCard:Loki","theWildCard:ArcaneArts"],"picked":"theWildCard:Providence","floor":2},{"not_picked":["theWildCard:Providence","theWildCard:Unburden"],"picked":"theWildCard:Safeguard","floor":4},{"not_picked":["theWildCard:PowerOfTheArcana","theWildCard:TheGreatSeal"],"picked":"theWildCard:Lucifer","floor":6},{"not_picked":["theWildCard:SacrificialStroke","theWildCard:Alice"],"picked":"theWildCard:ArcaneArts","floor":7},{"not_picked":["theWildCard:ArchaicAssault","theWildCard:ArcaneArts"],"picked":"theWildCard:CryOfAgony","floor":10},{"not_picked":["theWildCard:PaleRider","theWildCard:SeveringSlash"],"picked":"theWildCard:EnergizedStroke","floor":11},{"not_picked":["theWildCard:StalwartBlade","theWildCard:EnergizedStroke"],"picked":"theWildCard:ArcaneArts","floor":12},{"not_picked":["theWildCard:ArcaneArts","theWildCard:StingingStrike"],"picked":"theWildCard:TheArcanaUnleashed","floor":15},{"not_picked":["theWildCard:StingingStrike","theWildCard:EnergizedStroke"],"picked":"theWildCard:Michael","floor":16},{"not_picked":["theWildCard:SacrificialStroke","theWildCard:ManOfManyFaces"],"picked":"theWildCard:ArcaneArts","floor":17},{"not_picked":["theWildCard:Thanatos","theWildCard:Satanael"],"picked":"theWildCard:Caesar","floor":18},{"not_picked":["theWildCard:MasterPlan","theWildCard:Unburden"],"picked":"theWildCard:Polydeuces+1","floor":20},{"not_picked":["theWildCard:IdentityTheft","theWildCard:Providence"],"picked":"theWildCard:Odin+1","floor":23},{"not_picked":["theWildCard:SacrificialStroke","theWildCard:StingingStrike"],"picked":"theWildCard:ManOfManyFaces","floor":26},{"not_picked":["theWildCard:BladeOfGenerations","theWildCard:ArcaneArts"],"picked":"theWildCard:PaleRider+1","floor":27},{"not_picked":["theWildCard:UnderLockAndKey+1","theWildCard:PowerOfTheArcana"],"picked":"theWildCard:FuelForTheFire","floor":30}],"player_experience":31793,"relics_obtained":[{"floor":6,"key":"Dream Catcher"},{"floor":9,"key":"Vajra"},{"floor":10,"key":"Girya"},{"floor":12,"key":"Quantum Egg"},{"floor":21,"key":"ReplayTheSpireMod:Ring of Addiction"},{"floor":21,"key":"ReplayTheSpireMod:Ring of Challenge"},{"floor":21,"key":"Toy Ornithopter"},{"floor":21,"key":"Potion Belt"}],"event_choices":[{"damage_healed":0,"gold_gain":0,"player_choice":"Take Wound","damage_taken":0,"relics_obtained":["Golden Idol"],"max_hp_gain":0,"max_hp_loss":0,"event_name":"Golden Idol","floor":5,"gold_loss":0,"cards_obtained":["Injury"]},{"damage_healed":0,"gold_gain":0,"player_choice":"Donut","damage_taken":0,"max_hp_gain":5,"max_hp_loss":0,"event_name":"Big Fish","floor":8,"gold_loss":0},{"damage_healed":0,"gold_gain":99,"player_choice":"Steal","damage_taken":0,"max_hp_gain":0,"max_hp_loss":0,"event_name":"betterThird:BetterNest","floor":22,"gold_loss":0},{"damage_healed":0,"gold_gain":0,"player_choice":"Simplicity","damage_taken":0,"max_hp_gain":0,"max_hp_loss":7,"event_name":"betterThird:BetterWriting","floor":24,"gold_loss":0},{"damage_healed":0,"gold_gain":0,"player_choice":"Ignored","damage_taken":0,"max_hp_gain":0,"max_hp_loss":0,"event_name":"Vampires","floor":29,"gold_loss":0}],"is_beta":false,"boss_relics":[{"not_picked":["Snecko Eye","Runic Dome"],"picked":"Replay:Bronze Core"}],"items_purged_floors":[],"is_endless":false,"potions_floor_spawned":[2,4,6,15,16,20,27],"killed_by":"Snake Plant","ascension_level":0}}