{"host":"grli52lbdph2722t","time":1610553468,"event":{"mods":["AchievementEnabler","BaseMod","Downfall","Minty Spire (QoL Compilation)","Quick Restart","StSLib"],"gold_per_floor":[0,11,24,24,24,24,78,39,68,86,86,111,11,45,57,159,159,159,174,16,42,56,81,81,93,104,120,151,251,251,285,305,406,406,306,320,320,374,284,284,284,284,384,395,424,324,337,355,365,365,365,365],"floor_reached":50,"language":"ENG","playtime":3586,"items_purged":["Guardian:Strike_Guardian"],"score":993,"play_id":"44fe6851-ea6a-486b-9da3-bfdb9ecfd4cc","local_time":"20210113165748","is_ascension_mode":true,"campfire_choices":[{"data":"Guardian:TwinSlam","floor":1.0,"key":"SMITH"},{"data":"Guardian:Suspension","floor":13,"key":"SMITH"},{"data":"Guardian:RevengeProtocol","floor":18,"key":"SMITH"},{"floor":30,"key":"DIG"},{"floor":35,"key":"DIG"},{"floor":40,"key":"RECALL"},{"floor":46,"key":"DIG"}],"circlet_count":0,"master_deck":["Guardian:Strike_Guardian","Guardian:Defend_Guardian","Guardian:Defend_Guardian","Guardian:Defend_Guardian","Guardian:Defend_Guardian","Guardian:CurlUp","Guardian:TwinSlam+1","Guardian:FloatingOrbs","Guardian:Incinerate","Guardian:AncientConstruct","Finesse+1","Guardian:SphericShield+1","Guardian:Suspension+1","Guardian:TimeCapacitor","Guardian:TemporalShield","Guardian:ConstructionForm","Guardian:DecasProtection","Guardian:RevengeProtocol+1","Guardian:Recover+1","Guardian:EvasiveProtocol+1","Guardian:PrismaticBeam","Guardian:Emergency","Guardian:ArmoredProtocol","Guardian:BronzeOrb+1","Guardian:ExploitGems","Guardian:CompilePackage","Guardian:TimeSifter","Guardian:GatlingBeam+1","Guardian:Gem_Blue","Guardian:ArmoredProtocol+1","Guardian:TimeCapacitor"],"relics":["Guardian:ModeShifter","Bird Faced Urn","Guardian:PickAxe","Bronze Scales","Dream Catcher","Bottled Tornado","downfall:HeartBlessingBlue","HornCleat","Guardian:StasisSlotReductionRelic","PreservedInsect","Red Mask","Molten Egg 2","Letter Opener","Shovel","Unceasing Top","Gremlin Horn","Art of War","Bag of Marbles","Empty Cage","downfall:HeartBlessingGreen","Meat on the Bone","FossilizedHelix","White Beast Statue","Toy Ornithopter","MealTicket","downfall:HeartBlessingRed","War Paint"],"acts_visited":["Exordium","TheCity","TheBeyond"],"potions_floor_usage":[16,16,22,28,45],"damage_taken":[{"damage":4.0,"enemies":"Jaw Worm","floor":2.0,"turns":4.0},{"damage":2.0,"enemies":"2 Louse","floor":3.0,"turns":3.0},{"damage":15.0,"enemies":"2 Louse","floor":4.0,"turns":5.0},{"damage":0,"enemies":"downfall:FleeingMerchant","floor":8,"turns":4},{"damage":23,"enemies":"Gremlin Nob","floor":9,"turns":5},{"damage":0,"enemies":"Cultist","floor":10,"turns":4},{"damage":0,"enemies":"Lagavulin","floor":12,"turns":7},{"damage":28,"enemies":"3 Sentries","floor":14,"turns":10},{"damage":0,"enemies":"Exordium Thugs","floor":15,"turns":5},{"damage":29,"enemies":"ArchetypeAct1Statuses","floor":16,"turns":9},{"damage":0,"enemies":"Spheric Guardian","floor":19,"turns":5},{"damage":1,"enemies":"downfall:FleeingMerchant","floor":20,"turns":4},{"damage":42,"enemies":"Masked Bandits","floor":21,"turns":6},{"damage":5,"enemies":"Shelled Parasite and Fungi","floor":22,"turns":6},{"damage":18,"enemies":"Gremlin Leader","floor":23,"turns":7},{"damage":0,"enemies":"Chosen and Byrds","floor":25,"turns":6},{"damage":8,"enemies":"Cultist and Chosen","floor":26,"turns":6},{"damage":6,"enemies":"Snake Plant","floor":27,"turns":5},{"damage":0,"enemies":"Slavers","floor":28,"turns":4},{"damage":15,"enemies":"Colosseum Nobs","floor":29,"turns":4},{"damage":0,"enemies":"Gremlin Leader","floor":31,"turns":7},{"damage":0,"enemies":"Centurion and Healer","floor":32,"turns":6},{"damage":76,"enemies":"downfall:Watcher","floor":33,"turns":13},{"damage":0,"enemies":"Orb Walker","floor":36,"turns":3},{"damage":33,"enemies":"2 Orb Walkers","floor":38,"turns":6},{"damage":0,"enemies":"downfall:FleeingMerchant","floor":39,"turns":4},{"damage":0,"enemies":"downfall:LadyInBlue","floor":43,"turns":8},{"damage":0,"enemies":"3 Shapes","floor":44,"turns":4},{"damage":0,"enemies":"Reptomancer","floor":45,"turns":6},{"damage":0,"enemies":"Jaw Worm Horde","floor":47,"turns":5},{"damage":0,"enemies":"Sphere and 2 Shapes","floor":48,"turns":6},{"damage":0,"enemies":"3 Darklings","floor":49,"turns":6},{"damage":145,"enemies":"downfall:Silent","floor":50,"turns":7}],"seed_played":"3989989108707796819","potions_obtained":[{"floor":2.0,"key":"SneckoOil"},{"floor":9,"key":"bronze:BurnAndBuffPotion"},{"floor":14,"key":"LiquidBronze"},{"floor":15,"key":"Strength Potion"},{"floor":16,"key":"AttackPotion"},{"floor":19,"key":"EssenceOfSteel"},{"floor":22,"key":"Guardian:BlockOnCardUsePotion"},{"floor":25,"key":"DuplicationPotion"},{"floor":28,"key":"bronze:BurnAndBuffPotion"},{"floor":43,"key":"DistilledChaos"},{"floor":45,"key":"Weak Potion"},{"floor":49,"key":"Swift Potion"}],"is_trial":false,"path_per_floor":["R","M","M","?","?","R","T","$","E","M","T","E","R","E","M","B",null,"R","M","$","?","M","E","T","M","M","M","E","?","R","E","M","B",null,"R","M","?","?","$","R","T","?","?","M","E","R","M","M","M","B"],"character_chosen":"GUARDIAN","items_purchased":["Guardian:Suspension","PreservedInsect"],"campfire_rested":0,"item_purchase_floors":[8,20],"current_hp_per_floor":[72,68,68,43,43,43,43,47,24,28,28,34,44,24,30,7,69,69,79,88,48,55,51,51,63,69,77,89,81,81,90,90,16,72,72,84,84,69,81,81,81,81,90,90,90,90,90,90,90,0,0,0],"gold":365,"neow_bonus":"ONE_RARE_RELIC","is_daily":false,"chose_seed":false,"campfire_upgraded":3,"win_rate":0.0,"timestamp":1610553468,"path_taken":["R","M","M","?","?","R","T","$","E","?","?","E","R","E","M","BOSS","R","M","$","?","M","E","T","M","M","M","E","?","R","E","M","BOSS","R","M","?","?","$","R","T","?","?","?","E","R","M","M","M","BOSS"],"items_purchased_type":["Card","Relic"],"build_version":"2020-12-22","purchased_purges":1,"victory":false,"max_hp_per_floor":[80,80,80,80,80,80,80,80,80,80,80,80,90,90,90,90,90,90,90,90,90,90,90,90,90,90,90,90,90,90,90,90,90,90,90,90,90,90,90,90,90,90,90,90,90,90,90,90,90,90,90,90],"card_choices":[{"not_picked":["Guardian:TemporalShield","Guardian:ShieldCharger"],"picked":"Guardian:FloatingOrbs","floor":2.0},{"not_picked":["Guardian:Gem_Red","Guardian:Gem_Cyan"],"picked":"Guardian:Incinerate","floor":3.0},{"not_picked":["Guardian:PiercingHide","Guardian:Gem_Red"],"picked":"Guardian:SphericShield","floor":8},{"not_picked":["Guardian:Recover","Guardian:SentryBeam"],"picked":"Guardian:TimeCapacitor","floor":9},{"not_picked":["Guardian:PolyBeam","Guardian:RollAttack"],"picked":"Guardian:TemporalShield","floor":10},{"not_picked":["Guardian:Gem_Green","Guardian:Gem_Lightblue"],"picked":"Guardian:ConstructionForm","floor":12},{"not_picked":["Guardian:ChargeCore","Guardian:Suspension"],"picked":"Guardian:DecasProtection","floor":14},{"not_picked":["Guardian:Reroute","Guardian:Gem_Cyan"],"picked":"Guardian:ChargeCore","floor":15},{"not_picked":["Guardian:FierceBash","Guardian:ConstructionForm"],"picked":"Guardian:RevengeProtocol","floor":16},{"not_picked":["Guardian:Suspension","Guardian:Gem_Cyan"],"picked":"Guardian:Gem_Crimson","floor":19},{"not_picked":["Guardian:PrimingBeam","Guardian:RollAttack+1"],"picked":"Guardian:Recover+1","floor":20},{"not_picked":["Guardian:MultiBeam","Guardian:Incinerate+1"],"picked":"Guardian:EvasiveProtocol+1","floor":21},{"not_picked":["Guardian:WalkerClaw","Guardian:Gem_Blue"],"picked":"Guardian:PrismaticBeam","floor":22},{"not_picked":["Guardian:Gem_Lightblue","Guardian:Gem_Cyan"],"picked":"Guardian:Emergency","floor":23},{"not_picked":["Guardian:VentSteam","Guardian:PrismaticBarrier"],"picked":"Guardian:ArmoredProtocol","floor":25},{"not_picked":["Guardian:Gem_Cyan","Guardian:CrystalBeam+1","Guardian:ArmoredProtocol"],"picked":"SKIP","floor":26},{"not_picked":["Guardian:Gem_Red","Guardian:VentSteam"],"picked":"Guardian:BronzeOrb+1","floor":27},{"not_picked":["Guardian:Incinerate+1","Guardian:TemporalShield"],"picked":"Guardian:ExploitGems","floor":28},{"not_picked":["Guardian:Gem_Lightblue","Guardian:WalkerClaw+1"],"picked":"Guardian:Gem_Cyan","floor":29},{"not_picked":["Guardian:Suspension","Guardian:SentryBeam+1"],"picked":"Guardian:CompilePackage","floor":31},{"not_picked":["Guardian:Gem_Crimson","Guardian:Recover+1"],"picked":"Guardian:Gem_Yellow","floor":32},{"not_picked":["Guardian:SphericShield","Guardian:GemFire+1"],"picked":"Guardian:TimeSifter","floor":33},{"not_picked":["Guardian:DecasProtection","Guardian:Gem_Crimson"],"picked":"Guardian:Gem_Purple","floor":36},{"not_picked":["Guardian:TemporalShield","Guardian:Gem_Lightblue","Guardian:BodySlam+1"],"picked":"SKIP","floor":39},{"not_picked":["Guardian:GuardianWhirl+1","Guardian:ShieldCharger"],"picked":"Guardian:GatlingBeam+1","floor":43},{"not_picked":["Guardian:Harden+1","Guardian:PiercingHide"],"picked":"Guardian:Gem_Blue","floor":44},{"not_picked":["Guardian:TimeBomb","Guardian:ShieldSpikes"],"picked":"Guardian:ArmoredProtocol+1","floor":45},{"not_picked":["Guardian:Planning+1","Guardian:Gem_Lightblue"],"picked":"Guardian:TimeCapacitor","floor":47},{"not_picked":["Guardian:BodySlam+1","Guardian:Suspension+1","Guardian:Preprogram"],"picked":"SKIP","floor":48},{"not_picked":["Guardian:Gem_Purple","Guardian:Harden","Guardian:Gem_Cyan"],"picked":"SKIP","floor":49}],"player_experience":4984786,"relics_obtained":[{"floor":7,"key":"Bronze Scales"},{"floor":9,"key":"Dream Catcher"},{"floor":12,"key":"Bottled Tornado"},{"floor":14,"key":"HornCleat"},{"floor":21,"key":"Red Mask"},{"floor":23,"key":"Molten Egg 2"},{"floor":24,"key":"Letter Opener"},{"floor":28,"key":"Shovel"},{"floor":29,"key":"Unceasing Top"},{"floor":29,"key":"Gremlin Horn"},{"floor":30,"key":"Art of War"},{"floor":31,"key":"Bag of Marbles"},{"floor":35,"key":"Meat on the Bone"},{"floor":38,"key":"FossilizedHelix"},{"floor":41,"key":"White Beast Statue"},{"floor":43,"key":"Toy Ornithopter"},{"floor":45,"key":"MealTicket"},{"floor":46,"key":"War Paint"}],"event_choices":[{"damage_healed":0,"gold_gain":0,"player_choice":"Fought Bandits","damage_taken":0,"max_hp_gain":0,"max_hp_loss":0,"event_name":"Masked Bandits","floor":21,"gold_loss":0},{"damage_healed":0,"gold_gain":0,"player_choice":"Fight","damage_taken":0,"max_hp_gain":0,"max_hp_loss":0,"event_name":"Mysterious Sphere","floor":38,"gold_loss":0},{"cards_removed":["Guardian:ChargeCore"],"damage_healed":0,"gold_gain":0,"player_choice":"Removed Attack","damage_taken":0,"max_hp_gain":0,"max_hp_loss":0,"event_name":"Falling","floor":42,"gold_loss":0}],"is_beta":false,"boss_relics":[{"not_picked":["Calling Bell","Cursed Key"],"picked":"Guardian:StasisSlotReductionRelic"},{"not_picked":["Velvet Choker","Busted Crown"],"picked":"Empty Cage"}],"items_purged_floors":[39],"is_endless":false,"potions_floor_spawned":[2,4,9,14,15,16,19,22,23,25,27,28,38,43,44,45,47,48,49],"killed_by":"downfall:Silent","ascension_level":9}}