{"host":"b7j598ve05halrwk","time":1610554569,"event":{"mods":["2.2 Compatiblity","BaseMod","Block Reminder","DeckTracker","Minty Spire (QoL Compilation)","Relic Stats","Slay the Relics Exporter","StSLib","ojb\u0027s Better Paths Mod","ojb\u0027s Info Mod"],"gold_per_floor":[112,112,124,124,141,168,168,195,195,195,228,228,3,18,18,18,18],"floor_reached":16,"language":"ENG","playtime":898,"items_purged":[],"score":236,"play_id":"b29cc0b6-879d-484c-877f-d93144bef0a6","local_time":"20210113111609","is_ascension_mode":true,"campfire_choices":[{"data":"Streamline","floor":7,"key":"SMITH"},{"data":"Go for the Eyes","floor":10,"key":"SMITH"},{"data":"Hologram","floor":15,"key":"SMITH"}],"circlet_count":0,"master_deck":["AscendersBane","Strike_B","Strike_B","Strike_B","Defend_B","Defend_B","Defend_B","Defend_B","Zap","Dualcast","Compile Driver","Hello World","Streamline+1","Go for the Eyes+1","Rainbow","Electrodynamics","Conserve Battery","Hologram+1"],"relics":["Cursed Key","Toy Ornithopter","Calipers","Girya","Golden Idol","OrangePellets"],"acts_visited":["Exordium"],"potions_floor_usage":[8,11,16],"damage_taken":[{"damage":8,"enemies":"2 Louse","floor":1,"turns":3},{"damage":7,"enemies":"Jaw Worm","floor":3,"turns":3},{"damage":7,"enemies":"Small Slimes","floor":5,"turns":3},{"damage":1,"enemies":"Lagavulin","floor":6,"turns":7},{"damage":23,"enemies":"3 Sentries","floor":8,"turns":8},{"damage":7,"enemies":"Lagavulin","floor":11,"turns":6},{"damage":3,"enemies":"Looter","floor":14,"turns":3},{"damage":22,"enemies":"The Guardian","floor":16,"turns":8}],"seed_played":"824561131367529138","potions_obtained":[{"floor":3,"key":"Dexterity Potion"},{"floor":8,"key":"BlessingOfTheForge"},{"floor":14,"key":"FearPotion"}],"is_trial":false,"path_per_floor":["M","?","M","?","M","E","R","E","T","R","E","?","$","M","R","B"],"character_chosen":"DEFECT","items_purchased":["OrangePellets","Hologram"],"campfire_rested":0,"item_purchase_floors":[13,13],"current_hp_per_floor":[56,56,49,49,42,41,41,23,23,23,21,21,21,18,18,1,1],"gold":18,"neow_bonus":"BOSS_RELIC","is_daily":false,"chose_seed":false,"campfire_upgraded":3,"win_rate":0.0,"timestamp":1610554569,"path_taken":["M","?","M","?","M","E","R","E","T","R","E","?","?","?","R","BOSS"],"items_purchased_type":["Relic","Card"],"build_version":"2020-12-22","purchased_purges":0,"victory":false,"max_hp_per_floor":[71,71,71,71,71,71,71,71,71,71,71,64,64,64,64,64,64],"relic_stats":{"OrangePellets":[0],"counters":[8,41],"Golden Idol":3,"Cursed Key":0,"obtain_stats":[{"Girya":11,"OrangePellets":13,"Calipers":8,"Golden Idol":12,"Cracked Core":0,"Cursed Key":0,"Toy Ornithopter":6},{"Girya":6,"OrangePellets":6,"Calipers":5,"Golden Idol":6,"Cracked Core":0,"Cursed Key":0,"Toy Ornithopter":4},{"Girya":30,"OrangePellets":30,"Calipers":24,"Golden Idol":30,"Cracked Core":0,"Cursed Key":0,"Toy Ornithopter":16}],"Toy Ornithopter":15},"card_choices":[{"not_picked":["Stack","Capacitor"],"picked":"Compile Driver","floor":1},{"not_picked":["Conserve Battery","Redo"],"picked":"Streamline","floor":3},{"not_picked":["Coolheaded","Conserve Battery"],"picked":"Go for the Eyes","floor":5},{"not_picked":["FTL","Cold Snap"],"picked":"Rainbow","floor":6},{"not_picked":["Core Surge","Rebound"],"picked":"Electrodynamics","floor":8},{"not_picked":["Gash","Sweeping Beam"],"picked":"Conserve Battery","floor":11},{"not_picked":["Gash","Steam Power","Heatsinks"],"picked":"SKIP","floor":14}],"player_experience":941142,"relics_obtained":[{"floor":6,"key":"Toy Ornithopter"},{"floor":8,"key":"Calipers"},{"floor":11,"key":"Girya"}],"event_choices":[{"damage_healed":0,"gold_gain":0,"cards_transformed":["Strike_B"],"player_choice":"Change","damage_taken":0,"max_hp_gain":0,"max_hp_loss":0,"event_name":"Living Wall","floor":2,"gold_loss":0,"cards_obtained":["Hello World"]},{"damage_healed":0,"gold_gain":0,"player_choice":"Ignored","damage_taken":0,"max_hp_gain":0,"max_hp_loss":0,"event_name":"Liars Game","floor":4,"gold_loss":0},{"damage_healed":0,"gold_gain":0,"player_choice":"Lose Max HP","damage_taken":0,"relics_obtained":["Golden Idol"],"max_hp_gain":0,"max_hp_loss":7,"event_name":"Golden Idol","floor":12,"gold_loss":0}],"is_beta":false,"boss_relics":[],"items_purged_floors":[],"is_endless":false,"potions_floor_spawned":[3,8,14],"killed_by":"The Guardian","ascension_level":20}}