{"host":"8d3fefv2347kqkpz","time":1610559341,"event":{"mods":["100% Spire Juice","BaseMod","Better Vampires","Colored Map","Downfall","Minty Spire (QoL Compilation)","Quick Restart","Replay The Spire","StSLib","The Gatherer","Waifu the Spire"],"gold_per_floor":[118,131,131,131,147,147,19,39,65,75,110,121,131,149,149,248,248,261,261,279,192,11,46,46,77,129,129,129,129,148,165,90,188,188,208,11,30,40,51,51,64,64,64,64,92,92,108,124,124,124,124],"floor_reached":50,"language":"ZHS","playtime":3602,"items_purged":["Strike_G","Strike_G","Defend_G"],"score":695,"play_id":"93fae68e-a701-48e9-9906-b3111b262a64","local_time":"20210114013541","is_ascension_mode":false,"campfire_choices":[{"data":"Doppelganger","floor":6,"key":"SMITH"},{"data":"Venomology","floor":24,"key":"SMITH"},{"floor":29,"key":"REST"},{"floor":40,"key":"REST"},{"data":"Catalyst","floor":42,"key":"SMITH"},{"floor":44,"key":"REST"},{"floor":46,"key":"REST"},{"floor":49,"key":"REST"}],"circlet_count":0,"master_deck":["Strike_G","Strike_G","Strike_G","Defend_G","Defend_G","Defend_G","Defend_G","Survivor+1","Neutralize","Toxin Wave","Doppelganger+1","Poisoned Stab","Deflect","Poisoned Stab+1","Bane","Toxin Wave","Venomology+1","CurseOfTheBell","Noxious Fumes","Poisoned Stab+1","Poisoned Stab+1","Bouncing Flask","Crippling Poison+1","Crippling Poison","Malaise+1","Bouncing Flask+1","Adrenaline","Bouncing Flask","Catalyst+1","Replay:Bag of Tricks","ReplayTheSpireMod:Tripwire+1"],"relics":["Ring of the Snake","Replay:Wax Seal","TwistedFunnel","ReplayTheSpireMod:TigerMarble","Regal Pillow","Calling Bell","MealTicket","Molten Egg 2","Durian","Onion Ring","Nunchaku","Frozen Egg 2","Juzu Bracelet","Centennial Puzzle","SacredBark","Garlic","War Paint"],"acts_visited":["Exordium","TheCity","TheBeyond"],"potions_floor_usage":[13,16,16,21,23,23,25,25,25,25,30,31,33,33,33,33,37,38,38,41,45,45,50,50,50,50],"damage_taken":[{"damage":1,"enemies":"Small Slimes","floor":1,"turns":3},{"damage":1,"enemies":"Cultist","floor":2,"turns":6},{"damage":1,"enemies":"2 Louse","floor":5,"turns":3},{"damage":23,"enemies":"Large Slime","floor":8,"turns":10},{"damage":1,"enemies":"Red Slaver","floor":10,"turns":3},{"damage":15,"enemies":"Gremlin Nob","floor":11,"turns":4},{"damage":1,"enemies":"Lots of Slimes","floor":12,"turns":3},{"damage":6,"enemies":"Exordium Thugs","floor":13,"turns":4},{"damage":0,"enemies":"Exordium Wildlife","floor":14,"turns":2},{"damage":25,"enemies":"Fading Forest","floor":16,"turns":11},{"damage":0,"enemies":"Chosen","floor":18,"turns":4},{"damage":15,"enemies":"Spheric Guardian","floor":20,"turns":4},{"damage":0,"enemies":"3 Cultists","floor":21,"turns":3},{"damage":33,"enemies":"Book of Stabbing","floor":23,"turns":6},{"damage":35,"enemies":"Slavers","floor":25,"turns":3},{"damage":9,"enemies":"Snecko","floor":30,"turns":3},{"damage":0,"enemies":"Sentry and Sphere","floor":31,"turns":3},{"damage":41,"enemies":"Pondfish","floor":33,"turns":11},{"damage":22,"enemies":"3 Darklings","floor":35,"turns":4},{"damage":21,"enemies":"Orb Walker","floor":37,"turns":4},{"damage":4,"enemies":"3 Darklings","floor":38,"turns":3},{"damage":9,"enemies":"Spire Growth","floor":39,"turns":7},{"damage":24,"enemies":"Transient","floor":41,"turns":5},{"damage":60,"enemies":"Reptomancer","floor":45,"turns":6},{"damage":8,"enemies":"Sphere and 2 Shapes","floor":47,"turns":4},{"damage":6,"enemies":"3 Darklings","floor":48,"turns":4},{"damage":80,"enemies":"Time Eater","floor":50,"turns":12}],"seed_played":"5182886294728899759","potions_obtained":[{"floor":8,"key":"SneckoOil"},{"floor":10,"key":"Block Potion"},{"floor":12,"key":"BlessingOfTheForge"},{"floor":14,"key":"Explosive Potion"},{"floor":23,"key":"Fire Potion"},{"floor":30,"key":"Energy Potion"},{"floor":31,"key":"AttackPotion"},{"floor":33,"key":"Adrenaline Potion"},{"floor":35,"key":"champ:CounterPotion"},{"floor":37,"key":"Elixir"},{"floor":41,"key":"LiquidBronze"},{"floor":47,"key":"Adrenaline Potion"}],"is_trial":false,"path_per_floor":["M","M","?","?","M","R","$","M","T","M","E","M","M","M","R_BF","B",null,"M","T","M","M","$","E","R","E","T","?","?","R","M","M","R_BF","B",null,"M","$","M","M","M","R","M","R","T","R","E","R","M","M","R","B"],"character_chosen":"THE_SILENT","items_purchased":["TwistedFunnel","Bouncing Flask","Bouncing Flask"],"campfire_rested":5,"item_purchase_floors":[7,22,36],"current_hp_per_floor":[69,68,73,73,72,72,72,49,49,52,37,36,30,30,67,52,80,80,80,65,65,80,47,47,12,12,12,12,51,42,42,42,1,80,58,73,52,48,39,78,54,54,54,80,20,59,51,53,80,0,0],"gold":124,"neow_bonus":"RANDOM_COMMON_RELIC","is_daily":false,"chose_seed":false,"campfire_upgraded":3,"win_rate":0.0,"timestamp":1610559341,"path_taken":["M","M","?","?","?","R","$","M","T","M","E","M","M","M","R_BF","BOSS","M","?","M","M","$","E","R","E","T","?","?","R","M","M","R_BF","BOSS","M","$","M","M","M","R","M","R","T","R","E","R","M","M","R","BOSS"],"items_purchased_type":["Relic","Card","Card"],"build_version":"2020-12-22","purchased_purges":3,"victory":false,"max_hp_per_floor":[70,70,75,75,75,75,75,75,75,75,75,75,75,75,75,75,80,80,80,80,80,80,80,80,80,80,80,80,80,80,80,80,80,80,80,80,80,80,80,80,80,80,80,80,80,80,80,80,80,80,80],"card_choices":[{"not_picked":["Acrobatics","Bane","Riddle With Holes"],"picked":"SKIP","floor":1},{"not_picked":["Dagger Throw","Crippling Poison"],"picked":"Toxin Wave","floor":2},{"not_picked":["Dagger Spray","Escape Plan"],"picked":"Doppelganger","floor":5},{"not_picked":["Bane","Blade Dance"],"picked":"Poisoned Stab","floor":8},{"not_picked":["Quick Slash","Hidden Blade"],"picked":"Deflect","floor":10},{"not_picked":["Dagger Spray","Deflect"],"picked":"Poisoned Stab","floor":11},{"not_picked":["Backflip","Riddle With Holes","Hidden Blade"],"picked":"SKIP","floor":12},{"not_picked":["Skewer","ReplayTheSpireMod:Tripwire"],"picked":"Bane","floor":13},{"not_picked":["PiercingWail","Slice"],"picked":"Toxin Wave","floor":14},{"not_picked":["ReplayTheSpireMod:From All Sides","Malaise"],"picked":"Venomology","floor":16},{"not_picked":["Dodge and Roll","Predator+1"],"picked":"Noxious Fumes","floor":18},{"not_picked":["Deflect","PiercingWail"],"picked":"Poisoned Stab+1","floor":20},{"not_picked":["Slice+1","Underhanded Strike+1"],"picked":"Poisoned Stab+1","floor":21},{"not_picked":["Bane+1","Skewer+1"],"picked":"Crippling Poison+1","floor":23},{"not_picked":["Terror","Expertise+1"],"picked":"Crippling Poison","floor":25},{"not_picked":["Sneak Up+1","Hidden Blade"],"picked":"Malaise","floor":30},{"not_picked":["Hidden Blade","Dodge and Roll+1"],"picked":"Bouncing Flask+1","floor":31},{"not_picked":["Corpse Explosion","Night Terror"],"picked":"Adrenaline","floor":33},{"not_picked":["Backflip+1","Sucker Punch+1","Terror"],"picked":"SKIP","floor":35},{"not_picked":["Dagger Throw+1","Sucker Punch+1"],"picked":"Catalyst","floor":37},{"not_picked":["Deflect","Distraction","Sucker Punch+1"],"picked":"SKIP","floor":38},{"not_picked":["Backflip","Distraction","Underhanded Strike+1"],"picked":"SKIP","floor":39},{"not_picked":["Poisoned Stab+1","Acrobatics+1","Endless Agony+1"],"picked":"SKIP","floor":41},{"not_picked":["Prepared+1","Expertise"],"picked":"Replay:Bag of Tricks","floor":45},{"not_picked":["Expertise+1","PiercingWail"],"picked":"ReplayTheSpireMod:Tripwire+1","floor":47},{"not_picked":["Backflip","Bane+1","Distraction"],"picked":"SKIP","floor":48}],"player_experience":46627,"relics_obtained":[{"floor":9,"key":"ReplayTheSpireMod:TigerMarble"},{"floor":11,"key":"Regal Pillow"},{"floor":17,"key":"MealTicket"},{"floor":17,"key":"Molten Egg 2"},{"floor":17,"key":"Durian"},{"floor":19,"key":"Onion Ring"},{"floor":23,"key":"Nunchaku"},{"floor":25,"key":"Frozen Egg 2"},{"floor":26,"key":"Juzu Bracelet"},{"floor":43,"key":"Garlic"},{"floor":45,"key":"War Paint"}],"event_choices":[{"damage_healed":0,"gold_gain":0,"player_choice":"Donut","damage_taken":0,"max_hp_gain":5,"max_hp_loss":0,"event_name":"Big Fish","floor":3,"gold_loss":0},{"damage_healed":0,"gold_gain":0,"player_choice":"Ignored","damage_taken":0,"max_hp_gain":0,"max_hp_loss":0,"event_name":"NoteForYourself","floor":4,"gold_loss":0},{"damage_healed":0,"gold_gain":0,"player_choice":"Stole Relic","damage_taken":0,"relics_obtained":["Centennial Puzzle"],"max_hp_gain":0,"max_hp_loss":0,"event_name":"Addict","floor":27,"gold_loss":0,"cards_obtained":["Shame"]},{"cards_removed":["Shame"],"damage_healed":0,"gold_gain":0,"player_choice":"Gave Gold","damage_taken":0,"max_hp_gain":0,"max_hp_loss":0,"event_name":"Beggar","floor":32,"gold_loss":75}],"is_beta":false,"boss_relics":[{"not_picked":["WristBlade","Runic Dome"],"picked":"Calling Bell"},{"not_picked":["Ring of Chaos","Snecko Scales"],"picked":"SacredBark"}],"items_purged_floors":[7,22,36],"is_endless":false,"potions_floor_spawned":[8,10,12,14,23,30,31,33,35,37,41,47],"killed_by":"Time Eater","ascension_level":0}}