{"host":"w9yruvs4bqht6bhw","time":1610508321,"event":{"mods":["BaseMod","Colored Powertips","Minty Spire (QoL Compilation)"],"gold_per_floor":[113,113,132,132,145,145,173,173,173,173,185,217,232,249,249,354,354,367,367,367,149,163,193,193,522,600,600,619,636,636,355,355,455,455,474,65,65,82,98,98,128,142,165,177,177,190,190,202,202,202],"floor_reached":51,"language":"ENG","playtime":6418,"items_purged":["Strike_R"],"score":1060,"play_id":"9f5b72b4-3809-4ab4-b5fb-83b8a01c796b","local_time":"20210112222521","is_ascension_mode":true,"campfire_choices":[{"data":"Sword Boomerang","floor":6,"key":"SMITH"},{"data":"Heavy Blade","floor":8,"key":"SMITH"},{"floor":15,"key":"REST"},{"data":"Whirlwind","floor":24,"key":"SMITH"},{"data":"Body Slam","floor":27,"key":"SMITH"},{"floor":32,"key":"REST"},{"floor":40,"key":"REST"},{"floor":45,"key":"REST"},{"floor":49,"key":"REST"}],"circlet_count":0,"master_deck":["Strike_R","Strike_R","Strike_R","Strike_R","Defend_R","Defend_R","Defend_R","Defend_R","Bash","Sword Boomerang+1","Heavy Blade+1","Headbutt","True Grit","Uppercut","True Grit","Flame Barrier","Sentinel","Shockwave+1","True Grit","Whirlwind+1","Body Slam+1","Barricade","Shrug It Off","Shrug It Off","Blind","Limit Break","Shrug It Off+1","Armaments+1","Sever Soul","Pummel+1","Seeing Red","Seeing Red+1","Disarm","Sever Soul+1","Warcry+1","Whirlwind+1","Bludgeon","Madness","Madness","Shrug It Off+1"],"relics":["Black Blood","PreservedInsect","Prayer Wheel","White Beast Statue","Bag of Marbles","HornCleat","Snecko Eye","Self Forming Clay","Old Coin","Shuriken","Bronze Scales","Dead Branch","Happy Flower","Regal Pillow"],"acts_visited":["Exordium","TheCity","TheBeyond"],"potions_floor_usage":[7,11,16,16,22,23,23,23,28,29,33,33,35,38,39,39,41,42,42,44,46,50],"damage_taken":[{"damage":2,"enemies":"Jaw Worm","floor":1,"turns":3},{"damage":0,"enemies":"Small Slimes","floor":3,"turns":4},{"damage":1,"enemies":"2 Louse","floor":5,"turns":2},{"damage":15,"enemies":"3 Sentries","floor":7,"turns":4},{"damage":11,"enemies":"Lots of Slimes","floor":11,"turns":3},{"damage":12,"enemies":"Gremlin Nob","floor":12,"turns":3},{"damage":6,"enemies":"Looter","floor":13,"turns":3},{"damage":0,"enemies":"3 Louse","floor":14,"turns":4},{"damage":52,"enemies":"Hexaghost","floor":16,"turns":8},{"damage":17,"enemies":"Spheric Guardian","floor":18,"turns":4},{"damage":3,"enemies":"Shell Parasite","floor":22,"turns":6},{"damage":2,"enemies":"Slavers","floor":23,"turns":5},{"damage":31,"enemies":"Book of Stabbing","floor":25,"turns":6},{"damage":0,"enemies":"Snecko","floor":28,"turns":5},{"damage":11,"enemies":"Cultist and Chosen","floor":29,"turns":9},{"damage":69,"enemies":"Champ","floor":33,"turns":15},{"damage":6,"enemies":"Orb Walker","floor":35,"turns":3},{"damage":20,"enemies":"3 Darklings","floor":38,"turns":5},{"damage":40,"enemies":"Jaw Worm Horde","floor":39,"turns":7},{"damage":59,"enemies":"Giant Head","floor":41,"turns":9},{"damage":20,"enemies":"Spire Growth","floor":42,"turns":4},{"damage":14,"enemies":"3 Darklings","floor":44,"turns":7},{"damage":0,"enemies":"Jaw Worm Horde","floor":46,"turns":3},{"damage":15,"enemies":"Maw","floor":48,"turns":7},{"damage":70,"enemies":"Awakened One","floor":50,"turns":15}],"seed_played":"5463281893689084439","potions_obtained":[{"floor":1,"key":"PowerPotion"},{"floor":7,"key":"LiquidMemories"},{"floor":11,"key":"SpeedPotion"},{"floor":12,"key":"SneckoOil"},{"floor":13,"key":"Regen Potion"},{"floor":14,"key":"CultistPotion"},{"floor":16,"key":"Regen Potion"},{"floor":18,"key":"Strength Potion"},{"floor":22,"key":"Regen Potion"},{"floor":23,"key":"DuplicationPotion"},{"floor":25,"key":"Block Potion"},{"floor":28,"key":"Block Potion"},{"floor":29,"key":"FearPotion"},{"floor":33,"key":"Regen Potion"},{"floor":35,"key":"SkillPotion"},{"floor":38,"key":"Regen Potion"},{"floor":39,"key":"Block Potion"},{"floor":41,"key":"ElixirPotion"},{"floor":42,"key":"HeartOfIron"},{"floor":44,"key":"SkillPotion"},{"floor":46,"key":"SteroidPotion"},{"floor":48,"key":"Block Potion"}],"is_trial":false,"path_per_floor":["M","?","M","?","M","R","E","R","T","?","M","E","M","M","R","B",null,"M","?","?","$","M","E","R","E","T","R","M","M","?","$","R","B",null,"M","$","?","M","M","R","E","M","T","M","R","M","?","M","R","B",null],"character_chosen":"IRONCLAD","items_purchased":["True Grit","HeartOfIron","Shrug It Off","Bronze Scales","Blind","Dead Branch","HeartOfIron"],"campfire_rested":5,"item_purchase_floors":[21,21,31,31,31,36,36],"current_hp_per_floor":[76,76,80,55,60,60,51,51,51,51,46,40,40,46,70,39,70,59,59,59,59,79,83,83,61,61,61,67,62,50,50,75,12,68,79,79,79,71,57,82,35,27,27,25,65,77,66,63,86,28],"gold":202,"neow_bonus":"THREE_CARDS","is_daily":false,"chose_seed":false,"campfire_upgraded":4,"win_rate":0.0,"timestamp":1610508321,"path_taken":["M","?","M","?","M","R","E","R","T","?","?","E","M","M","R","BOSS","M","?","?","$","M","E","R","E","T","R","M","?","?","$","R","BOSS","M","$","?","M","M","R","E","M","T","M","R","M","?","M","R","BOSS"],"items_purchased_type":["Card","Potion","Card","Relic","Card","Relic","Potion"],"build_version":"2020-12-22","purchased_purges":1,"victory":true,"max_hp_per_floor":[80,80,80,80,80,80,80,80,80,80,80,80,80,80,80,80,80,80,80,80,80,83,83,83,86,86,86,86,86,86,86,86,86,86,86,86,86,86,86,86,86,86,86,86,86,86,86,86,86,86],"card_choices":[{"not_picked":["Thunderclap","Havoc"],"picked":"Sword Boomerang","floor":0},{"not_picked":["Metallicize","Perfected Strike","Thunderclap"],"picked":"SKIP","floor":1},{"not_picked":["Havoc","Bloodletting"],"picked":"Heavy Blade","floor":3},{"not_picked":["Clash","Cleave"],"picked":"Headbutt","floor":5},{"not_picked":["Intimidate","Havoc"],"picked":"True Grit","floor":7},{"not_picked":["Twin Strike","Intimidate"],"picked":"Uppercut","floor":11},{"not_picked":["Bloodletting","Flex","Berserk"],"picked":"SKIP","floor":11},{"not_picked":["Warcry","Heavy Blade","Body Slam"],"picked":"SKIP","floor":12},{"not_picked":["Clash","Hemokinesis"],"picked":"True Grit","floor":13},{"not_picked":["Cleave","Inflame","Havoc"],"picked":"SKIP","floor":13},{"not_picked":["Iron Wave","Body Slam"],"picked":"Flame Barrier","floor":14},{"not_picked":["Anger","Wild Strike","Combust"],"picked":"SKIP","floor":14},{"not_picked":["Juggernaut","Exhume"],"picked":"Feed","floor":16},{"not_picked":["Intimidate","Evolve+1"],"picked":"Sentinel","floor":18},{"not_picked":["Combust","Reckless Charge+1","Evolve"],"picked":"SKIP","floor":18},{"not_picked":["Infernal Blade","Anger"],"picked":"Whirlwind","floor":22},{"not_picked":["Second Wind+1","Flex","Clothesline"],"picked":"SKIP","floor":22},{"not_picked":["Sever Soul","Fire Breathing+1","Perfected Strike"],"picked":"SKIP","floor":23},{"not_picked":["Twin Strike","Sever Soul"],"picked":"Body Slam","floor":25},{"not_picked":["Rage","Flex+1"],"picked":"Barricade","floor":28},{"not_picked":["Wild Strike","Hemokinesis+1","Headbutt+1"],"picked":"SKIP","floor":28},{"not_picked":["Twin Strike","Reaper"],"picked":"Shrug It Off","floor":29},{"not_picked":["Heavy Blade","Perfected Strike","Body Slam+1"],"picked":"SKIP","floor":29},{"not_picked":["Demon Form","Berserk"],"picked":"Limit Break","floor":33},{"not_picked":["Clash","Rupture+1"],"picked":"Shrug It Off+1","floor":35},{"not_picked":["Warcry","Shrug It Off"],"picked":"Armaments+1","floor":35},{"not_picked":["Sword Boomerang+1","Pommel Strike+1"],"picked":"Sever Soul","floor":38},{"not_picked":["Flex","Clothesline+1","Sword Boomerang"],"picked":"SKIP","floor":38},{"not_picked":["Intimidate","Shrug It Off"],"picked":"Pummel+1","floor":39},{"not_picked":["Ghostly Armor+1","Thunderclap+1"],"picked":"Seeing Red","floor":39},{"not_picked":["Warcry+1","Havoc"],"picked":"Seeing Red+1","floor":41},{"not_picked":["Berserk","Spot Weakness+1"],"picked":"Disarm","floor":42},{"not_picked":["Headbutt+1","Havoc"],"picked":"Sever Soul+1","floor":42},{"not_picked":["Body Slam","Dropkick+1"],"picked":"Warcry+1","floor":44},{"not_picked":["Body Slam+1","Rampage+1"],"picked":"Whirlwind+1","floor":44},{"not_picked":["Havoc+1","Pommel Strike"],"picked":"Bludgeon","floor":46},{"not_picked":["Searing Blow+1","Twin Strike+1","Clash"],"picked":"SKIP","floor":46},{"not_picked":["Sword Boomerang","True Grit"],"picked":"Shrug It Off+1","floor":48},{"not_picked":["Anger","Clothesline+1","Cleave+1"],"picked":"SKIP","floor":48}],"player_experience":400276,"relics_obtained":[{"floor":7,"key":"Prayer Wheel"},{"floor":9,"key":"White Beast Statue"},{"floor":10,"key":"Bag of Marbles"},{"floor":12,"key":"HornCleat"},{"floor":23,"key":"Self Forming Clay"},{"floor":25,"key":"Old Coin"},{"floor":26,"key":"Shuriken"},{"floor":41,"key":"Happy Flower"},{"floor":43,"key":"Regal Pillow"}],"event_choices":[{"damage_healed":0,"gold_gain":0,"player_choice":"Ignored","damage_taken":0,"max_hp_gain":0,"max_hp_loss":0,"event_name":"Liars Game","floor":2,"gold_loss":0},{"damage_healed":0,"gold_gain":0,"player_choice":"Success","damage_taken":25,"relics_obtained":["PreservedInsect"],"max_hp_gain":0,"max_hp_loss":0,"event_name":"Scrap Ooze","floor":4,"gold_loss":0},{"damage_healed":0,"gold_gain":0,"player_choice":"Relic","damage_taken":0,"max_hp_gain":0,"max_hp_loss":0,"event_name":"Wheel of Change","floor":10,"gold_loss":0},{"damage_healed":0,"gold_gain":0,"player_choice":"Read","damage_taken":0,"max_hp_gain":0,"max_hp_loss":0,"event_name":"The Library","floor":19,"gold_loss":0,"cards_obtained":["Shockwave"]},{"damage_healed":0,"gold_gain":0,"player_choice":"Upgraded","damage_taken":0,"max_hp_gain":0,"max_hp_loss":0,"event_name":"Upgrade Shrine","floor":20,"gold_loss":0,"cards_upgraded":["Shockwave"]},{"damage_healed":0,"gold_gain":0,"player_choice":"POTION ","damage_taken":12,"max_hp_gain":0,"max_hp_loss":0,"event_name":"Knowing Skull","floor":30,"potions_obtained":["LiquidMemories"],"gold_loss":0,"cards_obtained":[]},{"cards_removed":["Feed"],"damage_healed":0,"gold_gain":0,"player_choice":"Removed Attack","damage_taken":0,"max_hp_gain":0,"max_hp_loss":0,"event_name":"Falling","floor":37,"gold_loss":0},{"damage_healed":0,"gold_gain":0,"player_choice":"Embrace Madness","damage_taken":11,"max_hp_gain":0,"max_hp_loss":0,"event_name":"Winding Halls","floor":47,"gold_loss":0,"cards_obtained":["Madness","Madness"]}],"is_beta":false,"boss_relics":[{"not_picked":["Runic Dome","Mark of Pain"],"picked":"Snecko Eye"},{"not_picked":["Sozu","Calling Bell"],"picked":"Black Blood"}],"items_purged_floors":[21],"is_endless":false,"potions_floor_spawned":[1,7,11,12,13,14,16,18,22,23,25,28,29,33,35,38,39,41,42,44,46,48],"ascension_level":9}}