{"host":"Krakhan","time":1610510041,"event":{"mods":["AchievementEnabler","BaseMod","Colored Map","Colored Powertips","Faster Ascension Climbing","Highlight Path","Minty Spire (QoL Compilation)","Rare Cards Sparkle","Relic Stats","StSLib"],"gold_per_floor":[109,125,0,0,0,0,19,19,19,33,33,59,78,89,89,189,189,205,205,205,223,240,240,140,140,166,166,176,176,176,191,191,191,191],"floor_reached":33,"language":"ENG","playtime":986,"items_purged":["Defend_R","Strike_R"],"score":247,"play_id":"b040b9da-7f55-41ab-be00-cfaa27d9043e","local_time":"20210112225401","is_ascension_mode":false,"campfire_choices":[{"data":"Thunderclap","floor":6.0,"key":"SMITH"},{"data":"Reckless Charge","floor":8.0,"key":"SMITH"},{"data":"Metallicize","floor":15,"key":"SMITH"},{"data":"Limit Break","floor":23,"key":"SMITH"},{"data":"True Grit","floor":25,"key":"SMITH"},{"data":"Blood for Blood","floor":27,"key":"SMITH"},{"floor":29,"key":"REST"},{"data":"Shrug It Off","floor":32,"key":"SMITH"}],"circlet_count":0,"master_deck":["Strike_R+1","Strike_R+1","Strike_R+1","Strike_R+1","Defend_R+1","Defend_R+1","Defend_R+1","Bash+1","Reckless Charge+1","Thunderclap+1","Blood for Blood+1","Clothesline","Metallicize+1","Limit Break+1","Heavy Blade","True Grit+1","Shrug It Off+1"],"relics":["Busted Crown"],"acts_visited":["Exordium","TheCity"],"potions_floor_usage":[16,16,33],"damage_taken":[{"damage":8.0,"enemies":"2 Louse","floor":1.0,"turns":2.0},{"damage":1.0,"enemies":"Cultist","floor":2.0,"turns":3.0},{"damage":5.0,"enemies":"Small Slimes","floor":7.0,"turns":3.0},{"damage":4.0,"enemies":"2 Fungi Beasts","floor":10.0,"turns":2.0},{"damage":3.0,"enemies":"Gremlin Nob","floor":12.0,"turns":3.0},{"damage":0,"enemies":"Large Slime","floor":13,"turns":4},{"damage":7,"enemies":"Blue Slaver","floor":14,"turns":2},{"damage":16,"enemies":"The Guardian","floor":16,"turns":10},{"damage":20,"enemies":"Chosen","floor":18,"turns":5},{"damage":19,"enemies":"3 Byrds","floor":21,"turns":5},{"damage":11,"enemies":"Snecko","floor":22,"turns":5},{"damage":18,"enemies":"Centurion and Healer","floor":28,"turns":4},{"damage":2,"enemies":"Cultist and Chosen","floor":31,"turns":8},{"damage":48,"enemies":"Champ","floor":33,"turns":14}],"seed_played":"-4870695148836595613","potions_obtained":[{"floor":2.0,"key":"HeartOfIron"},{"floor":12,"key":"AttackPotion"},{"floor":22,"key":"SmokeBomb"},{"floor":31,"key":"Block Potion"}],"is_trial":false,"path_per_floor":["M","M","$","?","?","R","M","R","T","M","$","E","M","M","R","B",null,"M","?","?","M","M","R","$","R","T","R","M","R","?","M","R","B"],"character_chosen":"IRONCLAD","items_purchased":["Thunderclap"],"campfire_rested":1,"item_purchase_floors":[3],"current_hp_per_floor":[72,71,71,76,76,76,71,71,71,67,67,64,64,57,57,41,85,65,65,65,46,35,35,35,35,35,35,17,42,42,40,40,0,0],"gold":191,"neow_bonus":"BOSS_RELIC","is_daily":false,"chose_seed":false,"campfire_upgraded":7,"win_rate":0.0,"timestamp":1610510041,"path_taken":["M","M","$","?","?","R","?","R","T","M","?","E","M","M","R","BOSS","M","?","?","M","M","R","$","R","T","R","M","R","?","M","R","BOSS"],"items_purchased_type":["Card"],"build_version":"2020-12-18","purchased_purges":2,"victory":false,"max_hp_per_floor":[80,80,80,85,85,85,85,85,85,85,85,85,85,85,85,85,85,85,85,85,85,85,85,85,85,85,85,85,85,85,85,85,85,85],"relic_stats":{"Busted Crown":28,"counters":[14,70],"obtain_stats":[{"Busted Crown":0,"Burning Blood":0},{"Busted Crown":0,"Burning Blood":0},{"Busted Crown":0,"Burning Blood":0}]},"card_choices":[{"not_picked":["Shrug It Off"],"picked":"SKIP","floor":1.0},{"not_picked":[],"picked":"Reckless Charge","floor":2.0},{"not_picked":["Anger"],"picked":"SKIP","floor":7.0},{"not_picked":[],"picked":"Blood for Blood","floor":10.0},{"not_picked":[],"picked":"Clothesline","floor":12},{"not_picked":["Headbutt"],"picked":"SKIP","floor":13},{"not_picked":[],"picked":"Metallicize","floor":14},{"not_picked":[],"picked":"Limit Break","floor":16},{"not_picked":[],"picked":"Heavy Blade","floor":18},{"not_picked":[],"picked":"True Grit","floor":21},{"not_picked":["Armaments"],"picked":"SKIP","floor":22},{"not_picked":["Searing Blow"],"picked":"SKIP","floor":28},{"not_picked":[],"picked":"Shrug It Off","floor":31}],"player_experience":1313779,"relics_obtained":[],"event_choices":[{"damage_healed":0.0,"max_hp_gain":5.0,"max_hp_loss":0.0,"gold_gain":0.0,"event_name":"Big Fish","player_choice":"Donut","floor":4.0,"gold_loss":0.0,"damage_taken":0.0},{"damage_healed":0.0,"max_hp_gain":0.0,"max_hp_loss":0.0,"gold_gain":0.0,"event_name":"Upgrade Shrine","player_choice":"Upgraded","floor":5.0,"gold_loss":0.0,"damage_taken":0.0,"cards_upgraded":["Bash"]},{"damage_healed":0,"gold_gain":0,"player_choice":"Ignored","damage_taken":0,"max_hp_gain":0,"max_hp_loss":0,"event_name":"Cursed Tome","floor":19,"gold_loss":0},{"damage_healed":0,"gold_gain":0,"player_choice":"Ignored","damage_taken":0,"max_hp_gain":0,"max_hp_loss":0,"event_name":"The Mausoleum","floor":20,"gold_loss":0},{"damage_healed":0,"gold_gain":0,"player_choice":"Simplicity","damage_taken":0,"max_hp_gain":0,"max_hp_loss":0,"event_name":"Back to Basics","floor":30,"gold_loss":0,"cards_upgraded":["Strike_R","Strike_R","Strike_R","Strike_R","Defend_R","Defend_R","Defend_R"]}],"is_beta":true,"boss_relics":[{"not_picked":["Runic Dome","Snecko Eye","Calling Bell"]}],"items_purged_floors":[3,24],"is_endless":false,"potions_floor_spawned":[2,12,22,31],"killed_by":"Champ","ascension_level":0}}