{"host":"mai03x2ekbjy4059","time":1610534118,"event":{"mods":["2.2 Compatiblity","BaseMod","DeckTracker","Highlight Path","Keyboard Shortcuts","Minty Spire (QoL Compilation)","Permanent Neow","Quick Restart","SuperFastMode","everything is the same but u backflip on backflip"],"gold_per_floor":[410,460,311,322,222,222,272,298,321,333,370,396,442,454,466,553,565,596,625,637,564,594,606,606],"floor_reached":23,"language":"KOR","playtime":727,"items_purged":["Defend_P","Strike_P"],"score":522,"play_id":"5e1ab324-5e18-4a1e-9ad7-223c2eb9a6c9","local_time":"20210113193518","is_ascension_mode":true,"campfire_choices":[{"data":"Eruption","floor":6.0,"key":"SMITH"},{"floor":15.0,"key":"REST"}],"circlet_count":0,"master_deck":["AscendersBane","Strike_P","Strike_P","Strike_P+1","Defend_P","Defend_P","Eruption+1","Vigilance","FlurryOfBlows+1","InnerPeace","LikeWater","MentalFortress"],"relics":["PureWater","Old Coin","Juzu Bracelet","MawBank","Vajra","Pen Nib","Sozu","Orichalcum"],"acts_visited":["Exordium","TheCity"],"potions_floor_usage":[],"damage_taken":[{"damage":3.0,"enemies":"Small Slimes","floor":1.0,"turns":3.0},{"damage":0.0,"enemies":"Cultist","floor":4.0,"turns":3.0},{"damage":14.0,"enemies":"Gremlin Nob","floor":8.0,"turns":3.0},{"damage":0.0,"enemies":"3 Sentries","floor":11.0,"turns":11.0},{"damage":2.0,"enemies":"2 Louse","floor":12.0,"turns":2.0},{"damage":10.0,"enemies":"Gremlin Nob","floor":13.0,"turns":3.0},{"damage":0.0,"enemies":"Slime Boss","floor":16.0,"turns":5.0},{"damage":0.0,"enemies":"Spheric Guardian","floor":18.0,"turns":3.0},{"damage":0.0,"enemies":"3 Byrds","floor":19.0,"turns":4.0},{"damage":10.0,"enemies":"Centurion and Healer","floor":22.0,"turns":5.0},{"damage":78,"enemies":"Book of Stabbing","floor":23,"turns":3}],"seed_played":"-7726792128801487966","potions_obtained":[{"floor":1.0,"key":"EssenceOfSteel"},{"floor":8.0,"key":"Dexterity Potion"},{"floor":11.0,"key":"StancePotion"},{"floor":16.0,"key":"AttackPotion"}],"is_trial":false,"path_per_floor":["M","?","$","M","$","R","?","E","T","?","E","M","E","?","R","B",null,"M","M","?","?","M","E"],"character_chosen":"WATCHER","items_purchased":["InnerPeace"],"campfire_rested":1,"item_purchase_floors":[3],"current_hp_per_floor":[58,52,52,52,52,52,52,38,38,19,19,17,7,7,25,25,53,53,53,53,53,43,0,0],"gold":606,"neow_bonus":"ONE_RARE_RELIC","is_daily":false,"chose_seed":false,"campfire_upgraded":1,"win_rate":0.0,"timestamp":1610534118,"path_taken":["M","?","?","M","$","R","?","E","T","?","E","M","E","?","R","BOSS","M","M","?","?","M","E"],"items_purchased_type":["Card"],"build_version":"2020-12-22","purchased_purges":2,"victory":false,"max_hp_per_floor":[62,62,62,62,62,62,62,62,62,62,62,62,62,62,62,62,62,62,62,62,62,62,62,62],"card_choices":[{"not_picked":["Tantrum","TalkToTheHand"],"picked":"FlurryOfBlows","floor":1.0},{"not_picked":["JustLucky","Study","ThirdEye"],"picked":"SKIP","floor":4.0},{"not_picked":["Sanctity","EmptyFist","EmptyMind"],"picked":"SKIP","floor":8.0},{"not_picked":["LikeWater","PathToVictory","SashWhip"],"picked":"SKIP","floor":11.0},{"not_picked":["WreathOfFlame","Evaluate","LikeWater"],"picked":"SKIP","floor":12.0},{"not_picked":["Swivel","Prostrate","ForeignInfluence"],"picked":"SKIP","floor":13.0},{"not_picked":["EmptyBody","Prostrate","SignatureMove"],"picked":"SKIP","floor":18.0},{"not_picked":["Consecrate","FlyingSleeves","BattleHymn"],"picked":"SKIP","floor":19.0},{"not_picked":["Sanctity","ReachHeaven"],"picked":"MentalFortress","floor":22.0}],"player_experience":1087725,"relics_obtained":[{"floor":8.0,"key":"Juzu Bracelet"},{"floor":9.0,"key":"MawBank"},{"floor":11.0,"key":"Vajra"},{"floor":13.0,"key":"Pen Nib"}],"event_choices":[{"damage_healed":0.0,"max_hp_gain":0.0,"max_hp_loss":0.0,"gold_gain":50.0,"event_name":"FaceTrader","player_choice":"Touch","floor":2.0,"gold_loss":0.0,"damage_taken":6.0},{"damage_healed":0.0,"max_hp_gain":0.0,"max_hp_loss":0.0,"gold_gain":50.0,"event_name":"Golden Shrine","player_choice":"Pray","floor":7.0,"gold_loss":0.0,"damage_taken":0.0},{"damage_healed":0.0,"max_hp_gain":0.0,"max_hp_loss":0.0,"gold_gain":0.0,"event_name":"Shining Light","player_choice":"Entered Light","floor":10.0,"gold_loss":0.0,"damage_taken":19.0,"cards_upgraded":["Strike_P","FlurryOfBlows"]},{"damage_healed":0.0,"max_hp_gain":0.0,"max_hp_loss":0.0,"gold_gain":0.0,"event_name":"Match and Keep!","player_choice":"0 cards matched","floor":14.0,"gold_loss":0.0,"damage_taken":0.0,"cards_obtained":[]},{"damage_healed":0.0,"max_hp_gain":0.0,"max_hp_loss":0.0,"gold_gain":0.0,"cards_transformed":["Defend_P"],"event_name":"Transmorgrifier","player_choice":"Transformed","floor":20.0,"gold_loss":0.0,"damage_taken":0.0,"cards_obtained":["LikeWater"]},{"damage_healed":0.0,"max_hp_gain":0.0,"max_hp_loss":0.0,"gold_gain":0.0,"event_name":"Addict","player_choice":"Obtained Relic","floor":21.0,"gold_loss":85.0,"damage_taken":0.0,"relics_obtained":["Orichalcum"]}],"is_beta":false,"boss_relics":[{"not_picked":["Runic Dome","Fusion Hammer"],"picked":"Sozu"}],"items_purged_floors":[3,5],"is_endless":false,"potions_floor_spawned":[1,8,11,16,18],"killed_by":"Book of Stabbing","ascension_level":17}}