{"host":"52lujqhsyicpcskq","time":1610561133,"event":{"mods":["BaseMod","Colored Map","DeckTracker","Minty Spire (QoL Compilation)","Permanent Neow","StSLib","SuperFastMode","everything is the same but u backflip on backflip"],"gold_per_floor":[117,137,137,137,153,186,186,218,218,168,168,23,40,69,69,69,69],"floor_reached":16,"language":"KOR","playtime":419,"items_purged":[],"score":189,"play_id":"e6d5f1d6-10bb-4ea7-873d-8ee94c87be12","local_time":"20210114030533","is_ascension_mode":true,"campfire_choices":[{"floor":7,"key":"REST"},{"floor":11,"key":"REST"},{"data":"Catalyst","floor":15,"key":"SMITH"}],"circlet_count":0,"master_deck":["AscendersBane","Strike_G","Strike_G","Strike_G","Strike_G","Defend_G","Defend_G","Defend_G","Defend_G","Defend_G","Survivor","Neutralize","Noxious Fumes","Dodge and Roll","Dagger Spray","Endless Agony","Deadly Poison","Corpse Explosion","Footwork","Catalyst+1","Backflip","Quick Slash"],"relics":["Ring of the Snake","Blue Candle","Darkstone Periapt","Kunai","Dream Catcher"],"acts_visited":["Exordium"],"potions_floor_usage":[8,14,16],"damage_taken":[{"damage":1,"enemies":"Small Slimes","floor":1,"turns":4},{"damage":6,"enemies":"Jaw Worm","floor":2,"turns":5},{"damage":0,"enemies":"Cultist","floor":5,"turns":5},{"damage":28,"enemies":"3 Sentries","floor":6,"turns":7},{"damage":33,"enemies":"Gremlin Nob","floor":8,"turns":5},{"damage":2,"enemies":"Exordium Wildlife","floor":13,"turns":3},{"damage":18,"enemies":"Lagavulin","floor":14,"turns":7},{"damage":28,"enemies":"Slime Boss","floor":16,"turns":3}],"seed_played":"-4278236738422882442","potions_obtained":[{"floor":2,"key":"BlessingOfTheForge"},{"floor":8,"key":"BlessingOfTheForge"},{"floor":14,"key":"ColorlessPotion"}],"is_trial":false,"path_per_floor":["M","M","?","?","M","E","R","E","T","?","R","$","M","E","R","B"],"character_chosen":"THE_SILENT","items_purchased":["Footwork","Catalyst"],"campfire_rested":2,"item_purchase_floors":[12,12],"current_hp_per_floor":[62,56,61,54,54,26,48,15,15,15,37,37,35,17,17,0,0],"gold":69,"neow_bonus":"THREE_CARDS","is_daily":false,"chose_seed":false,"campfire_upgraded":1,"win_rate":0.0,"timestamp":1610561133,"path_taken":["M","M","?","?","M","E","R","E","T","?","R","$","?","E","R","BOSS"],"items_purchased_type":["Card","Card"],"build_version":"2020-12-22","purchased_purges":0,"victory":false,"max_hp_per_floor":[70,70,75,75,75,75,75,75,75,75,75,75,75,75,75,75,75],"card_choices":[{"not_picked":["Eviscerate","Prepared"],"picked":"Noxious Fumes","floor":0},{"not_picked":["Infinite Blades","Flying Knee"],"picked":"Dodge and Roll","floor":1},{"not_picked":["Prepared","Bane"],"picked":"Dagger Spray","floor":2},{"not_picked":["Blade Dance","Deflect"],"picked":"Endless Agony","floor":5},{"not_picked":["Expertise","Flechettes"],"picked":"Deadly Poison","floor":6},{"not_picked":["Concentrate","Deflect"],"picked":"Corpse Explosion","floor":8},{"not_picked":["Flechettes","Reflex"],"picked":"Backflip","floor":13},{"not_picked":["Masterful Stab","Outmaneuver"],"picked":"Quick Slash","floor":14}],"player_experience":698956,"relics_obtained":[{"floor":6,"key":"Blue Candle"},{"floor":8,"key":"Darkstone Periapt"},{"floor":9,"key":"Kunai"},{"floor":14,"key":"Dream Catcher"}],"event_choices":[{"damage_healed":0,"gold_gain":0,"player_choice":"Donut","damage_taken":0,"max_hp_gain":5,"max_hp_loss":0,"event_name":"Big Fish","floor":3,"gold_loss":0},{"cards_removed":["Strike_G"],"damage_healed":0,"gold_gain":0,"player_choice":"Card Removal","damage_taken":7,"max_hp_gain":0,"max_hp_loss":0,"event_name":"Golden Wing","floor":4,"gold_loss":0},{"damage_healed":0,"gold_gain":0,"player_choice":"Left Gold","damage_taken":0,"max_hp_gain":0,"max_hp_loss":0,"event_name":"World of Goop","floor":10,"gold_loss":50}],"is_beta":false,"boss_relics":[],"items_purged_floors":[],"is_endless":false,"potions_floor_spawned":[2,8,14],"killed_by":"Slime Boss","ascension_level":12}}