{"host":"i0avyit1s6jb1siw","time":1610574324,"event":{"mods":["BaseMod","DeckTracker","Dota2Spire","Highlight Path","Minty Spire (QoL Compilation)","Quick Restart","StSLib","SuperFastMode"],"gold_per_floor":[112,26,26,44,44,44,69,87,87,87,105,105,122,152,152,223,273,285,301,226,226,240,266,266,294,294,321,246,246,285,312,312,392,392,410,419,438,14,41,76,97,117,117,157,182,209,209,209,209,209,209,209,209,109,134,134,134],"floor_reached":56,"language":"ENG","playtime":1508,"items_purged":["Strike_G","Strike_G+1","Corpse Explosion"],"score":2244,"play_id":"6638e096-e0f9-4f26-935a-8e309e5f02bc","local_time":"20210113224524","is_ascension_mode":true,"campfire_choices":[{"data":"Blade Dance","floor":6.0,"key":"SMITH"},{"data":"Cloak And Dagger","floor":10.0,"key":"SMITH"},{"data":"Finisher","floor":12.0,"key":"SMITH"},{"floor":15.0,"key":"REST"},{"data":"Phantasmal Killer","floor":24.0,"key":"SMITH"},{"floor":29.0,"key":"REST"},{"data":"Accuracy","floor":32.0,"key":"SMITH"},{"data":"Accuracy","floor":47,"key":"SMITH"},{"floor":49,"key":"RECALL"},{"data":"Cloak And Dagger","floor":53,"key":"SMITH"}],"circlet_count":0,"master_deck":["AscendersBane","Defend_G","Defend_G","Defend_G","Defend_G","Defend_G","Survivor","Neutralize","Flying Knee","Dash","Blade Dance+1","Cloak And Dagger+1","Finisher+1","Blade Dance","Deflect","Phantasmal Killer+1","Accuracy+1","Cloak And Dagger+1","Acrobatics","Infinite Blades+1","Reflex","Burst","PiercingWail","Accuracy+1","Infinite Blades","Footwork+1","Backflip"],"relics":["Ring of the Snake","Dota2Spire:PowerTreads","Letter Opener","The Specimen","Sundial","Gambling Chip","Tiny House","Ancient Tea Set","CeramicFish","The Courier","Dota2Spire:LotusOrb","Dota2Spire:BattleFury","Dota2Spire:RefresherOrb","Kunai","Vajra","Mercury Hourglass","Mummified Hand","PreservedInsect","Anchor"],"acts_visited":["Exordium","TheCity","TheBeyond","TheEnding"],"potions_floor_usage":[56],"damage_taken":[{"damage":1.0,"enemies":"Small Slimes","floor":1.0,"turns":3.0},{"damage":4.0,"enemies":"Jaw Worm","floor":4.0,"turns":5.0},{"damage":28.0,"enemies":"Gremlin Nob","floor":7.0,"turns":4.0},{"damage":0.0,"enemies":"2 Louse","floor":8.0,"turns":3.0},{"damage":0.0,"enemies":"Gremlin Gang","floor":11.0,"turns":4.0},{"damage":1.0,"enemies":"Looter","floor":13.0,"turns":3.0},{"damage":7.0,"enemies":"Lagavulin","floor":14.0,"turns":5.0},{"damage":14.0,"enemies":"The Guardian","floor":16.0,"turns":10.0},{"damage":0.0,"enemies":"3 Byrds","floor":18.0,"turns":4.0},{"damage":4.0,"enemies":"2 Thieves","floor":19.0,"turns":3.0},{"damage":6.0,"enemies":"Chosen and Byrds","floor":22.0,"turns":6.0},{"damage":17.0,"enemies":"Slavers","floor":23.0,"turns":6.0},{"damage":0.0,"enemies":"Gremlin Leader","floor":25.0,"turns":3.0},{"damage":16.0,"enemies":"Slavers","floor":27.0,"turns":4.0},{"damage":0.0,"enemies":"Book of Stabbing","floor":30.0,"turns":1.0},{"damage":9.0,"enemies":"Snecko","floor":31.0,"turns":3.0},{"damage":12.0,"enemies":"Champ","floor":33.0,"turns":6.0},{"damage":9,"enemies":"3 Shapes","floor":35,"turns":4},{"damage":0,"enemies":"3 Darklings","floor":37,"turns":3},{"damage":0,"enemies":"4 Shapes","floor":39,"turns":1},{"damage":9,"enemies":"Nemesis","floor":40,"turns":3},{"damage":0,"enemies":"Spire Growth","floor":41,"turns":2},{"damage":0,"enemies":"Jaw Worm Horde","floor":42,"turns":1},{"damage":2,"enemies":"Reptomancer","floor":44,"turns":3},{"damage":0,"enemies":"Transient","floor":45,"turns":6},{"damage":0,"enemies":"Spire Growth","floor":46,"turns":2},{"damage":0,"enemies":"Donu and Deca","floor":50,"turns":3},{"damage":27,"enemies":"Time Eater","floor":51,"turns":6},{"damage":0,"enemies":"Shield and Spear","floor":55,"turns":2},{"damage":64,"enemies":"The Heart","floor":56,"turns":2}],"seed_played":"-1444306314760804520","potions_obtained":[{"floor":4.0,"key":"Strength Potion"},{"floor":8.0,"key":"Swift Potion"},{"floor":11.0,"key":"SneckoOil"},{"floor":13.0,"key":"CunningPotion"},{"floor":18.0,"key":"Strength Potion"},{"floor":23.0,"key":"Fire Potion"},{"floor":30.0,"key":"CunningPotion"},{"floor":31.0,"key":"DuplicationPotion"}],"is_trial":false,"path_per_floor":["M","$","?","M","?","R","E","M","T","R","M","R","M","E","R","B",null,"M","M","$","?","M","E","R","E","T","E","?","R","E","M","R","B",null,"M","?","M","$","M","E","M","M","T","E","M","M","R","?","R","B","B",null,"R","$","E","B"],"character_chosen":"THE_SILENT","items_purchased":["Dash","Kunai","Vajra"],"campfire_rested":2,"item_purchase_floors":[2,38,38],"current_hp_per_floor":[58,58,63,59,54,54,26,26,26,26,26,26,25,18,39,25,65,65,61,61,61,55,38,38,38,38,22,22,44,44,35,35,23,63,54,54,54,54,54,45,45,45,45,43,43,43,43,43,43,43,16,61,61,61,61,0,0],"gold":134,"neow_bonus":"RANDOM_COMMON_RELIC","is_daily":false,"chose_seed":false,"campfire_upgraded":7,"win_rate":0.0,"timestamp":1610574324,"path_taken":["M","$","?","M","?","R","E","M","T","R","M","R","?","E","R","BOSS","M","M","$","?","?","E","R","E","T","E","?","R","E","M","R","BOSS","M","?","?","$","M","E","M","M","T","E","M","M","R","?","R","BOSS","BOSS","R","$","E","BOSS"],"items_purchased_type":["Card","Relic","Relic"],"build_version":"2020-12-22","purchased_purges":3,"victory":false,"max_hp_per_floor":[66,66,71,71,71,71,71,71,71,71,71,71,71,71,71,71,76,76,76,76,76,76,76,76,76,76,76,76,76,76,76,76,76,76,76,76,76,76,76,76,76,76,76,76,76,76,76,76,76,76,76,76,76,76,76,76,76],"card_choices":[{"not_picked":["Prepared","Slice"],"picked":"Flying Knee","floor":1.0},{"not_picked":["Quick Slash","Riddle With Holes"],"picked":"Blade Dance","floor":4.0},{"not_picked":["Venomology","Dagger Spray"],"picked":"Cloak And Dagger","floor":7.0},{"not_picked":["Bane","Tactician","Deflect"],"picked":"SKIP","floor":8.0},{"not_picked":["Concentrate","Crippling Poison"],"picked":"Finisher","floor":11.0},{"not_picked":["Predator","Skewer"],"picked":"Blade Dance","floor":13.0},{"not_picked":["Slice","Deflect","Flying Knee"],"picked":"SKIP","floor":14.0},{"not_picked":["Slice","Flying Knee"],"picked":"Deflect","floor":14.0},{"not_picked":["Malaise","Unload"],"picked":"Phantasmal Killer","floor":16.0},{"not_picked":["Cloak And Dagger","Poisoned Stab"],"picked":"Accuracy","floor":17.0},{"not_picked":["Outmaneuver","Dagger Spray"],"picked":"Cloak And Dagger","floor":18.0},{"not_picked":["Backflip","Cloak And Dagger","Well Laid Plans"],"picked":"SKIP","floor":19.0},{"not_picked":["Heel Hook","Slice","Dodge and Roll"],"picked":"SKIP","floor":22.0},{"not_picked":["Crippling Poison","Finisher","Concentrate"],"picked":"SKIP","floor":23.0},{"not_picked":["Noxious Fumes","Outmaneuver","Crippling Poison"],"picked":"SKIP","floor":25.0},{"not_picked":["Backflip","Night Terror","Setup"],"picked":"SKIP","floor":27.0},{"not_picked":["Flying Knee","Sucker Punch"],"picked":"Infinite Blades+1","floor":30.0},{"not_picked":["Dagger Spray+1","Prepared"],"picked":"Reflex","floor":31.0},{"not_picked":["Envenom","Grand Finale"],"picked":"Burst","floor":33.0},{"not_picked":["All Out Attack+1","Poisoned Stab","Blade Dance+1"],"picked":"SKIP","floor":35},{"not_picked":["Catalyst+1","Riddle With Holes+1","Sucker Punch"],"picked":"SKIP","floor":37},{"not_picked":["Blade Dance+1","Deadly Poison"],"picked":"PiercingWail","floor":39},{"not_picked":["Corpse Explosion","PiercingWail","Poisoned Stab+1"],"picked":"SKIP","floor":40},{"not_picked":["Heel Hook","Crippling Poison+1"],"picked":"Accuracy","floor":41},{"not_picked":["Acrobatics","PiercingWail","Slice+1"],"picked":"SKIP","floor":42},{"not_picked":["Distraction+1","Reflex+1"],"picked":"Infinite Blades","floor":44},{"not_picked":["Flying Knee","Caltrops"],"picked":"Footwork+1","floor":45},{"not_picked":["Riddle With Holes","Endless Agony"],"picked":"Backflip","floor":46},{"not_picked":["Quick Slash+1","Slice","Storm of Steel"],"picked":"SKIP","floor":55}],"player_experience":2230386,"relics_obtained":[{"floor":7.0,"key":"The Specimen"},{"floor":9.0,"key":"Sundial"},{"floor":14.0,"key":"Gambling Chip"},{"floor":23.0,"key":"Ancient Tea Set"},{"floor":25.0,"key":"CeramicFish"},{"floor":26.0,"key":"The Courier"},{"floor":27.0,"key":"Dota2Spire:LotusOrb"},{"floor":30.0,"key":"Dota2Spire:BattleFury"},{"floor":40,"key":"Mercury Hourglass"},{"floor":44,"key":"PreservedInsect"},{"floor":55,"key":"Anchor"}],"event_choices":[{"damage_healed":0.0,"max_hp_gain":5.0,"max_hp_loss":0.0,"gold_gain":0.0,"event_name":"Big Fish","player_choice":"Donut","floor":3.0,"gold_loss":0.0,"damage_taken":0.0},{"damage_healed":0.0,"max_hp_gain":0.0,"max_hp_loss":0.0,"gold_gain":0.0,"event_name":"Scrap Ooze","player_choice":"Success","floor":5.0,"gold_loss":0.0,"damage_taken":5.0,"relics_obtained":["Letter Opener"]},{"damage_healed":0.0,"max_hp_gain":0.0,"max_hp_loss":0.0,"gold_gain":0.0,"cards_transformed":["Strike_G"],"event_name":"Transmorgrifier","player_choice":"Transformed","floor":21.0,"gold_loss":0.0,"damage_taken":0.0,"cards_obtained":["Acrobatics"]},{"cards_removed":["Strike_G"],"damage_healed":0.0,"max_hp_gain":0.0,"max_hp_loss":0.0,"gold_gain":0.0,"event_name":"Beggar","player_choice":"Gave Gold","floor":28.0,"gold_loss":75.0,"damage_taken":0.0},{"damage_healed":0,"gold_gain":0,"cards_transformed":["Strike_G"],"player_choice":"Transformed","damage_taken":0,"max_hp_gain":0,"max_hp_loss":0,"event_name":"Transmorgrifier","floor":36,"gold_loss":0,"cards_obtained":["Corpse Explosion"]},{"damage_healed":0,"gold_gain":0,"player_choice":"Ignored","damage_taken":0,"max_hp_gain":0,"max_hp_loss":0,"event_name":"Tomb of Lord Red Mask","floor":48,"gold_loss":0}],"is_beta":false,"boss_relics":[{"not_picked":["Black Star","Coffee Dripper"],"picked":"Tiny House"},{"not_picked":["Pandora\u0027s Box","Snecko Eye"],"picked":"Dota2Spire:RefresherOrb"}],"items_purged_floors":[20,38,54],"is_endless":false,"potions_floor_spawned":[4,8,11,13,16,18,22,23,30,31,37,41,42,45],"killed_by":"The Heart","ascension_level":20}}