{"host":"ao4lxi9bhtts409i","time":1610571286,"event":{"mods":["AchievementEnabler","BaseMod","Colored Map","Colored Powertips","Minty Spire (QoL Compilation)","SuperFastMode"],"gold_per_floor":[115,115,69,79,79,108,108,138,138,155,155,165,191,207,207,308,308,323,340,75,90,109,143,143,143,143],"floor_reached":25,"language":"ENG","playtime":1290,"items_purged":["Strike_B"],"score":281,"play_id":"ca47edae-3ff3-4751-a35a-474634592990","local_time":"20210113215446","is_ascension_mode":true,"campfire_choices":[{"data":"Ball Lightning","floor":7,"key":"SMITH"},{"data":"Genetic Algorithm","floor":11,"key":"SMITH"},{"data":"Hello World","floor":15,"key":"SMITH"}],"circlet_count":0,"master_deck":["Strike_B+1","Strike_B+1","Defend_B+1","Defend_B+1","Defend_B+1","Defend_B+1","Zap","Dualcast","BootSequence","Coolheaded","Ball Lightning+1","Redo","Genetic Algorithm+1","Stack","Hello World+1","Ball Lightning","Hyperbeam","Consume+1","Cold Snap","Self Repair","Conserve Battery+1","Echo Form"],"relics":["Cracked Core","NeowsBlessing","The Courier","Orichalcum","Ornamental Fan","Strawberry","Sozu","Toxic Egg 2","Calipers"],"acts_visited":["Exordium","TheCity"],"potions_floor_usage":[13,14,16,25],"damage_taken":[{"damage":0,"enemies":"Small Slimes","floor":1,"turns":1},{"damage":0,"enemies":"Cultist","floor":4,"turns":1},{"damage":0,"enemies":"Gremlin Nob","floor":6,"turns":1},{"damage":7,"enemies":"Lagavulin","floor":8,"turns":6},{"damage":0,"enemies":"Jaw Worm","floor":10,"turns":2},{"damage":2,"enemies":"Looter","floor":12,"turns":3},{"damage":10,"enemies":"3 Sentries","floor":13,"turns":7},{"damage":7,"enemies":"2 Fungi Beasts","floor":14,"turns":4},{"damage":14,"enemies":"The Guardian","floor":16,"turns":11},{"damage":0,"enemies":"Chosen","floor":18,"turns":4},{"damage":6,"enemies":"Shell Parasite","floor":19,"turns":4},{"damage":10,"enemies":"Snake Plant","floor":21,"turns":4},{"damage":11,"enemies":"Shelled Parasite and Fungi","floor":22,"turns":9},{"damage":32,"enemies":"Slavers","floor":23,"turns":5},{"damage":41,"enemies":"Gremlin Leader","floor":25,"turns":4}],"seed_played":"-2579513657466341265","potions_obtained":[{"floor":6,"key":"Strength Potion"},{"floor":8,"key":"PotionOfCapacity"},{"floor":10,"key":"ColorlessPotion"},{"floor":12,"key":"Weak Potion"},{"floor":13,"key":"AttackPotion"}],"is_trial":false,"path_per_floor":["M","?","$","M","?","E","R","E","T","M","R","M","E","M","R","B",null,"M","M","$","M","M","E","?","E"],"character_chosen":"DEFECT","items_purchased":["Coolheaded","Toxic Egg 2"],"campfire_rested":0,"item_purchase_floors":[3,20],"current_hp_per_floor":[75,60,60,60,60,60,60,53,53,53,53,51,48,41,41,27,82,82,76,76,66,62,37,37,0,0],"gold":143,"neow_bonus":"THREE_ENEMY_KILL","is_daily":false,"chose_seed":false,"campfire_upgraded":3,"win_rate":0.0,"timestamp":1610571286,"path_taken":["M","?","$","M","?","E","R","E","T","M","R","M","E","M","R","BOSS","M","M","?","M","?","E","?","E"],"items_purchased_type":["Card","Relic"],"build_version":"2020-12-22","purchased_purges":1,"victory":false,"max_hp_per_floor":[75,75,75,75,75,75,75,75,75,75,75,75,82,82,82,82,82,82,82,82,82,82,82,82,82,82],"card_choices":[{"not_picked":["Stack","Hologram"],"picked":"BootSequence","floor":1},{"not_picked":["Barrage","Aggregate"],"picked":"Ball Lightning","floor":4},{"not_picked":["Lockon","Darkness"],"picked":"Redo","floor":6},{"not_picked":["Heatsinks","Leap","Melter"],"picked":"SKIP","floor":8},{"not_picked":["Sweeping Beam","Cold Snap"],"picked":"Genetic Algorithm","floor":10},{"not_picked":["Double Energy","Beam Cell"],"picked":"Stack","floor":12},{"not_picked":["Steam","Leap"],"picked":"Hello World","floor":13},{"not_picked":["Beam Cell","Amplify"],"picked":"Ball Lightning","floor":14},{"not_picked":["Meteor Strike","Rainbow"],"picked":"Hyperbeam","floor":16},{"not_picked":["Tempest","Ball Lightning"],"picked":"Consume+1","floor":18},{"not_picked":["FTL","Steam"],"picked":"Cold Snap","floor":19},{"not_picked":["Steam Power+1","Redo+1"],"picked":"Self Repair","floor":21},{"not_picked":["Cold Snap+1","Reprogram+1"],"picked":"Conserve Battery+1","floor":22},{"not_picked":["Conserve Battery+1","Undo+1"],"picked":"Echo Form","floor":23}],"player_experience":195008,"relics_obtained":[{"floor":6,"key":"The Courier"},{"floor":8,"key":"Orichalcum"},{"floor":9,"key":"Ornamental Fan"},{"floor":13,"key":"Strawberry"},{"floor":23,"key":"Calipers"}],"event_choices":[{"damage_healed":0,"gold_gain":0,"player_choice":"Entered Light","damage_taken":15,"max_hp_gain":0,"max_hp_loss":0,"event_name":"Shining Light","floor":2,"gold_loss":0,"cards_upgraded":["Defend_B","Strike_B"]},{"cards_removed":["Strike_B"],"damage_healed":0,"gold_gain":0,"player_choice":"Purged","damage_taken":0,"max_hp_gain":0,"max_hp_loss":0,"event_name":"Purifier","floor":5,"gold_loss":0},{"damage_healed":0,"gold_gain":0,"player_choice":"Simplicity","damage_taken":0,"max_hp_gain":0,"max_hp_loss":0,"event_name":"Back to Basics","floor":24,"gold_loss":0,"cards_upgraded":["Strike_B","Defend_B","Defend_B","Defend_B"]}],"is_beta":false,"boss_relics":[{"not_picked":["Fusion Hammer","Empty Cage"],"picked":"Sozu"}],"items_purged_floors":[20],"is_endless":false,"potions_floor_spawned":[6,8,10,12,13,19,21,22],"killed_by":"Gremlin Leader","ascension_level":1}}