{"host":"oigynbtg272c19pw","time":1610573921,"event":{"mods":["BaseMod","Colored Map","Minty Spire (QoL Compilation)","Relic Stats","StSLib"],"gold_per_floor":[19,30,30,30,48,48,82,111,111,111,125,125,156,23,23,95,95,73,73,91,91,91],"floor_reached":21,"playtime":922,"items_purged":["Strike_R"],"score":374,"play_id":"d2b586d3-28a7-4185-937e-876e3a324475","local_time":"20210113223841","is_ascension_mode":true,"campfire_choices":[{"data":"Flex","floor":6,"key":"SMITH"},{"data":"The Bomb","floor":10,"key":"SMITH"},{"floor":12,"key":"REST"},{"data":"Second Wind","floor":15,"key":"SMITH"}],"circlet_count":0,"master_deck":["AscendersBane","Strike_R","Strike_R","Defend_R","Defend_R","Defend_R","Defend_R","Bash","The Bomb+1","Flex+1","Sword Boomerang","Bloodletting","Reckless Charge","Evolve","Second Wind+1","Shrug It Off","Barricade"],"relics":["Burning Blood","Eternal Feather","Odd Mushroom","Art of War","Philosopher\u0027s Stone"],"acts_visited":["Exordium","TheCity"],"potions_floor_usage":[16,21],"damage_taken":[{"damage":4,"enemies":"2 Louse","floor":1,"turns":5},{"damage":9,"enemies":"Jaw Worm","floor":2,"turns":4},{"damage":5,"enemies":"Small Slimes","floor":5,"turns":5},{"damage":32,"enemies":"Lagavulin","floor":7,"turns":8},{"damage":24,"enemies":"The Mushroom Lair","floor":8,"turns":4},{"damage":21,"enemies":"Exordium Thugs","floor":11,"turns":4},{"damage":20,"enemies":"3 Sentries","floor":13,"turns":5},{"damage":30,"enemies":"Hexaghost","floor":16,"turns":9},{"damage":12,"enemies":"2 Thieves","floor":18,"turns":4},{"damage":21,"enemies":"Shell Parasite","floor":20,"turns":6},{"damage":45,"enemies":"Shelled Parasite and Fungi","floor":21,"turns":4}],"seed_played":"-5705185818277960254","potions_obtained":[{"floor":2,"key":"DuplicationPotion"},{"floor":8,"key":"Weak Potion"},{"floor":18,"key":"CultistPotion"},{"floor":19,"key":"Swift Potion"}],"is_trial":false,"path_per_floor":["M","M","?","?","M","R","E","?","T","R","M","R","E","$","R","B",null,"M","?","M","M"],"character_chosen":"IRONCLAD","items_purchased":["Shrug It Off"],"campfire_rested":1,"item_purchase_floors":[14],"current_hp_per_floor":[70,67,67,60,61,61,35,17,17,26,11,42,28,28,37,13,60,54,54,39,0,0],"gold":91,"neow_bonus":"RANDOM_COLORLESS_2","is_daily":false,"chose_seed":false,"campfire_upgraded":3,"win_rate":0.0,"timestamp":1610573921,"path_taken":["M","M","?","?","M","R","E","?","T","R","M","R","E","$","R","BOSS","M","?","?","M"],"items_purchased_type":["Card"],"build_version":"2020-12-13","purchased_purges":1,"victory":false,"max_hp_per_floor":[75,75,75,75,75,75,75,75,75,75,75,75,75,75,75,75,75,75,75,75,75,75],"relic_stats":{"counters":[11,58],"Eternal Feather":27,"Art of War":[4],"obtain_stats":[{"Eternal Feather":7,"Philosopher\u0027s Stone":17,"Art of War":13,"Odd Mushroom":8,"Burning Blood":0},{"Eternal Feather":4,"Philosopher\u0027s Stone":8,"Art of War":7,"Odd Mushroom":5,"Burning Blood":0},{"Eternal Feather":22,"Philosopher\u0027s Stone":44,"Art of War":35,"Odd Mushroom":26,"Burning Blood":0}],"Burning Blood":60},"card_choices":[{"not_picked":["Mayhem","Transmutation"],"picked":"The Bomb","floor":0},{"not_picked":["Heavy Blade","Metallicize"],"picked":"Flex","floor":1},{"not_picked":["Havoc","Burning Pact"],"picked":"Sword Boomerang","floor":2},{"not_picked":["Rage","Sever Soul"],"picked":"Reckless Charge","floor":5},{"not_picked":["Twin Strike","Iron Wave"],"picked":"Evolve","floor":7},{"not_picked":["Flex","Reckless Charge"],"picked":"Second Wind","floor":8},{"not_picked":["Flex","Cleave","Iron Wave"],"picked":"SKIP","floor":11},{"not_picked":["Clothesline","Headbutt","Rampage"],"picked":"SKIP","floor":13},{"not_picked":["Bludgeon","Brutality"],"picked":"Barricade","floor":16},{"not_picked":["Rampage","Iron Wave","Dual Wield"],"picked":"SKIP","floor":18},{"not_picked":["Anger","Searing Blow","Perfected Strike"],"picked":"SKIP","floor":20}],"player_experience":1383173,"relics_obtained":[{"floor":7,"key":"Eternal Feather"},{"floor":8,"key":"Odd Mushroom"},{"floor":13,"key":"Art of War"}],"event_choices":[{"damage_healed":0,"gold_gain":0,"cards_transformed":["Strike_R"],"player_choice":"Change","damage_taken":0,"max_hp_gain":0,"max_hp_loss":0,"event_name":"Living Wall","floor":3,"gold_loss":0,"cards_obtained":["Bloodletting"]},{"cards_removed":["Strike_R"],"damage_healed":0,"gold_gain":0,"player_choice":"Card Removal","damage_taken":7,"max_hp_gain":0,"max_hp_loss":0,"event_name":"Golden Wing","floor":4,"gold_loss":0},{"damage_healed":0,"gold_gain":0,"player_choice":"Fought Mushrooms","damage_taken":0,"max_hp_gain":0,"max_hp_loss":0,"event_name":"Mushrooms","floor":8,"gold_loss":0},{"damage_healed":0,"gold_gain":0,"player_choice":"Got Potions","damage_taken":0,"max_hp_gain":0,"max_hp_loss":0,"event_name":"Lab","floor":19,"gold_loss":0}],"is_beta":false,"boss_relics":[{"not_picked":["Calling Bell","Runic Cube"],"picked":"Philosopher\u0027s Stone"}],"items_purged_floors":[14],"is_endless":false,"potions_floor_spawned":[2,8,13,18],"killed_by":"Shelled Parasite and Fungi","ascension_level":20}}