{"host":"1ekl8hlbnopmdapi","time":1610576315,"event":{"mods":["AchievementEnabler","BaseMod","Colored Map","Colored Powertips","DeckTracker","Googly Eyes","Highlight Path","Minty Spire (QoL Compilation)","Relic Sorter","StSLib"],"gold_per_floor":[210,13,29,42,52,82,94,94,94,94,114,149,164,233,233,233,233],"floor_reached":16,"language":"ENG","playtime":1291,"items_purged":[],"score":154,"play_id":"16c6d6e4-247e-4acb-a27d-d556eddfede1","local_time":"20210113171835","is_ascension_mode":true,"campfire_choices":[{"floor":8,"key":"REST"},{"floor":15,"key":"RECALL"}],"circlet_count":0,"master_deck":["Strike_B","Strike_B","Strike_B","Strike_B","Defend_B","Defend_B","Defend_B","Defend_B","Zap","Dualcast","Barrage","Flash of Steel","Self Repair","Beam Cell","BootSequence","Self Repair","Auto Shields","Leap","Injury","Rebound","Ball Lightning","Storm","White Noise"],"relics":["Cracked Core","Membership Card","Dream Catcher","Golden Idol","Ancient Tea Set","Pear"],"acts_visited":["Exordium"],"potions_floor_usage":[6,12],"damage_taken":[{"damage":8,"enemies":"Small Slimes","floor":1,"turns":4},{"damage":2,"enemies":"Jaw Worm","floor":3,"turns":3},{"damage":4,"enemies":"2 Louse","floor":4,"turns":3},{"damage":12,"enemies":"Red Slaver","floor":5,"turns":4},{"damage":24,"enemies":"Gremlin Nob","floor":6,"turns":4},{"damage":27,"enemies":"Lots of Slimes","floor":7,"turns":6},{"damage":6,"enemies":"Looter","floor":11,"turns":4},{"damage":17,"enemies":"3 Sentries","floor":12,"turns":8},{"damage":8,"enemies":"Exordium Thugs","floor":13,"turns":4},{"damage":15,"enemies":"3 Sentries","floor":14,"turns":8},{"damage":65,"enemies":"The Guardian","floor":16,"turns":6}],"seed_played":"8478108041798059050","potions_obtained":[{"floor":3,"key":"DistilledChaos"},{"floor":4,"key":"FocusPotion"},{"floor":12,"key":"SteroidPotion"},{"floor":13,"key":"Strength Potion"}],"is_trial":false,"path_per_floor":["M","$","M","M","M","E","M","R","T","?","M","E","M","?","R","B"],"character_chosen":"DEFECT","items_purchased":["Membership Card","Flash of Steel"],"campfire_rested":1,"item_purchase_floors":[2,2],"current_hp_per_floor":[60,60,58,61,56,39,26,48,48,48,56,53,52,61,61,0,0],"gold":233,"neow_bonus":"HUNDRED_GOLD","is_daily":false,"chose_seed":false,"campfire_upgraded":0,"win_rate":0.0,"timestamp":1610576315,"path_taken":["M","$","M","M","M","E","M","R","T","?","M","E","M","?","R","BOSS"],"items_purchased_type":["Relic","Card"],"build_version":"2020-12-22","purchased_purges":0,"victory":false,"max_hp_per_floor":[75,75,75,75,75,75,75,75,75,75,75,75,75,85,85,85,85],"card_choices":[{"not_picked":["Coolheaded","Storm"],"picked":"Barrage","floor":1},{"not_picked":["Steam Power","Steam"],"picked":"Self Repair","floor":3},{"not_picked":["Redo","Barrage"],"picked":"Beam Cell","floor":4},{"not_picked":["Hologram","Coolheaded"],"picked":"BootSequence","floor":5},{"not_picked":["Recycle","Static Discharge"],"picked":"Self Repair","floor":6},{"not_picked":["Leap","Stack"],"picked":"Auto Shields","floor":7},{"not_picked":["Reboot","Melter"],"picked":"Leap","floor":8},{"not_picked":["Double Energy","Compile Driver"],"picked":"Rebound","floor":11},{"not_picked":["Reinforced Body","Rainbow"],"picked":"Ball Lightning","floor":12},{"not_picked":["Streamline","Steam"],"picked":"Storm","floor":13},{"not_picked":["Steam","Redo"],"picked":"White Noise","floor":14}],"player_experience":447200,"relics_obtained":[{"floor":6,"key":"Dream Catcher"},{"floor":12,"key":"Ancient Tea Set"},{"floor":14,"key":"Pear"}],"event_choices":[{"damage_healed":0,"gold_gain":0,"player_choice":"Take Wound","damage_taken":0,"relics_obtained":["Golden Idol"],"max_hp_gain":0,"max_hp_loss":0,"event_name":"Golden Idol","floor":10,"gold_loss":0,"cards_obtained":["Injury"]},{"damage_healed":0,"gold_gain":0,"player_choice":"Searched \u00271\u0027 times","damage_taken":0,"max_hp_gain":0,"max_hp_loss":0,"event_name":"Dead Adventurer","floor":14,"gold_loss":0}],"is_beta":false,"boss_relics":[],"items_purged_floors":[],"is_endless":false,"potions_floor_spawned":[3,4,12,13],"killed_by":"The Guardian","ascension_level":7}}