{"host":"yptvp0rjza9g9li7","time":1610539818,"event":{"mods":["AchievementEnabler","BaseMod","Colored Map","Colored Powertips","DeckTracker","Minty Spire (QoL Compilation)","SuperFastMode"],"gold_per_floor":[117,32,32,32,48,89,89,107,133,148,161,186,201,201,201,201,201],"floor_reached":16,"language":"KOR","playtime":365,"items_purged":[],"score":104,"play_id":"7a290227-9d8d-4008-827d-6dab7efe6d64","local_time":"20210113211018","is_ascension_mode":false,"campfire_choices":[{"data":"Panacea","floor":7,"key":"SMITH"},{"floor":15,"key":"REST"}],"circlet_count":0,"master_deck":["Strike_R+1","Strike_R","Strike_R","Strike_R","Defend_R","Defend_R","Defend_R","Defend_R","Bash+1","Finesse","Hemokinesis","Panacea+1","Fire Breathing","Headbutt","Sword Boomerang","Infernal Blade","Carnage","Flame Barrier","Blood for Blood"],"relics":["Burning Blood","Golden Idol","Whetstone","Orichalcum","Nunchaku"],"acts_visited":["Exordium"],"potions_floor_usage":[6,12,13,16],"damage_taken":[{"damage":3,"enemies":"2 Louse","floor":1,"turns":3},{"damage":3,"enemies":"Jaw Worm","floor":5,"turns":3},{"damage":22,"enemies":"Gremlin Nob","floor":6,"turns":4},{"damage":5,"enemies":"Small Slimes","floor":8,"turns":2},{"damage":16,"enemies":"Exordium Thugs","floor":10,"turns":4},{"damage":4,"enemies":"Large Slime","floor":11,"turns":3},{"damage":4,"enemies":"Blue Slaver","floor":12,"turns":2},{"damage":9,"enemies":"Gremlin Gang","floor":13,"turns":4},{"damage":40,"enemies":"Slime Boss","floor":16,"turns":5}],"seed_played":"-6018627962810660432","potions_obtained":[{"floor":1,"key":"LiquidMemories"},{"floor":5,"key":"Block Potion"},{"floor":10,"key":"SneckoOil"},{"floor":13,"key":"Dexterity Potion"}],"is_trial":false,"path_per_floor":["M","$","?","?","M","E","R","M","T","M","M","M","M","?","R","B"],"character_chosen":"IRONCLAD","items_purchased":["Panacea"],"campfire_rested":1,"item_purchase_floors":[2],"current_hp_per_floor":[80,80,73,53,56,40,40,41,41,31,33,35,32,14,38,0,0],"gold":201,"neow_bonus":"RANDOM_COLORLESS","is_daily":false,"chose_seed":false,"campfire_upgraded":1,"win_rate":0.0,"timestamp":1610539818,"path_taken":["M","$","?","?","M","E","R","M","T","M","M","M","M","?","R","BOSS"],"items_purchased_type":["Card"],"build_version":"2020-12-22","purchased_purges":0,"victory":false,"max_hp_per_floor":[80,80,80,80,80,80,80,80,80,80,80,80,80,80,80,80,80],"card_choices":[{"not_picked":["Impatience","Mind Blast"],"picked":"Finesse","floor":0},{"not_picked":["Havoc","Burning Pact"],"picked":"Hemokinesis","floor":1},{"not_picked":["Clash","Wild Strike"],"picked":"Fire Breathing","floor":5},{"not_picked":["Infernal Blade","Intimidate"],"picked":"Headbutt","floor":6},{"not_picked":["Iron Wave","Second Wind"],"picked":"Sword Boomerang","floor":8},{"not_picked":["Disarm","Sentinel"],"picked":"Infernal Blade","floor":10},{"not_picked":["Thunderclap","Burning Pact"],"picked":"Carnage","floor":11},{"not_picked":["Pommel Strike","Bludgeon"],"picked":"Flame Barrier","floor":12},{"not_picked":["Iron Wave","Twin Strike"],"picked":"Blood for Blood","floor":13}],"player_experience":201848,"relics_obtained":[{"floor":6,"key":"Whetstone"},{"floor":9,"key":"Orichalcum"}],"event_choices":[{"cards_removed":["Strike_R"],"damage_healed":0,"gold_gain":0,"player_choice":"Card Removal","damage_taken":7,"max_hp_gain":0,"max_hp_loss":0,"event_name":"Golden Wing","floor":3,"gold_loss":0},{"damage_healed":0,"gold_gain":0,"player_choice":"Take Damage","damage_taken":20,"relics_obtained":["Golden Idol"],"max_hp_gain":0,"max_hp_loss":0,"event_name":"Golden Idol","floor":4,"gold_loss":0},{"damage_healed":0,"gold_gain":0,"player_choice":"Success","damage_taken":18,"relics_obtained":["Nunchaku"],"max_hp_gain":0,"max_hp_loss":0,"event_name":"Scrap Ooze","floor":14,"gold_loss":0}],"is_beta":false,"boss_relics":[],"items_purged_floors":[],"is_endless":false,"potions_floor_spawned":[1,5,10,13],"killed_by":"Slime Boss","ascension_level":0}}