{"host":"tnu4ypcvorrhmtm6","time":1610565648,"event":{"mods":["ATMod(°¢èªMod)","BaseMod","Conspire","GungeonMod","Minty Spire (QoL Compilation)","MostiFishMod","Replay The Spire","RumiaBox-Â¶Ã×æ«µÄÉñÃØºÐ×Ó","StSLib","TestMod","The Gatherer","[IsaacMod]ÒÔÈö¼âËþ","vexMod","¡¾¹¦ÄÜMod¡¿»ìãçÖ®»·ÐÞ¸´²¹¶¡","¡¾ÒÅÎï¿¨ÅÆ¡¿REMEMod"],"gold_per_floor":[111,111,127,129,146,173,173,18,18,31,31,49,60,86,86,185,185,185,185,185,294,312,312,13,30,30,30,70,100,116,126,126,229,229,254,100,116,128,147,147,147,147,172,201,201,201,201],"floor_reached":46,"language":"ZHS","playtime":1227,"items_purged":[],"score":589,"play_id":"11035091-adfc-46b4-a5e5-e00161259b76","local_time":"20210114032048","is_ascension_mode":true,"campfire_choices":[{"floor":7,"key":"RECALL"},{"data":"Dramatic Entrance","floor":15,"key":"SMITH"},{"data":"DemoMod:Casey","floor":23,"key":"SMITH"},{"floor":32,"key":"DIG"},{"data":"Replay:Undeath\u0027s Touch","floor":40,"key":"SMITH"},{"data":"Replay:Undeath\u0027s Touch","floor":42,"key":"SMITH"},{"floor":45,"key":"REST"}],"circlet_count":0,"master_deck":["Strike_R","Strike_R","Strike_R","Strike_R","Defend_R","Defend_R","Defend_R","Defend_R","Bash+1","AT_LightSaberMaster+1","DoctorFetus","Carnage","DemoMod:Casey+1","DemoMod:Casey","Gatherer:SaveValuables","Replay:Undeath\u0027s Touch+1","Dramatic Entrance+1","Replay:Undeath\u0027s Touch+1","Bloodletting+1","RitualDagger","Combust","christmas-Death","Replay:Undeath\u0027s Touch+1"],"relics":["Burning Blood","testmod-TestBox","DaveBox","REME_ComplimentaryCards","AT_ATBox","HushsDoor","HowToJump","Technique","testmod-GiftOfSatan","AddBug","SecretRecord","Baka2","SecretRecord","SecretRecord","SecretRecord","SecretRecord","SecretRecord","SecretRecord","SecretRecord"],"acts_visited":["Exordium","TheCity","TheBeyond"],"potions_floor_usage":[13,28,28,38,38,38,38,39],"damage_taken":[{"damage":15,"enemies":"Cultist","floor":1,"turns":4},{"damage":9,"enemies":"Small Slimes","floor":3,"turns":2},{"damage":10,"enemies":"Jaw Worm","floor":4,"turns":2},{"damage":24,"enemies":"3 Louse","floor":5,"turns":3},{"damage":0,"enemies":"Gremlin Nob","floor":6,"turns":1},{"damage":13,"enemies":"Red Slaver","floor":10,"turns":2},{"damage":0,"enemies":"2 Fungi Beasts","floor":12,"turns":1},{"damage":1,"enemies":"Large Slime","floor":13,"turns":3},{"damage":20,"enemies":"Lagavulin","floor":14,"turns":4},{"damage":0,"enemies":"Slime Boss","floor":16,"turns":4},{"damage":10,"enemies":"Chosen","floor":18,"turns":2},{"damage":0,"enemies":"Spheric Guardian","floor":19,"turns":2},{"damage":16,"enemies":"Chosen and Byrds","floor":22,"turns":2},{"damage":22,"enemies":"Snake Plant","floor":25,"turns":3},{"damage":19,"enemies":"Centurion and Healer","floor":28,"turns":3},{"damage":24,"enemies":"Slavers","floor":29,"turns":2},{"damage":9,"enemies":"Shelled Parasite and Fungi","floor":30,"turns":2},{"damage":6,"enemies":"Cultist and Chosen","floor":31,"turns":3},{"damage":25,"enemies":"Collector","floor":33,"turns":6},{"damage":15,"enemies":"Orb Walker","floor":35,"turns":2},{"damage":6,"enemies":"3 Shapes","floor":37,"turns":1},{"damage":21,"enemies":"Transient","floor":38,"turns":5},{"damage":15,"enemies":"Writhing Mass","floor":39,"turns":2},{"damage":36,"enemies":"Nemesis","floor":44,"turns":3},{"damage":40,"enemies":"Jaw Worm Horde","floor":46,"turns":2}],"seed_played":"-4507779051412960771","potions_obtained":[{"floor":1,"key":"DuplicationPotion"},{"floor":6,"key":"Ancient Potion"},{"floor":10,"key":"Explosive Potion"},{"floor":14,"key":"Weak Potion"},{"floor":22,"key":"REME_GoldPotion"},{"floor":31,"key":"FearPotion"},{"floor":37,"key":"SpeedPotion"},{"floor":38,"key":"AttackPotion"}],"is_trial":false,"path_per_floor":["M","$","M","M","M","E","R","$","T","M","?","M","M","E","R","B",null,"M","M","?","?","M","R","$","M","T","?","M","E","M","M","R","B",null,"M","$","M","M","M","R","?","R","T","E","R","M"],"character_chosen":"IRONCLAD","items_purchased":["Dodecahedron","Strawberry","Oddly Smooth Stone","NineLifeCat","DeathBook","GuppysHead","SalivaCoin"],"campfire_rested":1,"item_purchase_floors":[8,24,24,34,34,34,36],"current_hp_per_floor":[79,79,87,83,76,82,82,82,82,81,81,87,92,87,87,101,103,99,108,108,81,71,71,71,66,66,60,59,41,45,45,45,41,75,66,66,66,57,48,48,48,48,48,12,34,0,0],"gold":201,"neow_bonus":"TEN_PERCENT_HP_BONUS","is_daily":false,"chose_seed":false,"campfire_upgraded":4,"win_rate":0.0,"timestamp":1610565648,"path_taken":["M","$","?","M","M","E","R","$","T","M","?","M","M","E","R","BOSS","M","?","?","?","M","R","$","M","T","?","M","E","M","M","R","BOSS","M","$","M","M","?","R","?","R","T","E","R","M"],"items_purchased_type":["Relic","Relic","Relic","Relic","Relic","Relic","Relic"],"build_version":"2020-12-22","purchased_purges":0,"victory":false,"max_hp_per_floor":[88,88,93,93,98,98,98,98,98,98,98,98,98,98,98,103,103,103,108,108,108,108,108,108,108,108,108,108,108,108,108,108,108,75,75,75,75,75,75,75,75,75,75,75,75,75,75],"card_choices":[{"not_picked":[],"picked":"DoctorFetus","floor":0},{"not_picked":["DemoMod:Casey","ReplayReversal"],"picked":"Carnage","floor":1},{"not_picked":["MostiFishMod:CullingBlade","Flex"],"picked":"DemoMod:Casey","floor":3},{"not_picked":["DemoMod:AbyssalTentacle","Rupture"],"picked":"DemoMod:Casey","floor":4},{"not_picked":["DemoMod:HungryBullets","DemoMod:TeaPot"],"picked":"Gatherer:SaveValuables","floor":5},{"not_picked":["Perfected Strike","DemoMod:HardPowerCard"],"picked":"Replay:Undeath\u0027s Touch","floor":6},{"not_picked":["Gatherer:Uplift","Twin Strike","ReplayTheSpireMod:Limb From Limb"],"picked":"SKIP","floor":10},{"not_picked":["AT_IchimonjiDouble","DemoMod:Polaris","Sword Boomerang"],"picked":"SKIP","floor":12},{"not_picked":["DemoMod:CursedBullets","DemoMod:DoubleSwitch","Dual Wield"],"picked":"SKIP","floor":13},{"not_picked":["Gatherer:MindSearch","Gatherer:CollectorsShot","DemoMod:Unity"],"picked":"SKIP","floor":14},{"not_picked":["Gatherer:LuckyClover","MostiFishMod:FlyOverUtopia"],"picked":"Reaper","floor":16},{"not_picked":["DemoMod:Evolver","Gatherer:CollectorsShot","DemoMod:Replace"],"picked":"SKIP","floor":18},{"not_picked":["Entrench+1","Gatherer:DrugPower","DemoMod:LifeOrb+1"],"picked":"SKIP","floor":19},{"not_picked":["DemoMod:TeaPot","REME_FearOfPain"],"picked":"Replay:Undeath\u0027s Touch","floor":21},{"not_picked":["Gatherer:PotentialSlash","Gatherer:FlowerFalling","Hemogenesis"],"picked":"SKIP","floor":22},{"not_picked":["DemoMod:Polaris","Gatherer:BambuSword+1"],"picked":"Bloodletting+1","floor":25},{"not_picked":["DemoMod:PotionOfGunFriendShip+1","conspire:Charge","Clothesline+1"],"picked":"SKIP","floor":28},{"not_picked":["DemoMod:ProbeStrike","Massacre"],"picked":"Combust","floor":29},{"not_picked":["DemoMod:FortunesFavor","DemoMod:DoubleSwitch","DemoMod:Camera+1"],"picked":"SKIP","floor":30},{"not_picked":["Flame Barrier","Gatherer:FragileHammer","DemoMod:SAA"],"picked":"SKIP","floor":31},{"not_picked":["Perfected Strike+1","AT_BodySlamDance","Gatherer:ScherryThrow"],"picked":"SKIP","floor":35},{"not_picked":["AT_IchimonjiDouble","Body Slam","DemoMod:Polaris"],"picked":"SKIP","floor":37},{"not_picked":["DemoMod:HardPowerCard","DemoMod:JK47+1","Limit Break"],"picked":"SKIP","floor":38},{"not_picked":["Armaments","DemoMod:FastSwitch"],"picked":"Replay:Undeath\u0027s Touch+1","floor":39},{"not_picked":["Combust+1","Gatherer:MiningStrike","Gatherer:VenomBarrier"],"picked":"SKIP","floor":44}],"player_experience":34120,"relics_obtained":[{"floor":1,"key":"AddBug"},{"floor":1,"key":"Baka"},{"floor":1,"key":"SynthV:TestCard"},{"floor":3,"key":"Baka2"},{"floor":6,"key":"ReplayTheSpireMod:Spearhead"},{"floor":12,"key":"Pantograph"},{"floor":14,"key":"SecretRecord"},{"floor":14,"key":"vexMod:MemoryStick"},{"floor":16,"key":"SecretRecord"},{"floor":19,"key":"SecretRecord"},{"floor":21,"key":"PunchingBag"},{"floor":26,"key":"testmod-IndustrialRevolution"},{"floor":28,"key":"SecretRecord"},{"floor":29,"key":"Mercury Hourglass"},{"floor":30,"key":"SecretRecord"},{"floor":32,"key":"PlanX"},{"floor":35,"key":"SecretRecord"},{"floor":39,"key":"SecretRecord"},{"floor":39,"key":"Technique"},{"floor":43,"key":"DemoMod:ClearGuonStone"},{"floor":44,"key":"DemoMod:PoisonVial"}],"event_choices":[{"damage_healed":0,"gold_gain":0,"player_choice":"Leave","damage_taken":0,"max_hp_gain":0,"max_hp_loss":0,"event_name":"conspire:Investor","floor":11,"gold_loss":0},{"damage_healed":0,"gold_gain":0,"player_choice":"Joined the Cult","damage_taken":6,"max_hp_gain":0,"max_hp_loss":0,"event_name":"Nest","floor":27,"gold_loss":0,"cards_obtained":["RitualDagger"]}],"is_beta":false,"boss_relics":[{"not_picked":["testmod-DreamHouse","Ooze Armor"],"picked":"testmod-HarvestTotem"},{"not_picked":[]},{"not_picked":["conspire:RoyalGoblet","Runic Dome"],"picked":"AT_TrinityForce"},{"not_picked":[]}],"items_purged_floors":[],"is_endless":false,"potions_floor_spawned":[1,6,10,12,14,19,22,25,31,37,38],"killed_by":"Jaw Worm Horde","ascension_level":1}}