{"host":"pgqkv8mh62pnrbci","time":1610541788,"event":{"mods":["2.2 Compatiblity","AchievementEnabler","BaseMod","Custom Start","DeckTracker","Minty Spire (QoL Compilation)","Replay The Spire","StSLib","SuperFastMode","¡¼?Úª?ø«¡½REMEMod"],"gold_per_floor":[110,185,211,234,253,281,300,313,313,338,338,338],"floor_reached":11,"language":"KOR","playtime":284,"items_purged":[],"score":191,"play_id":"43713e29-26a8-45f8-a90c-08127729a943","local_time":"20210113214308","is_ascension_mode":true,"campfire_choices":[],"circlet_count":0,"master_deck":["AscendersBane","Strike_G","Strike_G","Strike_G","Strike_G","Strike_G","Defend_G","Defend_G","Defend_G","Defend_G","Defend_G","Survivor","Neutralize","Establishment","Well Laid Plans","Pain","Footwork","Well Laid Plans","Reflex","REME_GreenPollution"],"relics":["Ring of the Snake","REME_ComplimentaryCards","NeowsBlessing","Smiling Mask","Vampiric Spirits","Bag of Marbles","Tiny Chest","Potion Belt"],"acts_visited":["Exordium"],"potions_floor_usage":[11],"damage_taken":[{"damage":0.0,"enemies":"Small Slimes","floor":1.0,"turns":1.0},{"damage":1.0,"enemies":"Jaw Worm","floor":5.0,"turns":1.0},{"damage":0.0,"enemies":"Gremlin Nob","floor":6.0,"turns":1.0},{"damage":8.0,"enemies":"Cultist","floor":7.0,"turns":5.0},{"damage":20.0,"enemies":"Gremlin Gang","floor":8.0,"turns":8.0},{"damage":51,"enemies":"3 Sentries","floor":11,"turns":12}],"seed_played":"-6984574811844937502","potions_obtained":[{"floor":1.0,"key":"FearPotion"},{"floor":7.0,"key":"LifebloodPotion"},{"floor":8.0,"key":"Regen Potion"}],"is_trial":false,"path_per_floor":["M","?","T","?","M","E","M","M","T","T","E"],"character_chosen":"THE_SILENT","items_purchased":[],"campfire_rested":0,"item_purchase_floors":[],"current_hp_per_floor":[59,48,48,48,48,48,43,28,28,28,0,0],"gold":338,"neow_bonus":"THREE_ENEMY_KILL","is_daily":false,"chose_seed":false,"campfire_upgraded":0,"win_rate":0.0,"timestamp":1610541788,"path_taken":["M","?","?","?","?","E","M","M","T","?","E"],"items_purchased_type":[],"build_version":"2020-12-22","purchased_purges":0,"victory":false,"max_hp_per_floor":[66,66,66,66,66,66,66,66,66,66,66,66],"card_choices":[{"not_picked":["Bane","Blade Dance"],"picked":"Well Laid Plans","floor":1.0},{"not_picked":["Poisoned Stab","Noxious Fumes"],"picked":"Footwork","floor":4.0},{"not_picked":["Hidden Blade","Deadly Poison"],"picked":"Well Laid Plans","floor":5.0},{"not_picked":["ReplayTheSpireMod:Exploit Weakness","ReplayTheSpireMod:The Works"],"picked":"Reflex","floor":6.0},{"not_picked":["Well Laid Plans","Quick Slash","Flying Knee"],"picked":"SKIP","floor":7.0},{"not_picked":["Cloak And Dagger","Masterful Stab"],"picked":"REME_GreenPollution","floor":8.0}],"player_experience":626931,"relics_obtained":[{"floor":3.0,"key":"Smiling Mask"},{"floor":4.0,"key":"Vampiric Spirits"},{"floor":6.0,"key":"Bag of Marbles"},{"floor":9.0,"key":"Tiny Chest"},{"floor":10.0,"key":"Potion Belt"}],"event_choices":[{"damage_healed":0.0,"max_hp_gain":0.0,"max_hp_loss":0.0,"gold_gain":75.0,"event_name":"World of Goop","player_choice":"Gather Gold","floor":2.0,"gold_loss":0.0,"damage_taken":11.0}],"is_beta":false,"boss_relics":[],"items_purged_floors":[],"is_endless":false,"potions_floor_spawned":[1,7,8],"killed_by":"3 Sentries","ascension_level":19}}