{"host":"659h2nzl21d2gfgw","time":1610579082,"event":{"mods":["AchievementEnabler","Act Like it!","Astrologer","BaseMod","DeckTracker","Downfall","Hermit","Jorbs\u0027s Wanderer Trilogy","Marisa????????","Minty Spire (QoL Compilation)","Shade Mod","Somnambulant","StSLib","The Construct","The Hierophant","The Poker Player","The Runesmith","TheArtist","TheBandit"],"gold_per_floor":[118,131,143,155,167,167,167,167],"floor_reached":7,"language":"ENG","playtime":731,"items_purged":[],"score":45,"play_id":"55377014-5d1c-4032-b775-0a936643cf51","local_time":"20210113180442","is_ascension_mode":false,"campfire_choices":[{"data":"somnambulantmod: PrimingPunch","floor":6,"key":"SMITH"}],"circlet_count":0,"master_deck":["somnambulantmod: SomnambulantStrike","somnambulantmod: SomnambulantStrike","somnambulantmod: SomnambulantStrike","somnambulantmod: SomnambulantStrike","somnambulantmod: SomnambulantStrike","somnambulantmod: Defend_Somnambulant","somnambulantmod: Defend_Somnambulant","somnambulantmod: Defend_Somnambulant","somnambulantmod: Defend_Somnambulant","somnambulantmod: Defend_Somnambulant","somnambulantmod: QuickNap","somnambulantmod: PrimingPunch+1","somnambulantmod: SnuggleUp","somnambulantmod: Stumble","somnambulantmod: Unknow","somnambulantmod: Nosebleed"],"relics":["somnambulantmod: DreamJournal"],"acts_visited":["Exordium"],"potions_floor_usage":[],"damage_taken":[{"damage":5,"enemies":"Small Slimes","floor":1,"turns":3},{"damage":0,"enemies":"2 Louse","floor":2,"turns":3},{"damage":0,"enemies":"Cultist","floor":3,"turns":5},{"damage":10,"enemies":"Looter","floor":4,"turns":4},{"damage":13,"enemies":"Gremlin Gang","floor":5,"turns":5},{"damage":1,"enemies":"3 Sentries","floor":7,"turns":2}],"seed_played":"-9011709447866517299","potions_obtained":[{"floor":3,"key":"Strength Potion"},{"floor":4,"key":"Slimebound:ThreeZeroPotion"}],"is_trial":false,"path_per_floor":["M","M","M","M","M","R","E"],"character_chosen":"THE_SOMNAMBULANT","items_purchased":[],"campfire_rested":0,"item_purchase_floors":[],"current_hp_per_floor":[72,72,72,62,49,49,48,48],"gold":167,"neow_bonus":"TEN_PERCENT_HP_BONUS","is_daily":false,"chose_seed":false,"campfire_upgraded":1,"win_rate":0.0,"timestamp":1610579082,"path_taken":["M","M","M","M","M","R","E"],"items_purchased_type":[],"build_version":"2020-12-22","purchased_purges":0,"victory":false,"max_hp_per_floor":[77,77,77,77,77,77,77,77],"card_choices":[{"not_picked":["somnambulantmod: LeechFears","somnambulantmod: TimeCompression"],"picked":"somnambulantmod: SnuggleUp","floor":1},{"not_picked":["somnambulantmod: Bruise","somnambulantmod: HeadSmack"],"picked":"somnambulantmod: Stumble","floor":2},{"not_picked":["somnambulantmod: Refracture","somnambulantmod: SnuggleUp"],"picked":"somnambulantmod: Unknow","floor":3},{"not_picked":["somnambulantmod: Repression","somnambulantmod: ShowerThought"],"picked":"somnambulantmod: Nosebleed","floor":4},{"not_picked":["somnambulantmod: MindWave","somnambulantmod: SnuggleUp","somnambulantmod: Repression"],"picked":"SKIP","floor":5}],"player_experience":159429,"relics_obtained":[],"event_choices":[],"is_beta":false,"boss_relics":[],"items_purged_floors":[],"is_endless":false,"potions_floor_spawned":[3,4],"killed_by":"3 Sentries","ascension_level":0}}