{"host":"iq6tbtp5mk4vf216","time":1610520364,"event":{"mods":["BaseMod","BetterRewards","Colored Map","Colored Powertips","Downfall","Duelist Mod","Friendly Minions","Hubris","Infinite Spire","Mimic Mod","Minty Spire (QoL Compilation)","Rare Cards Sparkle","Replay The Spire","StSLib","Wandering Minibosses"],"gold_per_floor":[136,150,168,168,188,223,223,223,269,269,269,289,138,170,170,273,273,286,297,330,344,360,360,372,385,385,280,296,328,339,249,249,348,348,368,77,117,117,117,117,145,145,145,173,184,184,199,222,222,222,222,222,2,35,35,35],"floor_reached":55,"language":"ENG","playtime":5980,"items_purged":["theDuelist:GravekeeperCurse","Replay:Hysterical Blindness"],"score":882,"play_id":"be6d67e5-e661-4aca-b690-2b03396af04e","local_time":"20210112234604","is_ascension_mode":false,"campfire_choices":[{"data":"theDuelist:NaturiaBarkion","floor":11,"key":"SMITH"},{"floor":15,"key":"REST"},{"data":"theDuelist:NaturiaLeodrake","floor":23,"key":"SMITH"},{"data":"theDuelist:NaturiaWhiteOak","floor":32,"key":"SMITH"},{"floor":40,"key":"RECALL"},{"data":"theDuelist:ConvulsionNature","floor":42,"key":"SMITH"},{"data":"theDuelist:NaturiaLeodrake","floor":49,"key":"SMITH"},{"data":"theDuelist:NaturiaLandoise","floor":52,"key":"SMITH"}],"circlet_count":0,"master_deck":["theDuelist:CastleWalls","theDuelist:CastleWalls","theDuelist:NaturiaBeast","theDuelist:NaturiaCliff","theDuelist:NaturiaRock+1","theDuelist:NaturiaTulip+1","theDuelist:Sparks","theDuelist:Sparks","theDuelist:Sparks","theDuelist:CopyPlant","theDuelist:CopyPlant","theDuelist:NaturiaMarron","theDuelist:FluteKuriboh","theDuelist:NaturiaHydrangea","theDuelist:WeepingIdol","theDuelist:NaturiaBarkion+1","theDuelist:NaturiaLeodrake+1","theDuelist:NaturiaMarron+1","theDuelist:NaturiaLandoise+1","theDuelist:WingedKuriboh","theDuelist:NaturiaWhiteOak+1","theDuelist:NaturiaGaiastrio","theDuelist:NaturiaHorneedle","theDuelist:NaturiaStrawberry+1","theDuelist:NaturiaLeodrake+1","theDuelist:NaturiaSacredTree+1","theDuelist:NaturiaMarron+1","Trip","theDuelist:Wildfire","theDuelist:CrystalRose+1","theDuelist:NaturiaGuardian+1","theDuelist:NaturiaExterio","theDuelist:NaturiaGaiastrio+1","theDuelist:NatureReflection+1","theDuelist:SeismicShockwave","theDuelist:DemiseLand+1","theDuelist:NaturiaSunflower","theDuelist:LonefireBlossom","theDuelist:ConvulsionNature+1","theDuelist:NaturiaTulip+1","Hallucinations","theDuelist:MillenniumScorpion+1","hexamod:Haunted","theDuelist:ClosedForest+1","theDuelist:SphereKuriboh+1","theDuelist:HuntingInstinct+1","theDuelist:PotForbidden+1","theDuelist:SummoningCurse","theDuelist:NaturiaGuardian","theDuelist:CrystalRose+1"],"relics":["theDuelist:MillenniumPuzzle","theDuelist:CardPoolRelic","theDuelist:CardPoolBasicRelic","theDuelist:BoosterPackPoolRelic","theDuelist:CardPoolAddRelic","theDuelist:CardPoolMinusRelic","theDuelist:CardPoolSaveRelic","theDuelist:CardPoolOptionsRelic","theDuelist:MillenniumArmor","Garlic","Anchor","theDuelist:MillenniumRod","Boot","Philosopher\u0027s Stone","theDuelist:Leafblower","Mirror","Blood Vial","Cursed Key","theDuelist:NaturiaRelic","Smiling Mask","theDuelist:ArmorPlateC","hubris:BallOfYels","infinitespire:EmpoweringShard","SlaversCollar","Happy Flower","War Paint"],"acts_visited":["Exordium","TheCity","TheBeyond","TheEnding"],"potions_floor_usage":[14,14,16,20,25,29,29,29,30,50,50,50,55,55],"damage_taken":[{"damage":2,"enemies":"2 Louse","floor":1,"turns":2},{"damage":3,"enemies":"Small Slimes","floor":2,"turns":5},{"damage":0,"enemies":"Cultist","floor":3,"turns":4},{"damage":0,"enemies":"3 Louse","floor":5,"turns":4},{"damage":0,"enemies":"3 Sentries","floor":6,"turns":5},{"damage":0,"enemies":"Looter","floor":12,"turns":2},{"damage":58,"enemies":"Gremlin Nob","floor":14,"turns":6},{"damage":5,"enemies":"Slime Boss","floor":16,"turns":5},{"damage":0,"enemies":"Chosen","floor":18,"turns":4},{"damage":0,"enemies":"2 Thieves","floor":19,"turns":3},{"damage":0,"enemies":"Chosen and Byrds","floor":20,"turns":7},{"damage":0,"enemies":"Chosen and Byrds","floor":21,"turns":2},{"damage":5,"enemies":"Centurion and Healer","floor":22,"turns":6},{"damage":4,"enemies":"Cultist and Chosen","floor":24,"turns":5},{"damage":0,"enemies":"Snake Plant","floor":25,"turns":4},{"damage":0,"enemies":"Centurion and Healer","floor":28,"turns":5},{"damage":15,"enemies":"Gremlin Leader","floor":29,"turns":5},{"damage":0,"enemies":"Cultist and Chosen","floor":30,"turns":6},{"damage":7,"enemies":"Champ","floor":33,"turns":8},{"damage":2,"enemies":"Orb Walker","floor":35,"turns":3},{"damage":0,"enemies":"3 Shapes","floor":37,"turns":5},{"damage":5,"enemies":"Nemesis","floor":41,"turns":5},{"damage":0,"enemies":"Giant Head","floor":44,"turns":6},{"damage":0,"enemies":"3 Shapes","floor":45,"turns":3},{"damage":0,"enemies":"Maw","floor":47,"turns":6},{"damage":28,"enemies":"Donu and Deca","floor":50,"turns":5},{"damage":51,"enemies":"Shield and Spear","floor":54,"turns":5},{"damage":32,"enemies":"The Heart","floor":55,"turns":6}],"seed_played":"7455893555468362489","potions_obtained":[{"floor":3,"key":"sneckomod:MuddlingPotion"},{"floor":6,"key":"Swift Potion"},{"floor":14,"key":"Swift Potion"},{"floor":16,"key":"GamblersBrew"},{"floor":19,"key":"Languid Potion"},{"floor":21,"key":"theDuelist:IcePotion"},{"floor":22,"key":"GamblersBrew"},{"floor":29,"key":"Languid Potion"},{"floor":33,"key":"theDuelist:CoolBottle"},{"floor":35,"key":"theDuelist:BottledKuriboh"},{"floor":44,"key":"theDuelist:BottledKuriboh"}],"is_trial":false,"path_per_floor":["M","M","M","?","M","E","?","?","T","?","R","M","$","E","R","B",null,"M","M","MIM","M","M","R","M","M","T","$","M","E","M","?","R","B",null,"M","$","MIM","T","?","R","E","R","T","E","M","AVR","M","T","R","B",null,"R","$","E","B"],"character_chosen":"THE_DUELIST","items_purchased":["theDuelist:CopyPlant","theDuelist:NaturiaMarron","theDuelist:FluteKuriboh","theDuelist:NaturiaHydrangea","theDuelist:NaturiaWhiteOak","theDuelist:NaturiaGuardian+1","theDuelist:CoolBottle","theDuelist:LonefireBlossom","theDuelist:ConvulsionNature","theDuelist:NaturiaRelic","theDuelist:NaturiaTulip","SkillPotion","Swift Potion","theDuelist:NaturiaGuardian"],"campfire_rested":1,"item_purchase_floors":[0,0,0,0,13,27,27,36,36,36,36,53,53,53],"current_hp_per_floor":[78,75,75,75,75,75,75,59,59,59,59,59,59,1,25,20,80,80,80,80,80,75,75,71,71,71,71,71,60,62,62,62,57,80,78,78,80,80,80,80,75,75,75,77,79,79,80,80,80,52,80,80,80,29,0,0],"gold":35,"neow_bonus":"","is_daily":false,"chose_seed":false,"campfire_upgraded":6,"win_rate":0.0,"timestamp":1610520364,"path_taken":["M","M","M","?","M","E","?","?","T","?","R","M","$","E","R","BOSS","M","M","?","M","M","R","M","M","T","$","M","E","M","?","R","BOSS","M","$","?","?","?","R","E","R","T","E","M","AVR","?","?","R","BOSS","R","$","E","BOSS"],"items_purchased_type":["Card","Card","Card","Card","Card","Card","Potion","Card","Card","Relic","Card","Potion","Potion","Card"],"build_version":"2020-12-22","purchased_purges":2,"victory":false,"max_hp_per_floor":[80,80,80,80,80,80,80,80,80,80,80,80,80,80,80,80,80,80,80,80,80,80,80,80,80,80,80,80,80,80,80,80,80,80,80,80,80,80,80,80,80,80,80,80,80,80,80,80,80,80,80,80,80,80,80,80],"card_choices":[{"not_picked":["theDuelist:MillenniumGolem","theDuelist:DummyGolem","theDuelist:DianKeto","theDuelist:GolemSentry"],"picked":"theDuelist:WeepingIdol","floor":1},{"not_picked":["theDuelist:NaturiaVein","theDuelist:Canyon","theDuelist:Wildfire","theDuelist:NaturiaHorneedle"],"picked":"theDuelist:NaturiaBarkion","floor":2},{"not_picked":["theDuelist:NaturiaHydrangea","theDuelist:NaturiaEggplant","theDuelist:NaturiaRock","theDuelist:NaturiaRagweed"],"picked":"theDuelist:NaturiaLeodrake","floor":3},{"not_picked":["theDuelist:NaturiaHydrangea","theDuelist:NaturiaEggplant","theDuelist:FossilDig","theDuelist:NaturiaLandoise"],"picked":"theDuelist:NaturiaMarron","floor":5},{"not_picked":["theDuelist:NaturiaRock","theDuelist:NaturiaGaiastrio","theDuelist:CrystalRose","theDuelist:NaturiaCliff"],"picked":"theDuelist:NaturiaLandoise","floor":6},{"not_picked":["theDuelist:BigFire","theDuelist:MagicHoleGolem","theDuelist:Polymerization","theDuelist:MudGolem"],"picked":"theDuelist:WingedKuriboh","floor":12},{"not_picked":["theDuelist:NaturiaBeans","theDuelist:NaturiaCosmobeet","theDuelist:PotDuality","theDuelist:Wiretap"],"picked":"theDuelist:NaturiaGaiastrio","floor":14},{"not_picked":["theDuelist:NaturiaForest","theDuelist:NaturiaVein","theDuelist:NaturiaBarkion","theDuelist:Wildfire"],"picked":"theDuelist:NaturiaHorneedle","floor":16},{"not_picked":["theDuelist:NaturiaHydrangea+1","theDuelist:NaturiaEggplant","theDuelist:NaturiaDragonfly","theDuelist:NaturiaCliff"],"picked":"theDuelist:NaturiaStrawberry+1","floor":18},{"not_picked":["theDuelist:LeodrakeMane+1","theDuelist:LairWire+1","theDuelist:Anteater","theDuelist:HeartUnderdog+1"],"picked":"theDuelist:NaturiaLeodrake","floor":19},{"not_picked":["theDuelist:NaturiaLeodrake","theDuelist:NaturalDisaster+1","theDuelist:LeodrakeMane"],"picked":"theDuelist:NaturiaSacredTree+1","floor":20},{"not_picked":["theDuelist:Pollinosis+1","theDuelist:BarkionBark","theDuelist:NaturiaMantis+1","theDuelist:NaturiaRock"],"picked":"theDuelist:NaturiaMarron+1","floor":21},{"not_picked":["Flash of Steel+1","Secret Weapon","Thinking Ahead"],"picked":"Trip","floor":22},{"not_picked":["theDuelist:NaturiaGuardian","theDuelist:NaturiaCosmobeet","theDuelist:NaturiaMosquito","theDuelist:NaturiaBeetle"],"picked":"theDuelist:Wildfire","floor":24},{"not_picked":["theDuelist:NaturiaRock","theDuelist:NaturiaGaiastrio","theDuelist:NaturiaLandoise","theDuelist:NaturiaCliff"],"picked":"theDuelist:CrystalRose+1","floor":25},{"not_picked":["theDuelist:NaturiaHydrangea+1","theDuelist:NaturiaDragonfly","theDuelist:NaturiaMosquito","theDuelist:SangaEarth+1"],"picked":"theDuelist:NaturiaExterio","floor":28},{"not_picked":["theDuelist:NaturiaRock","theDuelist:CrystalRose","theDuelist:NaturiaLandoise","theDuelist:NaturiaCliff"],"picked":"theDuelist:NaturiaGaiastrio+1","floor":29},{"not_picked":["theDuelist:Pollinosis+1","theDuelist:LairWire","theDuelist:Wiretap+1","theDuelist:BottomlessTrapHole"],"picked":"theDuelist:NatureReflection+1","floor":30},{"not_picked":["theDuelist:SeismicShockwave","theDuelist:MultiplicationOfAnts","theDuelist:Wildfire+1","theDuelist:NaturiaHorneedle"],"picked":"theDuelist:DemiseLand+1","floor":33},{"not_picked":["theDuelist:NaturiaHydrangea+1","theDuelist:NaturiaStinkbug","theDuelist:FossilDig+1","theDuelist:NaturiaAntjaw"],"picked":"theDuelist:NaturiaSunflower","floor":35},{"not_picked":["theDuelist:SangaEarth","theDuelist:NaturiaLandoise","theDuelist:CopyPlant+1","theDuelist:NaturiaHorneedle"],"picked":"theDuelist:MillenniumScorpion+1","floor":37},{"not_picked":["theDuelist:CopyPlant","theDuelist:AfterGenocide+1","theDuelist:GracefulCharity","theDuelist:NaturiaMantis+1"],"picked":"theDuelist:ClosedForest+1","floor":41},{"not_picked":["theDuelist:LuminousMoss+1","theDuelist:VenomShot+3","theDuelist:DestructPotion","theDuelist:RedMedicine+1"],"picked":"theDuelist:SphereKuriboh+1","floor":44},{"not_picked":["theDuelist:NaturiaExterio+1","theDuelist:AcidTrapHole+1"],"picked":"theDuelist:HuntingInstinct+1","floor":45},{"not_picked":["theDuelist:NaturiaRock","theDuelist:CrystalRose","theDuelist:NaturiaLandoise","theDuelist:NaturiaCliff"],"picked":"theDuelist:PotForbidden+1","floor":47},{"not_picked":["theDuelist:NaturiaRock+1","theDuelist:NaturiaGaiastrio+1","theDuelist:NaturiaLandoise+1","theDuelist:NaturiaCliff+1"],"picked":"theDuelist:CrystalRose+1","floor":54}],"player_experience":656479,"relics_obtained":[{"floor":4,"key":"theDuelist:MillenniumArmor"},{"floor":6,"key":"Garlic"},{"floor":9,"key":"Anchor"},{"floor":14,"key":"Boot"},{"floor":20,"key":"theDuelist:Leafblower"},{"floor":26,"key":"Mirror"},{"floor":29,"key":"Blood Vial"},{"floor":37,"key":"Smiling Mask"},{"floor":38,"key":"theDuelist:ArmorPlateC"},{"floor":41,"key":"hubris:BallOfYels"},{"floor":44,"key":"infinitespire:EmpoweringShard"},{"floor":48,"key":"Happy Flower"},{"floor":54,"key":"War Paint"}],"event_choices":[{"damage_healed":0,"gold_gain":0,"player_choice":"Entered Light","damage_taken":16,"max_hp_gain":0,"max_hp_loss":0,"event_name":"Shining Light","floor":8,"gold_loss":0,"cards_upgraded":["theDuelist:CastleWalls","theDuelist:NaturiaMarron"]},{"damage_healed":0,"gold_gain":0,"player_choice":"Took item - Received: Millennium Rod","duelist":true,"damage_taken":0,"max_hp_gain":0,"max_hp_loss":0,"event_name":"Millennium Items","floor":10,"gold_loss":0},{"damage_healed":0,"gold_gain":0,"player_choice":"Purchased Seismic Shockwave for 90 Gold.","duelist":true,"damage_taken":0,"max_hp_gain":0,"max_hp_loss":0,"event_name":"Card Trader","floor":31,"gold_loss":0},{"cards_removed":["theDuelist:CastleWalls"],"damage_healed":0,"gold_gain":0,"player_choice":"Removed Skill","damage_taken":0,"max_hp_gain":0,"max_hp_loss":0,"event_name":"Falling","floor":39,"gold_loss":0}],"is_beta":false,"boss_relics":[{"not_picked":["Busted Crown","hubris:Stopwatch"],"picked":"Philosopher\u0027s Stone"},{"not_picked":["Coffee Dripper","theDuelist:HauntedRelic"],"picked":"Cursed Key"}],"items_purged_floors":[13,53],"is_endless":false,"potions_floor_spawned":[3,6,14,16,19,21,22,28,29,33,35,44],"killed_by":"The Heart","ascension_level":0}}