{"host":"xyxrly520c9wnx4a","time":1610558978,"event":{"mods":["AchievementEnabler","Act Like it!","BaseMod","Colored Powertips","Downfall","Minty Spire (QoL Compilation)","Poor People Problems","Quick Restart","Relic Stats","Replay The Spire","StSLib","The Hierophant","Twitch Decklist","UnlockEverythingMod","【功能Mod】混沌之环修复补丁"],"gold_per_floor":[109,34,34,34,34,34,48,48,48,73,73,93,121,121,148,177,177,275,275,290,365,383,397,423,458,475,475,475,475,493,511,521,47,47,142,142,155,155,237,237,248,248,258,258,258,50,50,50,102,141,141,149,149,149,21,53,57],"floor_reached":58,"language":"ZHS","playtime":4744,"items_purged":["Strike_B","Streamline"],"score":1388,"play_id":"32652390-f90d-4ce1-9783-54583270762b","local_time":"20210114012938","is_ascension_mode":true,"campfire_choices":[{"data":"Loop","floor":8.0,"key":"SMITH"},{"data":"Machine Learning","floor":14.0,"key":"SMITH"},{"data":"Dualcast","floor":17.0,"key":"SMITH"},{"floor":27.0,"key":"REST"},{"floor":34.0,"key":"REST"},{"data":"White Noise","floor":42.0,"key":"SMITH"},{"data":"Defragment","floor":44.0,"key":"SMITH"},{"data":"Panic Button","floor":47.0,"key":"SMITH"},{"floor":51.0,"key":"RECALL"},{"data":"Electrodynamics","floor":54.0,"key":"SMITH"}],"circlet_count":0,"master_deck":["Defend_B","Defend_B","Defend_B","Defend_B","Zap","Dualcast+1","Ball Lightning","Loop+1","Stack","Cold Snap","Machine Learning+1","Biased Cognition","ReplayRNGCard","White Noise+1","Compile Driver+1","Electrodynamics+1","Defragment+1","Self Repair","Redo","Skim+1","Time Bomb","Mirror Shield","Storm+1","BasicCrystalCard+1","expansioncontent:QuickStudy","Zap","Panic Button+1","Go for the Eyes+1","Consume+1","Force Field","Static Discharge","Static Discharge","Panic Button+1","Fusion+1","Echo Form","Lockon","Time Bomb+1"],"relics":["Cracked Core","NeowsBlessing","Iron Hammer","Tiny Chest","Geode","Oddly Smooth Stone","Nuclear Battery","Centennial Puzzle","Replay:Antivirus Software","StrikeDummy","DataDisk","Regal Pillow","Honey Jar","Prayer Wheel","Eternal Feather","The Courier","Bag of Preparation","Replay:Bandana","Blue Candle","ReplayTheSpireMod:Lightbulb"],"acts_visited":["Exordium","TheCity","TheBeyond","TheEnding"],"potions_floor_usage":[57,57],"damage_taken":[{"damage":0.0,"enemies":"2 Louse","floor":1.0,"turns":1.0},{"damage":0.0,"enemies":"Cultist","floor":7.0,"turns":1.0},{"damage":0.0,"enemies":"Lagavulin","floor":10.0,"turns":1.0},{"damage":0.0,"enemies":"Jaw Worm","floor":12.0,"turns":2.0},{"damage":8.0,"enemies":"Gremlin Nob","floor":13.0,"turns":3.0},{"damage":24.0,"enemies":"Lagavulin","floor":16.0,"turns":5.0},{"damage":4.0,"enemies":"Slime Boss","floor":18.0,"turns":8.0},{"damage":8.0,"enemies":"Shell Parasite","floor":20.0,"turns":5.0},{"damage":12.0,"enemies":"3 Byrds","floor":22.0,"turns":3.0},{"damage":2.0,"enemies":"Sentry and Sphere","floor":23.0,"turns":3.0},{"damage":25.0,"enemies":"Slavers","floor":25.0,"turns":2.0},{"damage":12.0,"enemies":"Snecko","floor":26.0,"turns":3.0},{"damage":18.0,"enemies":"Cultist and Chosen","floor":30.0,"turns":4.0},{"damage":12.0,"enemies":"Centurion and Healer","floor":31.0,"turns":4.0},{"damage":9.0,"enemies":"Snecko","floor":32.0,"turns":5.0},{"damage":19.0,"enemies":"Automaton","floor":35.0,"turns":5.0},{"damage":11.0,"enemies":"3 Shapes","floor":37.0,"turns":2.0},{"damage":0.0,"enemies":"Orb Walker","floor":41.0,"turns":1.0},{"damage":12.0,"enemies":"4 Shapes","floor":43.0,"turns":2.0},{"damage":0.0,"enemies":"Nemesis","floor":50.0,"turns":3.0},{"damage":17.0,"enemies":"Donu and Deca","floor":52.0,"turns":5.0},{"damage":53.0,"enemies":"Shield and Spear","floor":56.0,"turns":3.0},{"damage":23,"enemies":"The Heart","floor":57,"turns":8}],"seed_played":"631428730086894905","potions_obtained":[{"floor":16.0,"key":"Elixir"},{"floor":18.0,"key":"Weak Potion"},{"floor":23.0,"key":"champ:CounterPotion"},{"floor":26.0,"key":"Swift Potion"},{"floor":35.0,"key":"Fire Potion"},{"floor":37.0,"key":"Block Potion"},{"floor":41.0,"key":"AttackPotion"},{"floor":50.0,"key":"BlessingOfTheForge"},{"floor":56.0,"key":"Weak Potion"}],"is_trial":false,"path_per_floor":["M","$","?","PTL","PTL","$","M","R","$","E","T","M","E","R","T","E","R","B",null,"M","?","M","M","T","E","M","R","T","?","M","M","M","$","R","B",null,"M","?","T","?","M","R","M","R","T","$","R","?","T","E","R","B",null,"R","$","E","B",null],"character_chosen":"DEFECT","items_purchased":["DataDisk","Time Bomb","Regal Pillow","Bag of Preparation","Static Discharge","Panic Button","Echo Form","Lockon"],"campfire_rested":2,"item_purchase_floors":[33,33,33,46,46,46,55,55],"current_hp_per_floor":[75,75,75,75,75,75,75,75,75,75,75,75,67,67,67,43,43,39,75,67,60,48,46,46,21,9,31,31,31,20,18,19,19,56,44,75,71,71,71,71,71,75,73,75,75,75,75,75,75,75,75,68,75,75,75,22,14],"gold":57,"neow_bonus":"THREE_ENEMY_KILL","is_daily":false,"chose_seed":false,"campfire_upgraded":7,"win_rate":0.0,"timestamp":1610558978,"path_taken":["M","$","?","PTL","PTL","$","?","R","?","E","T","M","E","R","?","E","R","BOSS","M","?","?","M","?","E","M","R","T","?","?","M","M","$","R","BOSS","M","?","?","?","?","R","M","R","T","$","R","?","?","E","R","BOSS","R","$","E","BOSS"],"items_purchased_type":["Relic","Card","Relic","Relic","Card","Card","Card","Card"],"build_version":"2020-12-22","purchased_purges":2,"victory":true,"max_hp_per_floor":[75,75,75,75,75,75,75,75,75,75,75,75,75,75,75,75,75,75,75,75,75,75,75,75,75,75,75,75,75,75,75,75,75,75,75,75,75,75,75,75,75,75,75,75,75,75,75,75,75,75,75,75,75,75,75,75,75],"relic_stats":{"Centennial Puzzle":[33],"Regal Pillow":15,"counters":[23,78],"Blue Candle":[0],"Tiny Chest":3,"Prayer Wheel":3,"Eternal Feather":6,"Bag of Preparation":[8],"obtain_stats":[{"Regal Pillow":33,"NeowsBlessing":0,"Blue Candle":50,"Oddly Smooth Stone":16,"Eternal Feather":39,"The Courier":45,"Geode":15,"Bag of Preparation":46,"Nuclear Battery":19,"Centennial Puzzle":24,"DataDisk":33,"Replay:Bandana":49,"Honey Jar":36,"Tiny Chest":13,"Prayer Wheel":37,"Iron Hammer":10,"Replay:Antivirus Software":25,"Cracked Core":0,"StrikeDummy":28,"ReplayTheSpireMod:Lightbulb":56},{"Regal Pillow":15,"NeowsBlessing":0,"Blue Candle":20,"Oddly Smooth Stone":6,"Eternal Feather":17,"The Courier":19,"Geode":5,"Bag of Preparation":19,"Nuclear Battery":7,"Centennial Puzzle":10,"DataDisk":15,"Replay:Bandana":19,"Honey Jar":16,"Tiny Chest":5,"Prayer Wheel":17,"Iron Hammer":3,"Replay:Antivirus Software":11,"Cracked Core":0,"StrikeDummy":12,"ReplayTheSpireMod:Lightbulb":22},{"Regal Pillow":49,"NeowsBlessing":0,"Blue Candle":62,"Oddly Smooth Stone":13,"Eternal Feather":56,"The Courier":59,"Geode":8,"Bag of Preparation":59,"Nuclear Battery":21,"Centennial Puzzle":32,"DataDisk":49,"Replay:Bandana":59,"Honey Jar":54,"Tiny Chest":8,"Prayer Wheel":55,"Iron Hammer":3,"Replay:Antivirus Software":34,"Cracked Core":0,"StrikeDummy":37,"ReplayTheSpireMod:Lightbulb":70}]},"card_choices":[{"not_picked":["Gash","ReplayGash"],"picked":"Ball Lightning","floor":1.0},{"not_picked":["ReplayTheSpireMod:Calculation Training","ReplayTheSpireMod:GoodbyeWorld"],"picked":"Loop","floor":7.0},{"not_picked":["Hologram","Sweeping Beam"],"picked":"Stack","floor":10.0},{"not_picked":["Hologram","Sweeping Beam"],"picked":"Cold Snap","floor":12.0},{"not_picked":["BootSequence","Steam"],"picked":"Machine Learning","floor":13.0},{"not_picked":["Beam Cell","Leap"],"picked":"Biased Cognition","floor":16.0},{"not_picked":["Meteor Strike","Core Surge"],"picked":"ReplayRNGCard","floor":18.0},{"not_picked":["Ball Lightning+1","Turbo"],"picked":"White Noise","floor":20.0},{"not_picked":["Gash","Streamline"],"picked":"Compile Driver+1","floor":22.0},{"not_picked":["Gash","Leap"],"picked":"Electrodynamics","floor":23.0},{"not_picked":["Steam","Beam Cell"],"picked":"Defragment","floor":25.0},{"not_picked":["Rebound+1","Conserve Battery","ReplayTheSpireMod:GoodbyeWorld"],"picked":"SKIP","floor":26.0},{"not_picked":["Go for the Eyes","Conserve Battery"],"picked":"Redo","floor":30.0},{"not_picked":["Scrape","Sunder"],"picked":"Skim+1","floor":31.0},{"not_picked":["Compile Driver+1","Reprogram","Steam Power"],"picked":"SKIP","floor":32.0},{"not_picked":["Meteor Strike","ReplayRNGCard"],"picked":"ReplayTheSpireMod:Fabricate Wheel","floor":35.0},{"not_picked":["Stack","Go for the Eyes","Sweeping Beam+1"],"picked":"Storm+1","floor":37.0},{"not_picked":["Tempest+1","Chaos+1","Streamline+1"],"picked":"BasicCrystalCard+1","floor":37.0},{"not_picked":["Madness","Jack Of All Trades","expansioncontent:YouAreMine"],"picked":"expansioncontent:QuickStudy","floor":38.0},{"not_picked":["Stack","BasicCrystalCard","Sweeping Beam+1"],"picked":"Panic Button+1","floor":41.0},{"not_picked":["Panic Button","Ball Lightning","Compile Driver"],"picked":"Go for the Eyes+1","floor":41.0},{"not_picked":["Barrage+1","Ball Lightning","FTL+1"],"picked":"Consume+1","floor":43.0},{"not_picked":["Beam Cell+1","Blizzard+1","Rebound+1"],"picked":"Force Field","floor":43.0},{"not_picked":["Force Field","Go for the Eyes","Barrage"],"picked":"Fusion+1","floor":50.0},{"not_picked":["Machine Learning","Redo","Cold Snap"],"picked":"Time Bomb+1","floor":56.0}],"player_experience":68284,"relics_obtained":[{"floor":10.0,"key":"Iron Hammer"},{"floor":13.0,"key":"Tiny Chest"},{"floor":15.0,"key":"Geode"},{"floor":16.0,"key":"Oddly Smooth Stone"},{"floor":24.0,"key":"Centennial Puzzle"},{"floor":25.0,"key":"Replay:Antivirus Software"},{"floor":28.0,"key":"StrikeDummy"},{"floor":39.0,"key":"Eternal Feather"},{"floor":45.0,"key":"The Courier"},{"floor":49.0,"key":"Replay:Bandana"},{"floor":50.0,"key":"Blue Candle"},{"floor":56.0,"key":"ReplayTheSpireMod:Lightbulb"}],"event_choices":[{"cards_removed":["Strike_B"],"damage_healed":0.0,"max_hp_gain":0.0,"max_hp_loss":0.0,"gold_gain":0.0,"event_name":"Purifier","player_choice":"Purged","floor":3.0,"gold_loss":0.0,"damage_taken":0.0},{"damage_healed":0.0,"max_hp_gain":0.0,"max_hp_loss":0.0,"gold_gain":75.0,"event_name":"FaceTrader","player_choice":"Touch","floor":21.0,"gold_loss":0.0,"damage_taken":7.0},{"damage_healed":0.0,"max_hp_gain":0.0,"max_hp_loss":0.0,"gold_gain":0.0,"cards_transformed":["Strike_B","Strike_B"],"event_name":"Drug Dealer","player_choice":"Became Test Subject","floor":29.0,"gold_loss":0.0,"damage_taken":0.0,"cards_obtained":["Streamline","Self Repair"]},{"damage_healed":0.0,"max_hp_gain":0.0,"max_hp_loss":0.0,"gold_gain":0.0,"event_name":"SensoryStone","player_choice":"Memory 1","floor":38.0,"gold_loss":0.0,"damage_taken":0.0},{"damage_healed":0.0,"max_hp_gain":0.0,"max_hp_loss":0.0,"gold_gain":0.0,"event_name":"Match and Keep!","player_choice":"1 cards matched","floor":40.0,"gold_loss":0.0,"damage_taken":0.0,"cards_obtained":["Zap"]},{"damage_healed":0.0,"max_hp_gain":0.0,"max_hp_loss":0.0,"gold_gain":0.0,"event_name":"SecretPortal","player_choice":"Ignored","floor":48.0,"gold_loss":0.0,"damage_taken":0.0}],"is_beta":false,"boss_relics":[{"not_picked":["Replay:Grab Bag","SlaversCollar"],"picked":"Nuclear Battery"},{"not_picked":["Ring of Chaos","Painkiller Herb"],"picked":"Honey Jar"}],"items_purged_floors":[2,33],"is_endless":false,"potions_floor_spawned":[16,18,23,26,35,37,41,50,56],"ascension_level":3}}