{"host":"qy1e0kd24tpj3i2m","time":1610573830,"event":{"mods":["Act Like it!","Alarm Clock","BaseMod","Better Skull","Better Vampires","Colored Map","Colored Powertips","Custom Start","Faster Ascension Climbing","Friendly Minions","GifTheSpireLib","Gremlin Skip","Highlight Path","Minty Spire (QoL Compilation)","Permanent Neow","Poor People Problems","Quick Restart","Red Circlet Mod","Relic Sorter","Reorder Act Four","SacredBarkPlus","Shop Mod","StSLib","SuperFastMode","Transform Curses","没有小屋子和绿帽子啦"],"gold_per_floor":[14,14,64,83,101,101,119,139,139,139,64,97,97,111,111,202,202,202,202],"floor_reached":18,"language":"ZHS","playtime":1826,"items_purged":[],"score":324,"play_id":"002e8d29-88a2-46d2-af99-90f6e33f1fa6","local_time":"20210114063710","is_ascension_mode":true,"campfire_choices":[{"data":"Flame Barrier","floor":6.0,"key":"SMITH"},{"data":"Power Through","floor":13.0,"key":"SMITH"},{"data":"Second Wind","floor":15.0,"key":"SMITH"}],"circlet_count":0,"master_deck":["AscendersBane","Flame Barrier+1","Spot Weakness","Reckless Charge","Power Through+1","Pommel Strike","Second Wind+1","Impervious","Double Tap","Rupture","Battle Trance","Sever Soul","Bloodletting","Iron Wave","Iron Wave","Flex"],"relics":["Burning Blood","Juzu Bracelet","Golden Idol","Smiling Mask","Pandora\u0027s Box"],"acts_visited":["Exordium","TheCity"],"potions_floor_usage":[16,16],"damage_taken":[{"damage":9.0,"enemies":"Jaw Worm","floor":1.0,"turns":5.0},{"damage":7.0,"enemies":"Cultist","floor":4.0,"turns":5.0},{"damage":5.0,"enemies":"Small Slimes","floor":5.0,"turns":3.0},{"damage":18.0,"enemies":"3 Louse","floor":7.0,"turns":4.0},{"damage":8.0,"enemies":"Large Slime","floor":8.0,"turns":6.0},{"damage":41.0,"enemies":"Lagavulin","floor":12.0,"turns":7.0},{"damage":3.0,"enemies":"Blue Slaver","floor":14.0,"turns":4.0},{"damage":11,"enemies":"Hexaghost","floor":16,"turns":11},{"damage":13,"enemies":"Chosen","floor":18,"turns":4}],"seed_played":"-2885112605404709932","potions_obtained":[{"floor":7.0,"key":"SkillPotion"},{"floor":8.0,"key":"ElixirPotion"},{"floor":14.0,"key":"ColorlessPotion"},{"floor":16,"key":"FairyPotion"}],"is_trial":false,"path_per_floor":["M","$","?","M","M","R","M","M","T","?","?","E","R","M","R","B",null,"M"],"character_chosen":"IRONCLAD","items_purchased":[],"campfire_rested":0,"item_purchase_floors":[],"current_hp_per_floor":[65,65,58,57,58,58,46,44,44,44,44,9,9,12,12,7,53,40,40],"gold":202,"neow_bonus":"REMOVE_TWO","is_daily":false,"chose_seed":false,"campfire_upgraded":3,"win_rate":0.0,"timestamp":1610573830,"path_taken":["M","$","?","M","M","R","?","?","T","?","?","E","R","M","R","BOSS","M"],"items_purchased_type":[],"build_version":"2020-12-22","purchased_purges":0,"victory":false,"max_hp_per_floor":[75,75,75,75,75,75,75,75,75,68,68,68,68,68,68,68,68,68,68],"card_choices":[{"not_picked":["Thunderclap","Shockwave"],"picked":"Flame Barrier","floor":1.0},{"not_picked":["Armaments","Clash"],"picked":"Spot Weakness","floor":4.0},{"not_picked":["Battle Trance","Thunderclap"],"picked":"Reckless Charge","floor":5.0},{"not_picked":["Flex","Clash"],"picked":"Power Through","floor":7.0},{"not_picked":["Dropkick","Flex"],"picked":"Pommel Strike","floor":8.0},{"not_picked":["Warcry","Clothesline"],"picked":"Second Wind","floor":12.0},{"not_picked":["Iron Wave","Anger"],"picked":"Impervious","floor":14.0},{"not_picked":["Feed","Fiend Fire"],"picked":"Double Tap","floor":16}],"player_experience":913575,"relics_obtained":[{"floor":9.0,"key":"Juzu Bracelet"},{"floor":12.0,"key":"Smiling Mask"}],"event_choices":[{"damage_healed":0.0,"max_hp_gain":0.0,"max_hp_loss":0.0,"gold_gain":50.0,"event_name":"FaceTrader","player_choice":"Touch","floor":3.0,"gold_loss":0.0,"damage_taken":7.0},{"damage_healed":0.0,"max_hp_gain":0.0,"max_hp_loss":7.0,"gold_gain":0.0,"event_name":"Golden Idol","player_choice":"Lose Max HP","floor":10.0,"gold_loss":0.0,"damage_taken":0.0,"relics_obtained":["Golden Idol"]},{"cards_removed":["Strike_R"],"damage_healed":0.0,"max_hp_gain":0.0,"max_hp_loss":0.0,"gold_gain":0.0,"event_name":"The Cleric","player_choice":"Card Removal","floor":11.0,"gold_loss":75.0,"damage_taken":0.0}],"is_beta":false,"boss_relics":[{"not_picked":["Runic Dome","Philosopher\u0027s Stone"],"picked":"Pandora\u0027s Box"}],"items_purged_floors":[],"is_endless":false,"potions_floor_spawned":[7,8,14,16],"killed_by":"Chosen","ascension_level":20}}