{"host":"z9grmtg2w0nmz8n1","time":1610502573,"event":{"mods":["Aspiration","Bard","BaseMod","Beaked The Cultist","Better Altar","Better Match","Better Note","Better Sensory Stone","Better Skull","Better Third Choice","BetterRewards","CCEM","Colored Map","Conspire","Downfall","GifTheSpireLib","Googly Eyes","Halation","Hermit","Highlight Path","Hubris","Hunter ??","Jedi Mod","Jorbs\u0027s Wanderer Trilogy","Mad Scientist","Marisa????????","Minty Spire (QoL Compilation)","Permanent Neow","Replay The Spire","Shade Mod","Shop Mod","Spicy Shops","StSLib","Stuff the Spire","The Bug Knight","The Construct","The Necromancer","The Runesmith","The Witch"],"gold_per_floor":[110,110,123,123,123,123,159,159,184,203,128,147,185,185,185,315,315,333,356,73,98,98,98,98],"floor_reached":23,"language":"ENG","playtime":1219,"items_purged":["MadScienceMod:Strike_MadScience","MadScienceMod:Strike_MadScience"],"score":224,"play_id":"523bda84-2ef9-441f-9aa8-0302871ef050","local_time":"20210112234933","is_ascension_mode":false,"campfire_choices":[{"floor":6,"key":"RECALL"},{"data":"MadScienceMod:AutoStrike","floor":8,"key":"SMITH"},{"data":"MadScienceMod:JunkLaser","floor":15,"key":"SMITH"}],"circlet_count":0,"master_deck":["MadScienceMod:Strike_MadScience","MadScienceMod:Defend_MadScience","MadScienceMod:Defend_MadScience","MadScienceMod:Defend_MadScience","MadScienceMod:Defend_MadScience","MadScienceMod:PoweredStrike","MadScienceMod:HideBehindJunk+1","MadScienceMod:ParticleBeam","MadScienceMod:Detonate","MadScienceMod:AutoStrike+1","MadScienceMod:MechanicalClaw","MadScienceMod:JunkLaser+1","MadScienceMod:OilDrum","Panache","MadScienceMod:FlameCannon+1","MadScienceMod:HideBehindJunk+1"],"relics":["MadScienceMod:FuelTank","hubris:Icosahedron","Golden Idol","Darkstone Periapt","Vajra","Strawberry","Philosopher\u0027s Stone"],"acts_visited":["Exordium","TheCity"],"potions_floor_usage":[3,21,21],"damage_taken":[{"damage":0,"enemies":"Small Slimes","floor":1,"turns":6},{"damage":1,"enemies":"2 Louse","floor":3,"turns":5},{"damage":0,"enemies":"HollowMod:MossKnight","floor":7,"turns":11},{"damage":0,"enemies":"conspire:RoseBush","floor":10,"turns":2},{"damage":0,"enemies":"3 Louse","floor":12,"turns":1},{"damage":10,"enemies":"3 Sentries","floor":13,"turns":6},{"damage":61,"enemies":"Fading Forest","floor":16,"turns":11},{"damage":26,"enemies":"2 Thieves","floor":18,"turns":4},{"damage":4,"enemies":"conspire:FuzzyDice","floor":19,"turns":6},{"damage":14,"enemies":"Snake Plant","floor":21,"turns":2},{"damage":34,"enemies":"conspire:SneckoGhost","floor":23,"turns":7}],"seed_played":"-2502352050996290109","potions_obtained":[{"floor":1,"key":"LifebloodPotion"},{"floor":3,"key":"champ:CounterPotion"},{"floor":16,"key":"LiquidBronze"},{"floor":18,"key":"ColorlessPotion"}],"is_trial":false,"path_per_floor":["M","?","M","?","?","R","E","R","T","M","$","M","E","T","R","B",null,"M","M","$","M","?","E"],"character_chosen":"MAD_SCIENTIST","items_purchased":["Panache"],"campfire_rested":0,"item_purchase_floors":[20],"current_hp_per_floor":[75,75,74,69,69,69,69,69,69,69,69,69,67,67,67,16,76,50,46,46,32,32,0,0],"gold":98,"neow_bonus":"REMOVE_CARD","is_daily":false,"chose_seed":false,"campfire_upgraded":2,"win_rate":0.0,"timestamp":1610502573,"path_taken":["M","?","M","?","?","R","E","R","T","M","$","M","E","?","R","BOSS","M","M","$","M","?","E"],"items_purchased_type":["Card"],"build_version":"2020-12-22","purchased_purges":2,"victory":false,"max_hp_per_floor":[75,75,75,69,69,69,69,69,69,69,69,69,76,76,76,76,76,76,76,76,76,76,76,76],"card_choices":[{"not_picked":["MadScienceMod:MinatureWeapons","MadScienceMod:TimeDilationField"],"picked":"MadScienceMod:ParticleBeam","floor":1},{"not_picked":["MadScienceMod:Probe","MadScienceMod:ShrinkRay"],"picked":"MadScienceMod:Detonate","floor":3},{"not_picked":["MadScienceMod:Weaponize","MadScienceMod:Redesign"],"picked":"MadScienceMod:AutoStrike","floor":7},{"not_picked":["MadScienceMod:SoftenUp","MadScienceMod:Reconstitute"],"picked":"MadScienceMod:MechanicalClaw","floor":10},{"not_picked":["MadScienceMod:FlammableWall","MadScienceMod:Virus"],"picked":"MadScienceMod:JunkLaser","floor":12},{"not_picked":["MadScienceMod:Detonate","MadScienceMod:ParticleBeam","MadScienceMod:FlexibleSpear"],"picked":"SKIP","floor":13},{"not_picked":["MadScienceMod:FragmentationGrenade","MadScienceMod:ShrinkRay"],"picked":"MadScienceMod:OilDrum","floor":18},{"not_picked":["MadScienceMod:ShrinkRay","MadScienceMod:Retarget","MadScienceMod:MindControlBeam"],"picked":"SKIP","floor":19},{"not_picked":["MadScienceMod:SoftenUp","MadScienceMod:FumeBlast"],"picked":"MadScienceMod:FlameCannon+1","floor":21}],"player_experience":853978,"relics_obtained":[{"floor":7,"key":"Darkstone Periapt"},{"floor":9,"key":"Vajra"},{"floor":13,"key":"Strawberry"}],"event_choices":[{"damage_healed":0,"gold_gain":0,"player_choice":"Lose Max HP","damage_taken":0,"relics_obtained":["Golden Idol"],"max_hp_gain":0,"max_hp_loss":6,"event_name":"Golden Idol","floor":4,"gold_loss":0},{"damage_healed":0,"gold_gain":0,"player_choice":"Copied","damage_taken":0,"max_hp_gain":0,"max_hp_loss":0,"event_name":"Duplicator","floor":22,"gold_loss":0,"cards_obtained":["MadScienceMod:HideBehindJunk"]}],"is_beta":false,"boss_relics":[{"not_picked":["Fusion Hammer","hubris:RunicObelisk"],"picked":"Philosopher\u0027s Stone"}],"items_purged_floors":[11,20],"is_endless":false,"potions_floor_spawned":[1,3,16,18],"killed_by":"conspire:SneckoGhost","ascension_level":0}}