{"host":"8pjvbxl6xo882v42","time":1610560937,"event":{"mods":["AchievementEnabler","BaseMod","Minty Spire (QoL Compilation)","Replay The Spire","StSLib","The Cursed"],"gold_per_floor":[115,115,115,49,65,94,94,121,121,150,211,224,224,243,243,320,320,320,320,320,320,320,320,320,320,320,320,320,235,235,235,235,235,235,235,235,235,235,235,235,235,235,235,235,235,235,235,235,235,235],"floor_reached":51,"language":"FRA","playtime":3453,"items_purged":[],"score":1593,"play_id":"f8fdebcb-bcfa-4683-88a4-f71b8f9afe2c","local_time":"20210113190217","is_ascension_mode":true,"campfire_choices":[{"data":"Neutralize","floor":7,"key":"SMITH"},{"data":"Armaments","floor":13,"key":"SMITH"},{"floor":15,"key":"REST"},{"floor":23,"key":"REST"},{"floor":32,"key":"DIG"},{"data":"Shockwave","floor":40,"key":"SMITH"},{"floor":46,"key":"REST"},{"floor":49,"key":"REST"}],"circlet_count":0,"master_deck":["AscendersBane","Strike_R","Strike_R","Defend_R+1","Defend_R","Defend_R","Defend_R+1","Twin Strike+1","Battle Trance+1","Seeing Red+1","ReplayTheSpireMod:Muscle Training","Survivor","Neutralize+1","Combust+1","Pommel Strike","ReplayTheSpireMod:Stacked","Cleave","Armaments+1","Feed","Rupture+1","Uppercut+1","Disarm+1","Shockwave+1","Pommel Strike+1","Hemogenesis","Pommel Strike+1","Brutality","Heavy Blade+1","Twin Strike+1"],"relics":["Astrolabe","Ring of Searing","Pocketwatch","Omamori","Gambling Chip","Simple Rune","Potion Belt","Ectoplasm","Replay:Kaleidoscope","Onion Ring","Bag of Marbles","Pantograph","Quantum Egg","Sozu","Old Coin","Divine Protection"],"acts_visited":["Exordium","TheCity","TheBeyond"],"potions_floor_usage":[18,18,24,25,28,31,33,50],"damage_taken":[{"damage":7,"enemies":"Jaw Worm","floor":1,"turns":2},{"damage":7,"enemies":"Small Slimes","floor":5,"turns":2},{"damage":6,"enemies":"Lagavulin","floor":6,"turns":5},{"damage":14,"enemies":"Gremlin Nob","floor":8,"turns":3},{"damage":5,"enemies":"3 Sentries","floor":10,"turns":4},{"damage":3,"enemies":"Gremlin Nob","floor":11,"turns":2},{"damage":0,"enemies":"2 Louse","floor":12,"turns":2},{"damage":0,"enemies":"Exordium Wildlife","floor":14,"turns":2},{"damage":8,"enemies":"The Guardian","floor":16,"turns":8},{"damage":20,"enemies":"Chosen","floor":18,"turns":4},{"damage":27,"enemies":"3 Byrds","floor":19,"turns":4},{"damage":5,"enemies":"Snecko","floor":20,"turns":3},{"damage":5,"enemies":"Book of Stabbing","floor":24,"turns":4},{"damage":10,"enemies":"Cultist and Chosen","floor":25,"turns":5},{"damage":5,"enemies":"Gremlin Leader","floor":28,"turns":5},{"damage":2,"enemies":"Snake Plant","floor":30,"turns":4},{"damage":13,"enemies":"Sentry and Sphere","floor":31,"turns":5},{"damage":6,"enemies":"Automaton","floor":33,"turns":6},{"damage":10,"enemies":"Orb Walker","floor":35,"turns":3},{"damage":25,"enemies":"3 Darklings","floor":38,"turns":7},{"damage":5,"enemies":"Maw","floor":39,"turns":6},{"damage":30,"enemies":"Jaw Worm Horde","floor":41,"turns":4},{"damage":14,"enemies":"Spire Growth","floor":44,"turns":4},{"damage":17,"enemies":"Sphere and 2 Shapes","floor":47,"turns":6},{"damage":0,"enemies":"4 Shapes","floor":48,"turns":6},{"damage":52,"enemies":"Awakened One","floor":50,"turns":12}],"seed_played":"-3489276330203956710","potions_obtained":[{"floor":10,"key":"Flashbang"},{"floor":11,"key":"Adrenaline Potion"},{"floor":14,"key":"Doom Potion"},{"floor":16,"key":"Weak Potion"},{"floor":20,"key":"Swift Potion"},{"floor":24,"key":"Swift Potion"},{"floor":25,"key":"Swift Potion"},{"floor":30,"key":"Elixir"},{"floor":33,"key":"Weak Potion"}],"is_trial":false,"path_per_floor":["M","?","?","$","M","E","R","E","T","E","?","M","R","M","R","B",null,"M","M","M","?","?","R","E","M","T","?","E","?","M","M","R","B",null,"M","?","?","M","M","R","M","?","T","M","?","R","M","M","R","B",null],"character_chosen":"IRONCLAD","items_purchased":["Combust+1"],"campfire_rested":4,"item_purchase_floors":[4],"current_hp_per_floor":[61,61,61,61,54,48,48,34,34,29,26,26,26,26,48,40,66,46,22,17,17,8,31,30,20,20,20,19,19,20,7,7,26,73,71,71,71,53,59,59,32,32,32,23,23,51,43,52,82,58],"gold":235,"neow_bonus":"BOSS_RELIC","is_daily":false,"chose_seed":false,"campfire_upgraded":3,"win_rate":0.0,"timestamp":1610560937,"path_taken":["M","?","?","$","M","E","R","E","T","E","?","M","R","M","R","BOSS","M","M","M","?","?","R","E","M","T","?","E","?","M","M","R","BOSS","M","?","?","?","M","R","M","?","T","M","?","R","M","M","R","BOSS"],"items_purchased_type":["Card"],"build_version":"2020-12-22","purchased_purges":0,"victory":true,"max_hp_per_floor":[75,75,75,75,75,75,75,75,75,75,75,75,75,75,75,75,75,75,78,78,78,78,78,82,82,82,82,86,86,89,89,89,89,89,92,92,92,92,92,92,95,95,95,95,95,95,99,103,103,103],"card_choices":[{"not_picked":["Sword Boomerang","Perfected Strike"],"picked":"ReplayTheSpireMod:Muscle Training","floor":1},{"not_picked":["Clash","Wild Strike"],"picked":"Pommel Strike","floor":5},{"not_picked":["Perfected Strike","Sever Soul"],"picked":"ReplayTheSpireMod:Stacked","floor":6},{"not_picked":["Heavy Blade","Sword Boomerang","ReplayTheSpireMod:Muscle Training"],"picked":"SKIP","floor":8},{"not_picked":["Pommel Strike","ReplayTheSpireMod:Limb From Limb"],"picked":"Cleave","floor":10},{"not_picked":["Twin Strike","Sword Boomerang"],"picked":"Armaments","floor":12},{"not_picked":["Clothesline","Sword Boomerang","Armaments"],"picked":"SKIP","floor":14},{"not_picked":["Bludgeon","Exhume"],"picked":"Feed","floor":16},{"not_picked":["Havoc","Sword Boomerang","Perfected Strike"],"picked":"SKIP","floor":18},{"not_picked":["Heavy Blade","Reckless Charge"],"picked":"Rupture+1","floor":19},{"not_picked":["Havoc","Rage","Massacre"],"picked":"SKIP","floor":20},{"not_picked":["Replay:Many Hands","Twin Strike"],"picked":"Uppercut+1","floor":24},{"not_picked":["Flex","ReplayTheSpireMod:Corrosion Curse"],"picked":"Disarm+1","floor":25},{"not_picked":["Feel No Pain","Hemokinesis","Headbutt"],"picked":"SKIP","floor":28},{"not_picked":["ReplayTheSpireMod:Stacked","Wild Strike"],"picked":"Shockwave","floor":30},{"not_picked":["Replay:Undeath\u0027s Touch","Disarm"],"picked":"Pommel Strike+1","floor":31},{"not_picked":["Immolate","Corruption"],"picked":"Hemogenesis","floor":33},{"not_picked":["Entrench","ReplayTheSpireMod:Limb From Limb","Sword Boomerang"],"picked":"SKIP","floor":35},{"not_picked":["Armaments","Dual Wield","Havoc+1"],"picked":"SKIP","floor":38},{"not_picked":["Perfected Strike","Dropkick"],"picked":"Pommel Strike+1","floor":39},{"not_picked":["Entrench+1","Intimidate","Anger"],"picked":"SKIP","floor":41},{"not_picked":["Clash","Anger+1"],"picked":"Brutality","floor":44},{"not_picked":["Rampage","Anger"],"picked":"Heavy Blade+1","floor":47},{"not_picked":["Feel No Pain","Blood for Blood+1"],"picked":"Twin Strike+1","floor":48}],"player_experience":317653,"relics_obtained":[{"floor":2,"key":"Ring of Searing"},{"floor":6,"key":"Pocketwatch"},{"floor":8,"key":"Omamori"},{"floor":9,"key":"Gambling Chip"},{"floor":10,"key":"Simple Rune"},{"floor":11,"key":"Potion Belt"},{"floor":24,"key":"Replay:Kaleidoscope"},{"floor":26,"key":"Onion Ring"},{"floor":28,"key":"Bag of Marbles"},{"floor":32,"key":"Quantum Egg"},{"floor":43,"key":"Divine Protection"}],"event_choices":[{"damage_healed":0,"gold_gain":30,"player_choice":"Searched \u00272\u0027 times","damage_taken":0,"max_hp_gain":0,"max_hp_loss":0,"event_name":"Dead Adventurer","floor":11,"gold_loss":0},{"damage_healed":0,"gold_gain":0,"player_choice":"Ignored","damage_taken":0,"max_hp_gain":0,"max_hp_loss":0,"event_name":"Ghosts","floor":21,"gold_loss":0},{"damage_healed":0,"gold_gain":0,"player_choice":"Stopped","damage_taken":9,"max_hp_gain":0,"max_hp_loss":0,"event_name":"Cursed Tome","floor":22,"gold_loss":0},{"damage_healed":0,"gold_gain":0,"player_choice":"Smashed Altar","damage_taken":0,"max_hp_gain":0,"max_hp_loss":0,"event_name":"Forgotten Altar","floor":27,"gold_loss":0,"cards_obtained":["Decay"]},{"damage_healed":0,"gold_gain":0,"player_choice":"Obtained Relic","damage_taken":0,"relics_obtained":["Pantograph"],"max_hp_gain":0,"max_hp_loss":0,"event_name":"Addict","floor":29,"gold_loss":85},{"damage_healed":0,"gold_gain":0,"player_choice":"Ignored","damage_taken":0,"max_hp_gain":0,"max_hp_loss":0,"event_name":"Tomb of Lord Red Mask","floor":36,"gold_loss":0},{"damage_healed":0,"gold_gain":0,"player_choice":"Gave Potion","damage_taken":0,"relics_obtained":["Old Coin"],"max_hp_gain":0,"max_hp_loss":0,"event_name":"WeMeetAgain","floor":37,"gold_loss":0},{"damage_healed":0,"gold_gain":0,"player_choice":"Ignored","damage_taken":0,"max_hp_gain":0,"max_hp_loss":0,"event_name":"The Moai Head","floor":45,"gold_loss":0}],"is_beta":false,"boss_relics":[{"not_picked":["Painkiller Herb","Mark of Pain"],"picked":"Ectoplasm"},{"not_picked":["Replay:Drink Me","Velvet Choker"],"picked":"Sozu"}],"items_purged_floors":[],"is_endless":false,"potions_floor_spawned":[10,11,14,16,20,24,25,30,33,38,47,48],"ascension_level":17}}