{"host":"sxnl403xm2xmiyj1","time":1610529304,"event":{"mods":["AchievementEnabler","BaseMod","Colored Map","Keyboard Shortcuts","Minty Spire (QoL Compilation)","Quick Restart","StSLib","SuperFastMode"],"gold_per_floor":[113,113,127,137,137,164,164,164,164],"floor_reached":8,"language":"KOR","playtime":136,"items_purged":[],"score":109,"play_id":"a239205d-fdf4-4c07-a6e9-503b19d9de9a","local_time":"20210113181504","is_ascension_mode":true,"campfire_choices":[{"data":"Loop","floor":7,"key":"SMITH"}],"circlet_count":0,"master_deck":["AscendersBane","Strike_B","Strike_B","Strike_B","Strike_B","Defend_B","Defend_B","Defend_B","Defend_B","Zap","Dualcast","Beam Cell","Capacitor","Loop+1","Chill"],"relics":["Cracked Core","Unceasing Top","Question Card"],"acts_visited":["Exordium"],"potions_floor_usage":[6,8],"damage_taken":[{"damage":6,"enemies":"Cultist","floor":1,"turns":3},{"damage":4,"enemies":"2 Louse","floor":3,"turns":3},{"damage":0,"enemies":"Small Slimes","floor":4,"turns":3},{"damage":45,"enemies":"3 Sentries","floor":6,"turns":8},{"damage":18,"enemies":"Lagavulin","floor":8,"turns":4}],"seed_played":"3448678158732861770","potions_obtained":[{"floor":1,"key":"LiquidMemories"},{"floor":6,"key":"PotionOfCapacity"}],"is_trial":false,"path_per_floor":["M","T","M","M","?","E","R","E"],"character_chosen":"DEFECT","items_purchased":[],"campfire_rested":0,"item_purchase_floors":[],"current_hp_per_floor":[65,65,61,61,61,16,16,0,0],"gold":164,"neow_bonus":"TEN_PERCENT_HP_BONUS","is_daily":false,"chose_seed":false,"campfire_upgraded":1,"win_rate":0.0,"timestamp":1610529304,"path_taken":["M","?","?","M","?","E","R","E"],"items_purchased_type":[],"build_version":"2020-12-22","purchased_purges":0,"victory":false,"max_hp_per_floor":[78,78,78,78,78,78,78,78,78],"card_choices":[{"not_picked":["Hello World","Ball Lightning"],"picked":"Beam Cell","floor":1},{"not_picked":["Stack","Hologram"],"picked":"Capacitor","floor":3},{"not_picked":["Sweeping Beam","Conserve Battery"],"picked":"Loop","floor":4},{"not_picked":["Conserve Battery","Fusion"],"picked":"Chill","floor":6}],"player_experience":163714,"relics_obtained":[{"floor":2,"key":"Unceasing Top"},{"floor":6,"key":"Question Card"}],"event_choices":[{"damage_healed":0,"gold_gain":0,"player_choice":"Ignored","damage_taken":0,"max_hp_gain":0,"max_hp_loss":0,"event_name":"Liars Game","floor":5,"gold_loss":0}],"is_beta":false,"boss_relics":[],"items_purged_floors":[],"is_endless":false,"potions_floor_spawned":[1,6],"killed_by":"Lagavulin","ascension_level":19}}