{"host":"fkig9nrckec4xsh0","time":1610509973,"event":{"mods":["BaseMod","Colored Map","Minty Spire (QoL Compilation)","Quick Restart","Replay The Spire","StSLib"],"gold_per_floor":[117,117,117,133,58,84,84,110,136,167,177,177,187,218,218,323,323,337,355,383,383,383,383],"floor_reached":22,"language":"ENG","playtime":1029,"items_purged":["Strike_G"],"score":273,"play_id":"6b92fd8b-fe6f-444a-bd27-be4e75c7edbf","local_time":"20210112225253","is_ascension_mode":true,"campfire_choices":[{"data":"Infinite Blades","floor":7,"key":"SMITH"},{"floor":12,"key":"REST"},{"data":"Noxious Fumes","floor":15,"key":"SMITH"}],"circlet_count":0,"master_deck":["Strike_G","Strike_G+1","Strike_G+1","Strike_G","Defend_G","Defend_G","Defend_G","Defend_G","Defend_G+1","Survivor+1","Neutralize","Dagger Spray","Infinite Blades+1","Dagger Spray","Backflip","Dagger Throw","Noxious Fumes+1","Riddle With Holes","Replay:Bag of Tricks","Flying Knee","Poison Darts","Catalyst","ReplayTheSpireMod:The Works+1"],"relics":["Ring of the Snake","NeowsBlessing","PreservedInsect","Omamori","Simple Rune","Regal Pillow","Dream Catcher","Anchor","Cursed Key","Red Mask","Tiny Chest"],"acts_visited":["Exordium","TheCity"],"potions_floor_usage":[10,14,20,20],"damage_taken":[{"damage":0,"enemies":"Small Slimes","floor":1,"turns":1},{"damage":0,"enemies":"Jaw Worm","floor":4,"turns":1},{"damage":0,"enemies":"Gremlin Nob","floor":6,"turns":1},{"damage":20,"enemies":"Lagavulin","floor":8,"turns":7},{"damage":7,"enemies":"3 Sentries","floor":10,"turns":5},{"damage":0,"enemies":"Cultist","floor":11,"turns":3},{"damage":8,"enemies":"Large Slime","floor":13,"turns":6},{"damage":5,"enemies":"Lagavulin","floor":14,"turns":4},{"damage":24,"enemies":"Slime Boss","floor":16,"turns":8},{"damage":0,"enemies":"3 Byrds","floor":18,"turns":3},{"damage":2,"enemies":"2 Thieves","floor":19,"turns":4},{"damage":28,"enemies":"Masked Bandits","floor":20,"turns":4},{"damage":43,"enemies":"Centurion and Healer","floor":22,"turns":6}],"seed_played":"-8139939649550773719","potions_obtained":[{"floor":1,"key":"Dexterity Potion"},{"floor":8,"key":"Venom Potion"},{"floor":11,"key":"Adrenaline Potion"},{"floor":16,"key":"FearPotion"}],"is_trial":false,"path_per_floor":["M","?","?","M","$","E","R","E","T","E","M","R","M","E","R","B",null,"M","M","?","T","M"],"character_chosen":"THE_SILENT","items_purchased":[],"campfire_rested":1,"item_purchase_floors":[],"current_hp_per_floor":[70,56,38,38,38,38,38,18,18,11,11,47,39,34,34,10,70,70,68,40,40,0,0],"gold":383,"neow_bonus":"THREE_ENEMY_KILL","is_daily":false,"chose_seed":false,"campfire_upgraded":2,"win_rate":0.0,"timestamp":1610509973,"path_taken":["M","?","?","M","$","E","R","E","T","E","M","R","M","E","R","BOSS","M","M","?","?","?"],"items_purchased_type":[],"build_version":"2020-12-22","purchased_purges":1,"victory":false,"max_hp_per_floor":[70,70,70,70,70,70,70,70,70,70,70,70,70,70,70,70,70,70,70,70,70,70,70],"card_choices":[{"not_picked":["ReplayTheSpireMod:Shiv Toss","ReplayTheSpireMod:Speed Training"],"picked":"Dagger Spray","floor":1},{"not_picked":["Heel Hook","Fluid Movement"],"picked":"Infinite Blades","floor":4},{"not_picked":["PiercingWail","Choke"],"picked":"Dagger Spray","floor":6},{"not_picked":["Acrobatics","Masterful Stab"],"picked":"Backflip","floor":8},{"not_picked":["Dodge and Roll","Blur"],"picked":"Dagger Throw","floor":10},{"not_picked":["PiercingWail","Escape Plan"],"picked":"Noxious Fumes","floor":11},{"not_picked":["Eviscerate","Draining Mist"],"picked":"Riddle With Holes","floor":12},{"not_picked":["Toxin Wave","ReplayTheSpireMod:Scrap Shanks"],"picked":"Replay:Bag of Tricks","floor":13},{"not_picked":["Distraction","Prepared"],"picked":"Flying Knee","floor":14},{"not_picked":["Burst","Glass Knife"],"picked":"Poison Darts","floor":16},{"not_picked":["Flying Knee","Poisoned Stab"],"picked":"Catalyst","floor":18},{"not_picked":["PiercingWail","ReplayTheSpireMod:Tripwire","Riddle With Holes"],"picked":"SKIP","floor":19},{"not_picked":["Setup","Prepared"],"picked":"ReplayTheSpireMod:The Works+1","floor":20}],"player_experience":306162,"relics_obtained":[{"floor":6,"key":"Omamori"},{"floor":8,"key":"Simple Rune"},{"floor":9,"key":"Regal Pillow"},{"floor":10,"key":"Dream Catcher"},{"floor":14,"key":"Anchor"},{"floor":20,"key":"Red Mask"},{"floor":21,"key":"Tiny Chest"}],"event_choices":[{"damage_healed":0,"gold_gain":0,"player_choice":"Entered Light","damage_taken":14,"max_hp_gain":0,"max_hp_loss":0,"event_name":"Shining Light","floor":2,"gold_loss":0,"cards_upgraded":["Strike_G","Survivor"]},{"damage_healed":0,"gold_gain":0,"player_choice":"Success","damage_taken":18,"relics_obtained":["PreservedInsect"],"max_hp_gain":0,"max_hp_loss":0,"event_name":"Scrap Ooze","floor":3,"gold_loss":0},{"damage_healed":0,"gold_gain":0,"player_choice":"Fought Bandits","damage_taken":0,"max_hp_gain":0,"max_hp_loss":0,"event_name":"Masked Bandits","floor":20,"gold_loss":0}],"is_beta":false,"boss_relics":[{"not_picked":["Honey Jar","Snecko Scales"],"picked":"Cursed Key"}],"items_purged_floors":[5],"is_endless":false,"potions_floor_spawned":[1,8,11,16],"killed_by":"Centurion and Healer","ascension_level":3}}