{"host":"y8cpnk8u7pqs5ve6","time":1610549797,"event":{"mods":["Act Like it!","BaseMod","Gold Saver","Hallownest","Hermit","Minty Spire (QoL Compilation)","Quick Restart","StSLib","The Cursed","The Servant 0.9.4","WarShipGirlsR/’ΩΩ¢…Ÿ≈ÆR mod","Yakumo Yukari mod"],"gold_per_floor":[118,130,140,23,98,98,114,130,130,145,145,158,177,68,68,165,165,184,109,109,128,128,128,128,128],"floor_reached":24,"language":"ZHS","playtime":1934,"items_purged":["TheCursedMod:Defend_TheCursed"],"score":215,"play_id":"1cfaec91-e191-4a5a-94a7-db7394fa132a","local_time":"20210113225637","is_ascension_mode":false,"campfire_choices":[{"data":"TheCursedMod:SpitefulPlan","floor":6,"key":"SMITH"},{"data":"TheCursedMod:CleanUpWorkshop","floor":15,"key":"SMITH"},{"data":"TheCursedMod:CollectTribute","floor":23,"key":"SMITH"}],"circlet_count":0,"master_deck":["TheCursedMod:Strike_TheCursed","TheCursedMod:Strike_TheCursed","TheCursedMod:Strike_TheCursed","TheCursedMod:Strike_TheCursed","TheCursedMod:Defend_TheCursed","TheCursedMod:Defend_TheCursed","TheCursedMod:Defend_TheCursed","TheCursedMod:CursedWand","TheCursedMod:CleanUpWorkshop+1","TheCursedMod:Dregs","TheCursedMod:Wield","TheCursedMod:SmokeScreen","TheCursedMod:SpitefulPlan+1","TheCursedMod:CursedAmulet","TheCursedMod:SoulReap","TheCursedMod:BlessingInDisguise","TheCursedMod:CursedBoomerang","TheCursedMod:CursedAmulet","TheCursedMod:ShockAndAwe","TheCursedMod:AshesToAshes","TheCursedMod:LuckyCharm","TheCursedMod:CollectTribute+1","TheCursedMod:CursedSpellbook"],"relics":["TheCursedMod:BlackMagic101","NeowsBlessing","Pantograph","Coffee Dripper","Mango"],"acts_visited":["Exordium","TheCity"],"potions_floor_usage":[16,18],"damage_taken":[{"damage":0,"enemies":"Cultist","floor":1,"turns":1},{"damage":0,"enemies":"Small Slimes","floor":2,"turns":1},{"damage":0,"enemies":"Jaw Worm","floor":3,"turns":1},{"damage":4,"enemies":"Red Slaver","floor":7,"turns":7},{"damage":3,"enemies":"2 Fungi Beasts","floor":8,"turns":4},{"damage":1,"enemies":"Exordium Wildlife","floor":10,"turns":3},{"damage":6,"enemies":"Red Slaver","floor":12,"turns":4},{"damage":0,"enemies":"3 Louse","floor":13,"turns":3},{"damage":47,"enemies":"Hexaghost","floor":16,"turns":17},{"damage":7,"enemies":"3 Byrds","floor":18,"turns":5},{"damage":6,"enemies":"Shell Parasite","floor":21,"turns":7},{"damage":59,"enemies":"Slavers","floor":24,"turns":8}],"seed_played":"2631686283989603034","potions_obtained":[{"floor":7,"key":"Energy Potion"},{"floor":8,"key":"Explosive Potion"},{"floor":10,"key":"Weak Potion"}],"is_trial":false,"path_per_floor":["M","M","M","$","?","R","M","M","T","M","?","M","M","$","R","B",null,"M","$","?","M","?","R","E"],"character_chosen":"THE_CURSED","items_purchased":["TheCursedMod:CursedAmulet","TheCursedMod:SoulReap","TheCursedMod:LuckyCharm","TheCursedMod:CursedSpellbook"],"campfire_rested":0,"item_purchase_floors":[4,4,14,19],"current_hp_per_floor":[75,75,75,75,64,64,65,62,62,61,61,60,65,65,65,33,75,68,68,82,81,64,64,8,8],"gold":128,"neow_bonus":"THREE_ENEMY_KILL","is_daily":false,"chose_seed":false,"campfire_upgraded":3,"win_rate":0.0,"timestamp":1610549797,"path_taken":["M","?","M","$","?","R","M","M","T","M","?","M","M","$","R","BOSS","M","$","?","M","?","R","E"],"items_purchased_type":["Card","Card","Card","Card"],"build_version":"2020-12-22","purchased_purges":1,"victory":false,"max_hp_per_floor":[75,75,75,75,75,75,75,75,75,75,75,75,75,75,75,75,75,75,75,89,89,94,94,94,94],"card_choices":[{"not_picked":["TheCursedMod:CircleOfCorruption","TheCursedMod:SoulCrush"],"picked":"TheCursedMod:Wield","floor":1},{"not_picked":["TheCursedMod:Stigma","TheCursedMod:CursedMace"],"picked":"TheCursedMod:SmokeScreen","floor":2},{"not_picked":["TheCursedMod:FuryStrike","TheCursedMod:CircleOfAmplification"],"picked":"TheCursedMod:SpitefulPlan","floor":3},{"not_picked":["TheCursedMod:DoubleShield","TheCursedMod:SurpriseAttack"],"picked":"TheCursedMod:BlessingInDisguise","floor":7},{"not_picked":["TheCursedMod:Wield","TheCursedMod:TacticalStrike"],"picked":"TheCursedMod:CursedBoomerang","floor":8},{"not_picked":["TheCursedMod:Stretching","TheCursedMod:DoubleShield"],"picked":"TheCursedMod:CursedAmulet","floor":10},{"not_picked":["TheCursedMod:CircleOfFocus","TheCursedMod:RavingStaff"],"picked":"TheCursedMod:ShockAndAwe","floor":12},{"not_picked":["TheCursedMod:WearCloak","TheCursedMod:Obscuration"],"picked":"TheCursedMod:AshesToAshes","floor":13},{"not_picked":["TheCursedMod:AntiAging","TheCursedMod:OutForBlood"],"picked":"TheCursedMod:CollectTribute","floor":16},{"not_picked":["TheCursedMod:RavingStaff","TheCursedMod:CursedShiv","TheCursedMod:DoubleShield"],"picked":"SKIP","floor":18},{"not_picked":["TheCursedMod:SoulCrush","TheCursedMod:BloodBarrier","TheCursedMod:CircleOfFlame"],"picked":"SKIP","floor":21}],"player_experience":210458,"relics_obtained":[{"floor":9,"key":"Pantograph"}],"event_choices":[{"damage_healed":0,"gold_gain":75,"player_choice":"Gather Gold","damage_taken":11,"max_hp_gain":0,"max_hp_loss":0,"event_name":"World of Goop","floor":5,"gold_loss":0},{"damage_healed":0,"gold_gain":0,"player_choice":"Ignored","damage_taken":0,"max_hp_gain":0,"max_hp_loss":0,"event_name":"NoteForYourself","floor":11,"gold_loss":0},{"damage_healed":0,"gold_gain":0,"player_choice":"Opened","damage_taken":0,"relics_obtained":["Mango"],"max_hp_gain":0,"max_hp_loss":0,"event_name":"The Mausoleum","floor":20,"gold_loss":0},{"damage_healed":0,"gold_gain":0,"player_choice":"Shed Blood","damage_taken":22,"max_hp_gain":5,"max_hp_loss":0,"event_name":"Forgotten Altar","floor":22,"gold_loss":0}],"is_beta":false,"boss_relics":[{"not_picked":["Cursed Key","Snecko Eye"],"picked":"Coffee Dripper"}],"items_purged_floors":[14],"is_endless":false,"potions_floor_spawned":[7,8,10,13],"killed_by":"Slavers","ascension_level":0}}