{"host":"a3oe3gstxz77c7qu","time":1610577117,"event":{"mods":["2.2 Compatiblity","Act Like it!","Astrologer","BaseMod","Bestiary","Better Altar","Better Match","Better Note","Better Skull","Better Third Choice","Block Reminder","Curses Come First","Custom Start","Dark Map","Downfall","Friendly Minions","GifTheSpireLib","Hermit","Jorbs\u0027s Wanderer Trilogy","Lobotomy","LobotomyExtend","Marisa????????","Minty Spire (QoL Compilation)","Permanent Neow","Quick Restart","Relic Stats","Replay The Spire","StSLib","The Bug Knight","The Cursed","The Disciple","Uncapped","Unknown Chances","Wandering Minibosses"],"gold_per_floor":[99,117,128,141,51,51,78,97,22,54,54,88,73,58,58,162,262,187,199,199,218,228,228,228,228],"floor_reached":23,"language":"ENG","playtime":1632,"items_purged":["Guardian:Strike_Guardian"],"score":280,"play_id":"a5438e39-884e-4c0e-838c-47e7319d4b58","local_time":"20210113223157","is_ascension_mode":true,"campfire_choices":[{"floor":1,"key":"RECALL"},{"data":"Guardian:StasisField","floor":9,"key":"SMITH"},{"data":"Guardian:PrismaticBarrier","floor":11,"key":"SMITH"},{"data":"Guardian:TimeSifter","floor":18,"key":"SMITH"}],"circlet_count":0,"master_deck":["Guardian:Strike_Guardian","Guardian:Strike_Guardian","Guardian:Strike_Guardian","Guardian:Defend_Guardian","Guardian:Defend_Guardian","Guardian:Defend_Guardian","Guardian:CurlUp","Guardian:TwinSlam","Guardian:StasisField+1","Guardian:BronzeArmor","Guardian:PrismaticBarrier+1","Pot Of Greed","Pot Of Greed","Guardian:TimeSifter+1","Guardian:ExploitGems","Guardian:Gem_Red","Guardian:Gem_Lightblue"],"relics":["Guardian:ModeShifter","LetterFromLob","downfall:HeartBlessingRed","InkBottle","Grinning Jar","Replay:Wanted Poster","downfall:HeartBlessingBlue"],"acts_visited":["Exordium","TheCity"],"potions_floor_usage":[10,12,19,19],"damage_taken":[{"damage":4,"enemies":"Small Slimes","floor":2,"turns":5},{"damage":0,"enemies":"Cultist","floor":3,"turns":5},{"damage":0,"enemies":"2 Louse","floor":4,"turns":3},{"damage":4,"enemies":"downfall:FleeingMerchant","floor":5,"turns":4},{"damage":0,"enemies":"2 Fungi Beasts","floor":8,"turns":5},{"damage":0,"enemies":"3 Sentries","floor":10,"turns":8},{"damage":13,"enemies":"Lagavulin","floor":12,"turns":10},{"damage":4,"enemies":"downfall:FleeingMerchant","floor":13,"turns":4},{"damage":2,"enemies":"downfall:FleeingMerchant","floor":14,"turns":4},{"damage":11,"enemies":"downfall:Silent","floor":16,"turns":25},{"damage":46,"enemies":"Chosen","floor":19,"turns":11},{"damage":10,"enemies":"3 Byrds","floor":21,"turns":5},{"damage":8,"enemies":"Shelled Parasite and Fungi","floor":22,"turns":8},{"damage":27,"enemies":"Snecko","floor":23,"turns":5}],"seed_played":"-2835185245353222797","potions_obtained":[{"floor":2,"key":"SkillPotion"},{"floor":3,"key":"Explosive Potion"},{"floor":8,"key":"Strength Potion"},{"floor":10,"key":"Elixir"}],"is_trial":false,"path_per_floor":["R","M","M","M","$","?","T","M","R","E","R","E","$","$","M","B",null,"R","M","?","M","M","M"],"character_chosen":"GUARDIAN","items_purchased":[],"campfire_rested":0,"item_purchase_floors":[],"current_hp_per_floor":[80,76,76,76,72,72,72,72,72,72,72,59,55,53,80,69,77,87,41,41,31,23,0,0,0],"gold":228,"neow_bonus":"ONE_RANDOM_RARE_CARD","is_daily":false,"chose_seed":false,"campfire_upgraded":3,"win_rate":0.0,"timestamp":1610577117,"path_taken":["R","M","M","M","$","?","T","?","R","E","R","E","?","$","M","BOSS","R","M","?","M","M","M"],"items_purchased_type":[],"build_version":"2020-12-22","purchased_purges":1,"victory":false,"max_hp_per_floor":[80,80,80,80,80,80,80,80,80,80,80,80,80,80,80,80,80,90,90,90,90,90,90,90,90],"relic_stats":{"counters":[14,102],"obtain_stats":[{"Replay:Wanted Poster":17,"downfall:HeartBlessingRed":9,"downfall:HeartBlessingBlue":18,"Guardian:ModeShifter":0,"LetterFromLob":3,"Grinning Jar":12,"InkBottle":10},{"Replay:Wanted Poster":10,"downfall:HeartBlessingRed":5,"downfall:HeartBlessingBlue":10,"Guardian:ModeShifter":0,"LetterFromLob":2,"Grinning Jar":7,"InkBottle":6},{"Replay:Wanted Poster":73,"downfall:HeartBlessingRed":22,"downfall:HeartBlessingBlue":73,"Guardian:ModeShifter":0,"LetterFromLob":10,"Grinning Jar":40,"InkBottle":30}],"InkBottle":[35]},"card_choices":[{"not_picked":["Guardian:Gem_Green","Guardian:DonusPower"],"picked":"Guardian:Gem_Cyan","floor":2},{"not_picked":["Guardian:Incinerate","Guardian:RollAttack","Guardian:Gem_Green"],"picked":"SKIP","floor":3},{"not_picked":["Guardian:BronzeOrb","Guardian:Gem_Cyan"],"picked":"Guardian:BronzeArmor","floor":4},{"not_picked":["Guardian:EvasiveProtocol","Guardian:Incinerate"],"picked":"Guardian:PrismaticBarrier","floor":5},{"not_picked":["Guardian:TemporalShield","Guardian:TemporalStrike","Guardian:PiercingHide"],"picked":"SKIP","floor":8},{"not_picked":["Guardian:RollAttack","Guardian:HyperBeam_Guardian","Guardian:ShieldCharger"],"picked":"SKIP","floor":10},{"not_picked":["Guardian:CrystalBeam","Guardian:Reroute","Guardian:MultiBeam"],"picked":"SKIP","floor":12},{"not_picked":["Guardian:TemporalStrike","Guardian:ChargeCore"],"picked":"Guardian:Gem_Green","floor":13},{"not_picked":["Guardian:WalkerClaw","Guardian:Incinerate"],"picked":"Guardian:TimeSifter","floor":14},{"not_picked":["Guardian:ConstructionForm","Guardian:BaubleBeam"],"picked":"Guardian:ExploitGems","floor":16},{"not_picked":["Guardian:Suspension","Guardian:Incinerate+1","Guardian:Recover"],"picked":"SKIP","floor":19},{"not_picked":["Guardian:VentSteam","Guardian:Gem_Lightblue"],"picked":"Guardian:Gem_Red","floor":21},{"not_picked":["Guardian:PrismaticBarrier","Guardian:DecasProtection"],"picked":"Guardian:Gem_Lightblue","floor":22}],"player_experience":1004886,"relics_obtained":[{"floor":3,"key":"LetterFromLob"},{"floor":10,"key":"InkBottle"},{"floor":12,"key":"Grinning Jar"}],"event_choices":[],"is_beta":false,"boss_relics":[{"not_picked":["Replay:Bronze Core","Replay:Drink Me"],"picked":"Replay:Wanted Poster"}],"items_purged_floors":[5],"is_endless":false,"potions_floor_spawned":[2,3,8,10],"killed_by":"Snecko","ascension_level":5}}