{"host":"52m1o8iwwagurbjs","time":1610510979,"event":{"mods":["AchievementEnabler","BaseMod","Bestiary","Colored Powertips","GifTheSpireLib","Minty Spire (QoL Compilation)","Quick Restart","RNG Fix","Relic Stats","StSLib"],"gold_per_floor":[109,124,140,9,20,20,47,17,17,17,31,31,41,72,72,147,147,166,183,183,98,98,98,118,151,151,180,180,193,193,205,205,205,205],"floor_reached":33,"language":"ENG","playtime":1849,"items_purged":["Strike_G"],"score":694,"play_id":"93f77de7-5e58-4a65-86b9-129ae16c149d","local_time":"20210112230939","is_ascension_mode":true,"campfire_choices":[{"data":"Dagger Spray","floor":6.0,"key":"SMITH"},{"data":"Finisher","floor":10.0,"key":"SMITH"},{"data":"All Out Attack","floor":12.0,"key":"SMITH"},{"data":"Cloak And Dagger","floor":15.0,"key":"SMITH"},{"data":"After Image","floor":23,"key":"SMITH"},{"floor":32,"key":"REST"}],"circlet_count":0,"master_deck":["AscendersBane","Survivor","Neutralize","All Out Attack+1","Finisher+1","Slice","Poisoned Stab","Dagger Spray+1","Backflip","Deflect","Cloak And Dagger+1","Backstab","After Image+1","Cloak And Dagger","Glass Knife","Underhanded Strike","PiercingWail","Doppelganger","Caltrops","Underhanded Strike","Skewer","Blur+1","Slice+1","PiercingWail","Footwork+1"],"relics":["Ring of the Snake","Akabeko","HornCleat","Oddly Smooth Stone","Bottled Flame","Pandora\u0027s Box","StoneCalendar","Ice Cream","Omamori","Potion Belt","Enchiridion"],"acts_visited":["Exordium","TheCity"],"potions_floor_usage":[24,25,33],"damage_taken":[{"damage":0.0,"enemies":"2 Louse","floor":1.0,"turns":2.0},{"damage":0.0,"enemies":"Jaw Worm","floor":2.0,"turns":3.0},{"damage":2.0,"enemies":"Small Slimes","floor":3.0,"turns":2.0},{"damage":4.0,"enemies":"Exordium Thugs","floor":5.0,"turns":3.0},{"damage":8.0,"enemies":"Gremlin Nob","floor":7.0,"turns":3.0},{"damage":0.0,"enemies":"2 Fungi Beasts","floor":11.0,"turns":1.0},{"damage":0.0,"enemies":"Lots of Slimes","floor":13.0,"turns":1.0},{"damage":0.0,"enemies":"Lagavulin","floor":14.0,"turns":5.0},{"damage":15.0,"enemies":"The Guardian","floor":16.0,"turns":14.0},{"damage":0.0,"enemies":"Chosen","floor":18.0,"turns":3.0},{"damage":6.0,"enemies":"Spheric Guardian","floor":19.0,"turns":4.0},{"damage":16,"enemies":"Shelled Parasite and Fungi","floor":24,"turns":7},{"damage":0,"enemies":"Gremlin Leader","floor":25,"turns":5},{"damage":5,"enemies":"Book of Stabbing","floor":27,"turns":5},{"damage":0,"enemies":"Snake Plant","floor":29,"turns":3},{"damage":2,"enemies":"Centurion and Healer","floor":31,"turns":6},{"damage":35,"enemies":"Automaton","floor":33,"turns":8}],"seed_played":"-7675393386393030855","potions_obtained":[{"floor":3.0,"key":"EntropicBrew"},{"floor":7.0,"key":"SkillPotion"},{"floor":14.0,"key":"Fire Potion"},{"floor":16.0,"key":"Explosive Potion"},{"floor":19.0,"key":"EssenceOfSteel"},{"floor":25,"key":"GhostInAJar"}],"is_trial":false,"path_per_floor":["M","M","M","$","M","R","E","$","T","R","M","R","M","E","R","B",null,"M","M","?","?","$","R","M","E","T","E","?","M","?","M","R","B"],"character_chosen":"THE_SILENT","items_purchased":["Poisoned Stab","Backflip"],"campfire_rested":1,"item_purchase_floors":[4,8],"current_hp_per_floor":[59,59,57,57,53,53,45,45,45,45,45,45,45,45,45,30,57,57,51,51,51,51,51,35,35,35,30,9,9,9,7,26,0,0],"gold":205,"neow_bonus":"RANDOM_COMMON_RELIC","is_daily":false,"chose_seed":false,"campfire_upgraded":5,"win_rate":0.0,"timestamp":1610510979,"path_taken":["M","M","M","?","M","R","E","?","T","R","M","R","?","E","R","BOSS","M","M","?","?","$","R","M","E","T","E","?","M","?","M","R","BOSS"],"items_purchased_type":["Card","Card"],"build_version":"2020-12-22","purchased_purges":1,"victory":false,"max_hp_per_floor":[66,66,66,66,66,66,66,66,66,66,66,66,66,66,66,66,66,66,66,66,66,66,66,66,66,66,66,66,66,66,66,66,66,66],"relic_stats":{"counters":[17,75],"Pandora\u0027s Box":["Cloak And Dagger","Glass Knife","Underhanded Strike","Tactician","PiercingWail","Doppelganger","Caltrops","Underhanded Strike","Skewer"],"StoneCalendar":[52],"obtain_stats":[{"Ice Cream":25,"Potion Belt":27,"Bottled Flame":14,"HornCleat":7,"Oddly Smooth Stone":9,"Enchiridion":28,"Pandora\u0027s Box":17,"StoneCalendar":21,"Omamori":26,"Akabeko":0,"Ring of the Snake":0},{"Ice Cream":13,"Potion Belt":14,"Bottled Flame":8,"HornCleat":5,"Oddly Smooth Stone":5,"Enchiridion":14,"Pandora\u0027s Box":9,"StoneCalendar":11,"Omamori":13,"Akabeko":0,"Ring of the Snake":0},{"Ice Cream":53,"Potion Belt":58,"Bottled Flame":20,"HornCleat":13,"Oddly Smooth Stone":13,"Enchiridion":58,"Pandora\u0027s Box":34,"StoneCalendar":41,"Omamori":53,"Akabeko":0,"Ring of the Snake":0}],"Ring of the Snake":[34]},"card_choices":[{"not_picked":["Masterful Stab","Sucker Punch"],"picked":"All Out Attack","floor":1.0},{"not_picked":["Deflect","Dagger Throw"],"picked":"Finisher","floor":2.0},{"not_picked":["Blur","Underhanded Strike"],"picked":"Slice","floor":3.0},{"not_picked":["Escape Plan","Bouncing Flask"],"picked":"Dagger Spray","floor":5.0},{"not_picked":["Prepared","Night Terror","Riddle With Holes"],"picked":"SKIP","floor":7.0},{"not_picked":["Deadly Poison","Choke"],"picked":"Deflect","floor":11.0},{"not_picked":["Setup","Underhanded Strike"],"picked":"Cloak And Dagger","floor":13.0},{"not_picked":["Heel Hook","Dagger Spray"],"picked":"Backstab","floor":14.0},{"not_picked":["Envenom","Glass Knife"],"picked":"After Image","floor":16.0},{"not_picked":["Finisher","Flechettes","Setup"],"picked":"SKIP","floor":18.0},{"not_picked":["Prepared","Blade Dance"],"picked":"Blur+1","floor":19.0},{"not_picked":["Outmaneuver","Noxious Fumes"],"picked":"Slice+1","floor":24},{"not_picked":["Outmaneuver+1","Quick Slash","Cloak And Dagger"],"picked":"SKIP","floor":25},{"not_picked":["Backflip","Tactician","Riddle With Holes"],"picked":"SKIP","floor":27},{"not_picked":["Endless Agony","Die Die Die"],"picked":"PiercingWail","floor":29},{"not_picked":["Finisher","Sucker Punch"],"picked":"Footwork+1","floor":31}],"player_experience":1114261,"relics_obtained":[{"floor":7.0,"key":"HornCleat"},{"floor":9.0,"key":"Oddly Smooth Stone"},{"floor":14.0,"key":"Bottled Flame"},{"floor":25,"key":"Ice Cream"},{"floor":26,"key":"Omamori"},{"floor":27,"key":"Potion Belt"},{"floor":28,"key":"Enchiridion"}],"event_choices":[{"cards_removed":["Tactician"],"damage_healed":0,"gold_gain":0,"player_choice":"Elegance","damage_taken":0,"max_hp_gain":0,"max_hp_loss":0,"event_name":"Back to Basics","floor":20,"gold_loss":0},{"damage_healed":0,"gold_gain":0,"player_choice":"Obtained Relic","damage_taken":0,"relics_obtained":["StoneCalendar"],"max_hp_gain":0,"max_hp_loss":0,"event_name":"Addict","floor":21,"gold_loss":85},{"damage_healed":0,"gold_gain":0,"player_choice":"Obtained Book","damage_taken":21,"max_hp_gain":0,"max_hp_loss":0,"event_name":"Cursed Tome","floor":28,"gold_loss":0},{"damage_healed":0,"gold_gain":0,"player_choice":"Smashed Altar","damage_taken":0,"max_hp_gain":0,"max_hp_loss":0,"event_name":"Forgotten Altar","floor":30,"gold_loss":0,"cards_obtained":["Decay"]}],"is_beta":false,"boss_relics":[{"not_picked":["Empty Cage","HoveringKite"],"picked":"Pandora\u0027s Box"}],"items_purged_floors":[4],"is_endless":false,"potions_floor_spawned":[3,7,14,16,19,25],"killed_by":"Automaton","ascension_level":20}}