{"host":"x8gxsinbf7j7wbos","time":1610553111,"event":{"mods":["AchievementEnabler","BaseMod","Better Note","BetterRewards","Colored Powertips","Curses Come First","Minty Spire (QoL Compilation)","Permanent Neow","Poor People Problems","Robot Space Explorer","StSLib"],"gold_per_floor":[119,119,35,54,64,64,74,74,74,74,74,101,139,162,162,275,275,289,303,303,303,303,303,344,344,344,344,169,269,279,317,317,425,470,499,549,549,558,558,592,592,198,198,198,220,220,236,264,264,264,264,264,69,104,104,104],"floor_reached":55,"language":"ENG","playtime":4927,"items_purged":["RobotSpaceExplorer:Strike","RobotSpaceExplorer:Scanner"],"score":834,"play_id":"43d4c02d-dc0b-4d82-9d3f-6178540c5247","local_time":"20210113235151","is_ascension_mode":false,"campfire_choices":[{"data":"RobotSpaceExplorer:Pulsar","floor":6,"key":"SMITH"},{"data":"RobotSpaceExplorer:ChargingLaser","floor":8,"key":"SMITH"},{"data":"RobotSpaceExplorer:MiniBoosters","floor":10,"key":"SMITH"},{"data":"RobotSpaceExplorer:Pulsar","floor":15,"key":"SMITH"},{"data":"RobotSpaceExplorer:ShovelStrike","floor":23,"key":"SMITH"},{"data":"RobotSpaceExplorer:Comet","floor":25,"key":"SMITH"},{"data":"RobotSpaceExplorer:Scanner","floor":27,"key":"SMITH"},{"data":"RobotSpaceExplorer:Pulsar","floor":32,"key":"SMITH"},{"data":"RobotSpaceExplorer:PowerCollector","floor":41,"key":"SMITH"},{"data":"RobotSpaceExplorer:Accelerator","floor":44,"key":"SMITH"},{"data":"RobotSpaceExplorer:Multitool","floor":46,"key":"SMITH"},{"floor":49,"key":"RECALL"},{"data":"RobotSpaceExplorer:DoubleBlock","floor":52,"key":"SMITH"}],"circlet_count":0,"master_deck":["RobotSpaceExplorer:Scan+1","RobotSpaceExplorer:MiniLasers","RobotSpaceExplorer:ShovelStrike+1","RobotSpaceExplorer:FreezeRay","RobotSpaceExplorer:Pulsar+1","RobotSpaceExplorer:MiniBoosters+1","RobotSpaceExplorer:ChargingLaser+1","RobotSpaceExplorer:Pulsar+1","RobotSpaceExplorer:Pulsar+1","RobotSpaceExplorer:MiniBoosters","RobotSpaceExplorer:Scanner+1","RobotSpaceExplorer:Comet+1","RobotSpaceExplorer:Probe","RobotSpaceExplorer:PowerGlove","RobotSpaceExplorer:MiniDrones","RobotSpaceExplorer:Accelerator+1","RobotSpaceExplorer:DoubleBlock+1","RobotSpaceExplorer:Asteroid","RobotSpaceExplorer:Multitool+1","RobotSpaceExplorer:PowerCollector+1","RobotSpaceExplorer:ShovelStrike+1","Tools of the Trade+1","RobotSpaceExplorer:Smokescreen+1","RobotSpaceExplorer:MetalStrike+1","RobotSpaceExplorer:Comet+1"],"relics":["RobotSpaceExplorer:RoboCore","Mummified Hand","CeramicFish","Happy Flower","RobotSpaceExplorer:SearchSpecs","Juzu Bracelet","Ice Cream","Lantern","Pandora\u0027s Box","WingedGreaves","Ornamental Fan","Anchor","Medical Kit","Frozen Egg 2","Boot","DollysMirror","Akabeko"],"acts_visited":["Exordium","TheCity","TheBeyond","TheEnding"],"potions_floor_usage":[18,19,30,48,55,55,55],"damage_taken":[{"damage":0,"enemies":"Small Slimes","floor":1,"turns":4},{"damage":0,"enemies":"Cultist","floor":4,"turns":3},{"damage":2,"enemies":"2 Louse","floor":5,"turns":3},{"damage":5,"enemies":"Large Slime","floor":7,"turns":6},{"damage":0,"enemies":"3 Louse","floor":12,"turns":3},{"damage":0,"enemies":"3 Sentries","floor":13,"turns":7},{"damage":0,"enemies":"Blue Slaver","floor":14,"turns":3},{"damage":10,"enemies":"The Guardian","floor":16,"turns":12},{"damage":8,"enemies":"2 Thieves","floor":18,"turns":4},{"damage":5,"enemies":"3 Byrds","floor":19,"turns":3},{"damage":4,"enemies":"Book of Stabbing","floor":24,"turns":5},{"damage":9,"enemies":"Centurion and Healer","floor":30,"turns":4},{"damage":1,"enemies":"Gremlin Leader","floor":31,"turns":5},{"damage":0,"enemies":"Automaton","floor":33,"turns":6},{"damage":3,"enemies":"3 Darklings","floor":35,"turns":3},{"damage":0,"enemies":"Mind Bloom Boss Battle","floor":36,"turns":4},{"damage":0,"enemies":"Giant Head","floor":40,"turns":4},{"damage":0,"enemies":"Orb Walker","floor":45,"turns":2},{"damage":0,"enemies":"4 Shapes","floor":47,"turns":4},{"damage":0,"enemies":"Reptomancer","floor":48,"turns":3},{"damage":14,"enemies":"Time Eater","floor":50,"turns":6},{"damage":5,"enemies":"Shield and Spear","floor":54,"turns":4},{"damage":67,"enemies":"The Heart","floor":55,"turns":3}],"seed_played":"-4646605324125506176","potions_obtained":[{"floor":4,"key":"LiquidBronze"},{"floor":5,"key":"DistilledChaos"},{"floor":16,"key":"Swift Potion"},{"floor":21,"key":"EssenceOfSteel"},{"floor":21,"key":"Weak Potion"},{"floor":30,"key":"Energy Potion"},{"floor":48,"key":"SpeedPotion"}],"is_trial":false,"path_per_floor":["M","?","$","M","M","R","M","R","T","R","?","M","E","M","R","B",null,"M","M","?","?","T","R","E","R","T","R","$","?","M","E","R","B",null,"M","?","?","?","?","E","R","$","T","R","M","R","M","E","R","B",null,"R","$","E","B"],"character_chosen":"RobotSpaceExplorer","items_purchased":["RobotSpaceExplorer:ShovelStrike","RobotSpaceExplorer:FreezeRay","RobotSpaceExplorer:Probe","RobotSpaceExplorer:PowerGlove","Anchor","Medical Kit","DollysMirror","Swift Potion"],"campfire_rested":0,"item_purchase_floors":[3,3,28,28,42,42,53,53],"current_hp_per_floor":[75,75,75,75,73,73,68,68,68,68,68,68,68,68,68,58,75,67,62,62,62,62,62,58,58,58,58,58,58,49,48,48,48,75,72,72,72,72,71,71,71,71,71,71,71,71,71,71,71,57,71,71,71,66,0,0],"gold":104,"neow_bonus":"UPGRADE_CARD","is_daily":false,"chose_seed":false,"campfire_upgraded":12,"win_rate":0.0,"timestamp":1610553111,"path_taken":["M","?","$","M","?","R","M","R","T","R","?","M","E","M","R","BOSS","M","M","?","?","?","R","E","R","T","R","$","?","M","E","R","BOSS","M","?","?","?","?","E","R","$","T","R","M","R","M","E","R","BOSS","R","$","E","BOSS"],"items_purchased_type":["Card","Card","Card","Card","Relic","Relic","Relic","Potion"],"build_version":"2020-12-22","purchased_purges":2,"victory":false,"max_hp_per_floor":[75,75,75,75,75,75,75,75,75,75,75,75,75,75,75,75,75,75,75,75,75,75,75,75,75,75,75,75,75,75,75,75,75,75,75,75,75,75,71,71,71,71,71,71,71,71,71,71,71,71,71,71,71,71,71,71],"card_choices":[{"not_picked":["RobotSpaceExplorer:JunkDive","RobotSpaceExplorer:ScrapMissile"],"picked":"RobotSpaceExplorer:ScrapShield","floor":1},{"not_picked":["RobotSpaceExplorer:SwiftStep","RobotSpaceExplorer:Reload"],"picked":"RobotSpaceExplorer:Pulsar","floor":4},{"not_picked":["RobotSpaceExplorer:Ammunition","RobotSpaceExplorer:ScrapMissile"],"picked":"RobotSpaceExplorer:MiniBoosters","floor":5},{"not_picked":["RobotSpaceExplorer:ScrapMissile","RobotSpaceExplorer:MetalStrike"],"picked":"RobotSpaceExplorer:ChargingLaser","floor":7},{"not_picked":["RobotSpaceExplorer:BigMissile","RobotSpaceExplorer:SurgingShield"],"picked":"RobotSpaceExplorer:Pulsar","floor":12},{"not_picked":["RobotSpaceExplorer:FrostMissile","RobotSpaceExplorer:Asteroid"],"picked":"RobotSpaceExplorer:Pulsar","floor":13},{"not_picked":["RobotSpaceExplorer:FreezeRay","RobotSpaceExplorer:SlimeMissile"],"picked":"RobotSpaceExplorer:MiniBoosters","floor":14},{"not_picked":["RobotSpaceExplorer:Accelerator","RobotSpaceExplorer:TrailblazerForm"],"picked":"RobotSpaceExplorer:Scanner","floor":16},{"not_picked":["RobotSpaceExplorer:SelfCleaning","RobotSpaceExplorer:ImprovisedAttack","RobotSpaceExplorer:StunGrenade"],"picked":"SKIP","floor":18},{"not_picked":["RobotSpaceExplorer:ImprovisedAttack","RobotSpaceExplorer:StunGrenade","RobotSpaceExplorer:GlueShot"],"picked":"SKIP","floor":19},{"not_picked":["RobotSpaceExplorer:DoubleFind+1","RobotSpaceExplorer:SlimeMissile+1"],"picked":"RobotSpaceExplorer:Comet","floor":24},{"not_picked":["RobotSpaceExplorer:ToxicBomb","RobotSpaceExplorer:SurgingStrike","RobotSpaceExplorer:ImprovisedAttack"],"picked":"SKIP","floor":30},{"not_picked":["RobotSpaceExplorer:BigMissile+1","RobotSpaceExplorer:LuckyStrike"],"picked":"RobotSpaceExplorer:MiniDrones","floor":31},{"not_picked":["RobotSpaceExplorer:Scanner","RobotSpaceExplorer:ShockMissile"],"picked":"RobotSpaceExplorer:Accelerator","floor":33},{"not_picked":["RobotSpaceExplorer:MiniDrones+1","RobotSpaceExplorer:ShockKick+1"],"picked":"RobotSpaceExplorer:ShovelStrike+1","floor":35},{"not_picked":["RobotSpaceExplorer:FreezingShield","RobotSpaceExplorer:SurgingShield"],"picked":"RobotSpaceExplorer:Smokescreen+1","floor":40},{"not_picked":["RobotSpaceExplorer:IronShell","RobotSpaceExplorer:Ammunition+1"],"picked":"RobotSpaceExplorer:MetalStrike+1","floor":45},{"not_picked":["RobotSpaceExplorer:PowerGlove+1","RobotSpaceExplorer:ScrapMissile+1","RobotSpaceExplorer:MetalStrike+1"],"picked":"SKIP","floor":47},{"not_picked":["RobotSpaceExplorer:SelfCleaning","RobotSpaceExplorer:SurgingStrike","RobotSpaceExplorer:ToxicBomb"],"picked":"SKIP","floor":48},{"not_picked":["RobotSpaceExplorer:Fix","RobotSpaceExplorer:ImprovisedAttack+1","RobotSpaceExplorer:Smokescreen"],"picked":"SKIP","floor":54}],"player_experience":1024712,"relics_obtained":[{"floor":9,"key":"CeramicFish"},{"floor":13,"key":"Happy Flower"},{"floor":22,"key":"Juzu Bracelet"},{"floor":24,"key":"Ice Cream"},{"floor":31,"key":"Lantern"},{"floor":36,"key":"WingedGreaves"},{"floor":40,"key":"Ornamental Fan"},{"floor":43,"key":"Frozen Egg 2"},{"floor":48,"key":"Boot"},{"floor":54,"key":"Akabeko"}],"event_choices":[{"cards_removed":["RobotSpaceExplorer:ScrapShield"],"damage_healed":0,"gold_gain":0,"player_choice":"Gave Card","damage_taken":0,"relics_obtained":["Mummified Hand"],"max_hp_gain":0,"max_hp_loss":0,"event_name":"WeMeetAgain","floor":2,"gold_loss":0},{"cards_removed":["RobotSpaceExplorer:Strike"],"damage_healed":0,"gold_gain":0,"player_choice":"Forget","damage_taken":0,"max_hp_gain":0,"max_hp_loss":0,"event_name":"Living Wall","floor":11,"gold_loss":0},{"cards_removed":["RobotSpaceExplorer:Strike"],"damage_healed":0,"gold_gain":0,"player_choice":"Offered Basic","damage_taken":0,"max_hp_gain":0,"max_hp_loss":0,"event_name":"Bonfire Elementals","floor":20,"gold_loss":0},{"damage_healed":0,"gold_gain":0,"player_choice":"Got Potions","damage_taken":0,"max_hp_gain":0,"max_hp_loss":0,"event_name":"Lab","floor":21,"gold_loss":0},{"damage_healed":0,"gold_gain":100,"player_choice":"Pray","damage_taken":0,"max_hp_gain":0,"max_hp_loss":0,"event_name":"Golden Shrine","floor":29,"gold_loss":0},{"damage_healed":0,"gold_gain":0,"player_choice":"Fight","damage_taken":0,"max_hp_gain":0,"max_hp_loss":0,"event_name":"MindBloom","floor":36,"gold_loss":0},{"damage_healed":0,"gold_gain":0,"player_choice":"Memory 1","damage_taken":0,"max_hp_gain":0,"max_hp_loss":0,"event_name":"SensoryStone","floor":37,"gold_loss":0},{"damage_healed":0,"gold_gain":0,"player_choice":"Take","damage_taken":0,"max_hp_gain":0,"max_hp_loss":0,"event_name":"betterNote:BetterNote","floor":38,"gold_loss":0,"cards_obtained":["Tools of the Trade"]},{"damage_healed":0,"gold_gain":0,"player_choice":"Max HP","damage_taken":0,"max_hp_gain":0,"max_hp_loss":4,"event_name":"Winding Halls","floor":39,"gold_loss":0}],"is_beta":false,"boss_relics":[{"not_picked":["Sozu","Empty Cage"],"picked":"RobotSpaceExplorer:SearchSpecs"},{"not_picked":["SlaversCollar","Coffee Dripper"],"picked":"Pandora\u0027s Box"}],"items_purged_floors":[28,42],"is_endless":false,"potions_floor_spawned":[4,5,16,24,30,36,45,48,54],"killed_by":"The Heart","ascension_level":0}}