{"host":"18wi9kpcl4eah7pe","time":1610520386,"event":{"mods":["BaseMod","Colored Powertips","Downfall","Minty Spire (QoL Compilation)","StSLib"],"gold_per_floor":[99,110,110,20,120,220,247,247,76,90,100,127,52,69,82,182,182,32,132,132,146,157,188,188,205,205,205,205,190,190,203,218,315,315,315,333,333,0,52,52,76,76,88,73,91,91,123,134,154,154],"floor_reached":51,"language":"ENG","playtime":2702,"items_purged":["Regret"],"score":1220,"play_id":"7a123a11-3c3f-4b07-b100-180be34d37f5","local_time":"20210113004626","is_ascension_mode":false,"campfire_choices":[{"floor":1,"key":"RECALL"},{"floor":13,"key":"REST"},{"data":"champ:DefensiveStyle","floor":18,"key":"SMITH"},{"floor":26,"key":"REST"},{"floor":28,"key":"REST"},{"floor":30,"key":"REST"},{"data":"champ:DancingMaster","floor":35,"key":"SMITH"},{"floor":40,"key":"REST"}],"circlet_count":0,"master_deck":["champ:Strike+1","champ:Strike+1","champ:Strike+1","champ:Strike+1","champ:Defend+1","champ:Defend+1","champ:Defend+1","champ:Defend+1","champ:Execute+1","champ:Taunt+1","champ:GladiatorStyle+1","champ:RisingSlash+1","champ:IronFortress+1","champ:BringItOn+1","champ:Backstep+1","champ:StanceDance+1","champ:DefensiveShout+1","champ:DefensiveStyle+1","champ:DancingMaster+1","champ:VampiricStrike+1","champ:IronFortress+1","Necronomicurse","champ:TornadoPunch+1","champ:BringItOn+1","champ:ViciousMockery+1","champ:DefensiveShout+1","champ:BladeFlurry+1","champ:FlashCut+1","champ:SteelEdge+1","champ:CrookedStrike+1","champ:IronFortress","champ:Circumvent+1","champ:MurderStrike","champ:ShieldSigil+1","expansioncontent:GoopSpray","champ:DefensiveStyle+1","champ:FanOfKnives","champ:Haymaker+1"],"relics":["champ:ChampionCrown","Toy Ornithopter","CloakClasp","Bronze Scales","Blue Candle","champ:BlackKnightHelmet","Pantograph","Necronomicon","Turnip","StrikeDummy","Calipers","Akabeko","champ:DefensiveTrainingManual"],"acts_visited":["Exordium","TheCity","TheBeyond"],"potions_floor_usage":[12,12,16,22,22,47,50,50],"damage_taken":[{"damage":5,"enemies":"Small Slimes","floor":2,"turns":4},{"damage":22,"enemies":"downfall:FleeingMerchant","floor":4,"turns":4},{"damage":59,"enemies":"downfall:FleeingMerchant","floor":6,"turns":12},{"damage":5,"enemies":"downfall:FleeingMerchant","floor":9,"turns":4},{"damage":10,"enemies":"2 Louse","floor":10,"turns":2},{"damage":5,"enemies":"Cultist","floor":11,"turns":3},{"damage":0,"enemies":"Lagavulin","floor":12,"turns":7},{"damage":3,"enemies":"Exordium Thugs","floor":14,"turns":5},{"damage":3,"enemies":"Blue Slaver","floor":15,"turns":4},{"damage":29,"enemies":"downfall:Ironclad","floor":16,"turns":9},{"damage":43,"enemies":"downfall:Ironclad","floor":19,"turns":12},{"damage":22,"enemies":"Shell Parasite","floor":21,"turns":5},{"damage":0,"enemies":"Chosen and Byrds","floor":22,"turns":6},{"damage":38,"enemies":"Slavers","floor":23,"turns":4},{"damage":24,"enemies":"Cultist and Chosen","floor":25,"turns":7},{"damage":5,"enemies":"downfall:FleeingMerchant","floor":29,"turns":4},{"damage":6,"enemies":"Snake Plant","floor":31,"turns":3},{"damage":9,"enemies":"Shelled Parasite and Fungi","floor":32,"turns":3},{"damage":64,"enemies":"downfall:Silent","floor":33,"turns":8},{"damage":13,"enemies":"Orb Walker","floor":36,"turns":4},{"damage":41,"enemies":"2 Orb Walkers","floor":39,"turns":6},{"damage":21,"enemies":"3 Shapes","floor":43,"turns":3},{"damage":6,"enemies":"downfall:FleeingMerchant","floor":44,"turns":4},{"damage":36,"enemies":"Transient","floor":45,"turns":5},{"damage":27,"enemies":"Nemesis","floor":47,"turns":9},{"damage":21,"enemies":"Spire Growth","floor":48,"turns":4},{"damage":22,"enemies":"4 Shapes","floor":49,"turns":7},{"damage":66,"enemies":"downfall:Defect","floor":50,"turns":9}],"seed_played":"-7344233710662793576","potions_obtained":[{"floor":6,"key":"FearPotion"},{"floor":11,"key":"SkillPotion"},{"floor":12,"key":"AttackPotion"},{"floor":15,"key":"Energy Potion"},{"floor":19,"key":"Energy Potion"},{"floor":23,"key":"champ:CounterPotion"},{"floor":33,"key":"EssenceOfSteel"},{"floor":39,"key":"FairyPotion"},{"floor":48,"key":"Strength Potion"}],"is_trial":false,"path_per_floor":["R","M","?","$","?","?","T","?","$","M","M","E","R","M","M","B",null,"R","?","?","M","M","E","T","M","R","?","R","$","R","M","M","B",null,"R","M","?","?","?","R","T","?","M","$","M","?","E","M","M","B",null],"character_chosen":"THE_CHAMP","items_purchased":["Bronze Scales"],"campfire_rested":5,"item_purchase_floors":[9],"current_hp_per_floor":[90,90,90,78,78,43,43,43,43,38,38,48,75,72,69,56,90,100,68,52,43,71,43,43,19,49,49,79,79,100,99,90,44,100,100,87,87,113,77,110,110,110,102,96,92,92,70,87,65,65],"gold":154,"neow_bonus":"RANDOM_COMMON_RELIC","is_daily":false,"chose_seed":false,"campfire_upgraded":2,"win_rate":0.0,"timestamp":1610520386,"path_taken":["R","M","?","$","?","?","T","?","?","M","M","E","R","?","M","BOSS","R","?","?","M","M","E","T","M","R","?","R","$","R","?","M","BOSS","R","M","?","?","?","R","T","?","?","?","M","?","E","M","M","BOSS"],"items_purchased_type":["Relic"],"build_version":"2020-12-22","purchased_purges":1,"victory":true,"max_hp_per_floor":[90,90,90,90,90,90,90,90,90,90,90,90,90,90,90,90,90,100,100,100,100,100,100,100,100,100,100,100,100,100,100,100,100,100,100,100,100,113,113,113,113,113,113,113,113,113,113,113,113,113],"card_choices":[{"not_picked":["champ:TornadoPunch","champ:DefensiveShout"],"picked":"champ:GladiatorStyle","floor":2},{"not_picked":["champ:BerserkerStyle","champ:RageSigil"],"picked":"champ:RisingSlash","floor":4},{"not_picked":["champ:Haymaker","champ:TornadoPunch"],"picked":"champ:IronFortress","floor":6},{"not_picked":["champ:Lariat","champ:FightOn"],"picked":"champ:BringItOn","floor":9},{"not_picked":["champ:RisingSlash","champ:StanceDance"],"picked":"champ:Backstep","floor":10},{"not_picked":["champ:Backstep","champ:BerserkersShout"],"picked":"champ:StanceDance","floor":11},{"not_picked":["champ:Encircle","champ:GutPunch"],"picked":"champ:DefensiveShout","floor":12},{"not_picked":["champ:Haymaker","champ:GutPunch"],"picked":"champ:DefensiveStyle","floor":14},{"not_picked":["champ:FightOn","champ:BladeFlurry"],"picked":"champ:DancingMaster","floor":15},{"not_picked":["champ:Improvising","champ:HeavySlash"],"picked":"champ:VampiricStrike","floor":16},{"not_picked":["champ:Circumvent","champ:Backstep"],"picked":"champ:IronFortress","floor":19},{"not_picked":["champ:RageSigil","champ:CalledShot"],"picked":"champ:TornadoPunch","floor":21},{"not_picked":["champ:RageSigil","champ:GladiatorsShout"],"picked":"champ:BringItOn","floor":22},{"not_picked":["champ:IgnorePain","champ:BladeFlurry+1"],"picked":"champ:ViciousMockery","floor":23},{"not_picked":["champ:BladeFlurry","champ:BringItOn"],"picked":"champ:DefensiveShout+1","floor":25},{"not_picked":["champ:StanceDance","champ:RageSigil"],"picked":"champ:BladeFlurry","floor":29},{"not_picked":["champ:AdrenalArmor+1","champ:RapidStrikes"],"picked":"champ:FlashCut","floor":31},{"not_picked":["champ:DefensiveShout","champ:BringItOn"],"picked":"champ:Shatter+1","floor":32},{"not_picked":["champ:StrikeOfGenius","champ:ShieldThrow"],"picked":"champ:SteelEdge","floor":33},{"not_picked":["champ:StanceDance","champ:HeartStrike"],"picked":"champ:CrookedStrike+1","floor":36},{"not_picked":["champ:RisingSlash","champ:GladiatorsShout"],"picked":"champ:IronFortress","floor":39},{"not_picked":["champ:PreciseThrust+1","champ:FlashCut+1"],"picked":"champ:Circumvent+1","floor":43},{"not_picked":["champ:PerfectedStrike","champ:RageSigil"],"picked":"champ:MurderStrike","floor":44},{"not_picked":["champ:DefensiveShout+1","champ:RecklessLeap+1"],"picked":"champ:ShieldSigil+1","floor":45},{"not_picked":["expansioncontent:DefensiveStance","expansioncontent:PrepareCrush"],"picked":"expansioncontent:GoopSpray","floor":46},{"not_picked":["champ:RecklessLeap","champ:ShieldSigil"],"picked":"champ:DefensiveStyle+1","floor":47},{"not_picked":["champ:GladiatorsShout+1","champ:GutPunch"],"picked":"champ:FanOfKnives","floor":48},{"not_picked":["champ:IronFortress","champ:FanOfKnives"],"picked":"champ:Haymaker+1","floor":49}],"player_experience":900076,"relics_obtained":[{"floor":6,"key":"CloakClasp"},{"floor":12,"key":"Blue Candle"},{"floor":19,"key":"champ:BlackKnightHelmet"},{"floor":19,"key":"Pantograph"},{"floor":20,"key":"Necronomicon"},{"floor":23,"key":"Turnip"},{"floor":24,"key":"StrikeDummy"},{"floor":39,"key":"Calipers"},{"floor":41,"key":"Akabeko"},{"floor":47,"key":"champ:DefensiveTrainingManual"}],"event_choices":[{"damage_healed":0,"gold_gain":0,"player_choice":"Fight","damage_taken":0,"max_hp_gain":0,"max_hp_loss":0,"event_name":"Mysterious Sphere","floor":39,"gold_loss":0},{"cards_removed":["champ:Shatter"],"damage_healed":0,"gold_gain":0,"player_choice":"Removed Attack","damage_taken":0,"max_hp_gain":0,"max_hp_loss":0,"event_name":"Falling","floor":42,"gold_loss":0}],"is_beta":false,"boss_relics":[{"not_picked":["Runic Dome","Cursed Key","Philosopher\u0027s Stone"]},{"not_picked":["champ:ChampionCrownUpgraded","Coffee Dripper","Velvet Choker"]}],"items_purged_floors":[4],"is_endless":false,"potions_floor_spawned":[6,11,12,15,19,23,33,39,48],"ascension_level":0}}