{"host":"418g6sfkt80mlacg","time":1610532701,"event":{"mods":["Act Like it!","BaseMod","Colored Powertips","Downfall","Gensokyo","Hermit","KinomotoSakuraMod(ƒæ÷Æ±æ”£)","KomeijiMod","Marisa£®ÏF”Í°°ƒß¿Ì…≥£©","Minty Spire (QoL Compilation)","Reimu£®≤©¿ˆ¡È√Œ£©","Remilia£®¿Ÿ√◊¿Ú—«£©","Replay The Spire","Shop Mod","StSLib","Td1madao Mod","The Administrix","The Animator","The Cursed","The Servant 0.9.4","WarShipGirlsR/’ΩΩ¢…Ÿ≈ÆR mod","Youmu£®ªÍ∆«—˝√Œ£©","Yuyuko","[IsaacMod]“‘»ˆº‚À˛"],"gold_per_floor":[119,119,132,132,132,173,199,237,261,261,138,163,187,236,315,446,446,467,491,112,112,112,112,38,38,38,38,38,51,374,388,388,508,508,527,527,527,527,67,67,90,90,167,183,207,238,254,273,273,273],"floor_reached":51,"language":"ZHS","playtime":6354,"items_purged":["Injury","Shame","Strike_Lin:ReiMu"],"score":1035,"play_id":"da7ba8a2-085e-48c9-bbe1-727655c077b6","local_time":"20210113181141","is_ascension_mode":false,"campfire_choices":[{"floor":10.0,"key":"REST"},{"data":"InherentArray:ReiMu","floor":23.0,"key":"SMITH"},{"data":"YinYangSange:ReiMu","floor":25.0,"key":"SMITH"},{"data":"Authority:ReiMu","floor":27.0,"key":"SMITH"},{"data":"KamiRite:ReiMu","floor":40.0,"key":"SMITH"},{"data":"PrepareRite:ReiMu","floor":42.0,"key":"SMITH"},{"data":"KamiRite:ReiMu","floor":49.0,"key":"SMITH"}],"circlet_count":1,"master_deck":["Strike_Lin:ReiMu","Strike_Lin:ReiMu","Strike_Lin:ReiMu","Defend_Lin:ReiMu","Defend_Lin:ReiMu+1","Defend_Lin:ReiMu","Defend_Lin:ReiMu","NB:ReiMu+1","Stagnation:ReiMu","MikOfLucky:ReiMu+1","MikOfLucky:ReiMu","FantasyMoon:ReiMu","Pot Of Greed+1","Pot Of Greed","SpringWay:ReiMu","Conquer:ReiMu","AlertArray:ReiMu","Meditation:ReiMu","SpiritualOutbreak2:ReiMu","Authority:ReiMu+1","WonderfulDomain:ReiMu","OrbThrow:ReiMu","Gensokyo:LockedMedkit","Pot Of Greed","EmergencyTakeOff:ReiMu","DoubleButterfly:ReiMu+1","EmergencyTakeOff:ReiMu","InherentArray:ReiMu+1","FineLineFantasy:ReiMu+1","NineCharacters:ReiMu+1","YinYangSange:ReiMu+1","PrepareRite:ReiMu+1","Meditation:ReiMu","RainPray2:ReiMu+1","YinYangSange:ReiMu+1","Pot Of Greed","KamiRite:ReiMu+1","Revelation:ReiMu+1","Dreaming:ReiMu","InherentArray:ReiMu+1","Meditation:ReiMu+1","Conquer:ReiMu+1","Gathering:ReiMu","KamiRite:ReiMu+1","SpringWay:ReiMu+1","LovePray:ReiMu"],"relics":["FlyPower:ReiMu","HushsDoor","PokeGo","Golden Idol","Juzu Bracelet","ReplayTheSpireMod:Lightbulb","Replay:Rubber Ducky","Grinning Jar","TheBean","Circlet","HowToJump","CrownOfHeavens:ReiMu","GuppysHairball","GuppysTail","SteamSale","Orrery","Membership Card","Shuriken","WingedGreaves","ReplayTheSpireMod:Ninjato","Replay:Ancient Bell","GuppysPaw","Ancient Tea Set","Blood Vial","MerchantsRug","Habit","Toolbox","DollysMirror","Replay:Ringing Soul","MealTicket","TentaclePot:ReiMu","Replay:Mystery Machine","Pear"],"acts_visited":["Gensokyo:Gensokyoer","Gensokyo:Gensokyoest"],"potions_floor_usage":[],"damage_taken":[{"damage":2.0,"enemies":"2 Louse","floor":1.0,"turns":4.0},{"damage":5.0,"enemies":"Cultist","floor":3.0,"turns":6.0},{"damage":28.0,"enemies":"Lagavulin","floor":6.0,"turns":15.0},{"damage":0.0,"enemies":"Gremlin Nob","floor":8.0,"turns":7.0},{"damage":0.0,"enemies":"Jaw Worm","floor":12.0,"turns":3.0},{"damage":0.0,"enemies":"Large Slime","floor":13.0,"turns":5.0},{"damage":0.0,"enemies":"Looter","floor":14.0,"turns":3.0},{"damage":0.0,"enemies":"Lagavulin Event","floor":15.0,"turns":5.0},{"damage":0.0,"enemies":"Hexaghost","floor":16.0,"turns":13.0},{"damage":22.0,"enemies":"Gensokyo:3_Dogs","floor":18.0,"turns":7.0},{"damage":0.0,"enemies":"Gensokyo:2_Gloops","floor":19.0,"turns":4.0},{"damage":0.0,"enemies":"Gensokyo:Wraith","floor":29.0,"turns":6.0},{"damage":6.0,"enemies":"Gensokyo:Slime_Group","floor":30.0,"turns":5.0},{"damage":9.0,"enemies":"Gensokyo:Swordslinger","floor":31.0,"turns":6.0},{"damage":0.0,"enemies":"Gensokyo:Eternal_Rivals","floor":33.0,"turns":7.0},{"damage":0.0,"enemies":"Gensokyo:3_Boulders","floor":35.0,"turns":5.0},{"damage":0.0,"enemies":"Gensokyo:AncientGuardian","floor":41.0,"turns":3.0},{"damage":0.0,"enemies":"Gensokyo:Sharpion","floor":44.0,"turns":4.0},{"damage":0.0,"enemies":"Gensokyo:Marisa","floor":46.0,"turns":4.0},{"damage":0.0,"enemies":"Gensokyo:AtlasGolem","floor":47.0,"turns":3.0},{"damage":0.0,"enemies":"Gensokyo:Dusk_and_Dawn","floor":48.0,"turns":3.0},{"damage":0,"enemies":"Gensokyo:Scarlet_Devils","floor":50,"turns":6}],"seed_played":"1846035798567836350","potions_obtained":[{"floor":1.0,"key":"Milkshake"},{"floor":8.0,"key":"Adrenaline Potion"},{"floor":13.0,"key":"CalmPotion"},{"floor":15.0,"key":"Strength Potion"},{"floor":18.0,"key":"Block Potion"},{"floor":29.0,"key":"Block Potion"},{"floor":33.0,"key":"LiquidMemories"},{"floor":46.0,"key":"Guardian:BlockOnCardUsePotion"},{"floor":48.0,"key":"Strength Potion"}],"is_trial":false,"path_per_floor":["M","?","M","?","?","E","T","E","T","R","?","M","M","M","R","B",null,"M","M","COS","?","?","R","$","R","T","R","?","M","M","M","R","B",null,"M","?","?","$","COS","R","M","R","T","M","$","E","M","M","R","B",null],"character_chosen":"REIMU","items_purchased":["GuppysHairball","GuppysTail","Membership Card","Shuriken","WingedGreaves","Dexterity Potion","YinYangSange:ReiMu","PrepareRite:ReiMu","GuppysPaw","Ancient Tea Set","Blood Vial","Strength Potion","Ancient Potion","MerchantsRug","Gathering:ReiMu","MealTicket","champ:CounterPotion","TentaclePot:ReiMu","Replay:Mystery Machine"],"campfire_rested":1,"item_purchase_floors":[17,17,24,24,24,24,24,24,34,38,38,38,38,38,45,45,45,45,45],"current_hp_per_floor":[69,69,64,64,49,21,21,21,21,42,42,42,42,42,42,42,51,29,29,29,29,29,29,29,29,29,29,29,29,23,14,29,29,41,41,41,41,41,41,41,41,41,41,44,47,60,63,66,66,66],"gold":273,"neow_bonus":"TEN_PERCENT_HP_BONUS","is_daily":false,"chose_seed":false,"campfire_upgraded":6,"win_rate":0.0,"timestamp":1610532701,"path_taken":["M","?","?","?","?","E","?","E","T","R","?","M","M","M","R","BOSS","M","M","COS","?","?","R","?","R","T","R","?","M","M","M","R","BOSS","M","?","?","$","COS","R","M","R","T","M","$","E","M","M","R","BOSS"],"items_purchased_type":["Relic","Relic","Relic","Relic","Relic","Potion","Card","Card","Relic","Relic","Relic","Potion","Potion","Relic","Card","Relic","Potion","Relic","Relic"],"build_version":"2020-12-22","purchased_purges":3,"victory":true,"max_hp_per_floor":[71,71,71,71,71,71,71,71,71,71,71,71,71,71,71,71,51,51,51,51,51,51,51,51,51,51,51,51,51,51,51,51,51,41,41,41,41,41,41,41,41,41,41,44,47,60,63,66,66,66],"card_choices":[{"not_picked":["WonderfulDomain:ReiMu","SubcavityInstant:ReiMu"],"picked":"MikOfLucky:ReiMu","floor":1.0},{"not_picked":["SubAcupoint:ReiMu","KamiSacrifice:ReiMu"],"picked":"MikOfLucky:ReiMu","floor":3.0},{"not_picked":["ForcedLanding:ReiMu","LearningPray:ReiMu"],"picked":"FantasyMoon:ReiMu","floor":6.0},{"not_picked":["FantasyMoon:ReiMu","Mountainwind:ReiMu"],"picked":"SpringWay:ReiMu","floor":8.0},{"not_picked":["SubAcupoint:ReiMu","SpreadBorder2:ReiMu"],"picked":"Conquer:ReiMu","floor":12.0},{"not_picked":["SubcavityInstant:ReiMu","YinYang:ReiMu"],"picked":"AlertArray:ReiMu","floor":13.0},{"not_picked":["Intuition:ReiMu","Enchanting:ReiMu"],"picked":"Meditation:ReiMu","floor":14.0},{"not_picked":["SubcavityInstant:ReiMu","SpringWay:ReiMu"],"picked":"SpiritualOutbreak2:ReiMu","floor":15.0},{"not_picked":["Dreaming:ReiMu","YinYang:ReiMu"],"picked":"Authority:ReiMu","floor":16.0},{"not_picked":["TightArray:ReiMu","Mountainwind:ReiMu"],"picked":"WonderfulDomain:ReiMu","floor":18.0},{"not_picked":["CollectionFlower2:ReiMu+1","TightArray:ReiMu"],"picked":"OrbThrow:ReiMu","floor":19.0},{"not_picked":["BarrageOfMoneybags:ReiMu","AlertArray:ReiMu"],"picked":"EmergencyTakeOff:ReiMu","floor":20.0},{"not_picked":["Amulet:ReiMu","SubcavityInstant:ReiMu"],"picked":"DoubleButterfly:ReiMu+1","floor":20.0},{"not_picked":["Amulet:ReiMu","SubcavityInstant:ReiMu"],"picked":"EmergencyTakeOff:ReiMu","floor":20.0},{"not_picked":["SubAcupoint:ReiMu","Crusade:ReiMu"],"picked":"InherentArray:ReiMu","floor":20.0},{"not_picked":["EmergencyTakeOff:ReiMu","CeremonyResonance:ReiMu"],"picked":"FineLineFantasy:ReiMu+1","floor":20.0},{"not_picked":["AirStrike:ReiMu","PayForSelf:ReiMu"],"picked":"Meditation:ReiMu","floor":29.0},{"not_picked":["TakeOff:ReiMu+1","SpringWay:ReiMu"],"picked":"RainPray2:ReiMu+1","floor":30.0},{"not_picked":["Amulet:ReiMu+1","TightArray:ReiMu+1"],"picked":"YinYangSange:ReiMu+1","floor":31.0},{"not_picked":["PrayRite:ReiMu","CleanRite:ReiMu"],"picked":"KamiRite:ReiMu","floor":33.0},{"not_picked":["TightArray:ReiMu","Amulet:ReiMu"],"picked":"Revelation:ReiMu+1","floor":35.0},{"not_picked":[],"picked":"Dreaming:ReiMu","floor":37.0},{"not_picked":["MikOfLucky:ReiMu","SpreadBorder2:ReiMu"],"picked":"Meditation:ReiMu+1","floor":41.0},{"not_picked":["EmergencyTakeOff:ReiMu","SubcavityInstant:ReiMu"],"picked":"Conquer:ReiMu+1","floor":44.0},{"not_picked":["SubAcupoint:ReiMu+1","SubcavityInstant:ReiMu"],"picked":"KamiRite:ReiMu","floor":46.0},{"not_picked":["ManaGlint:ReiMu","BarrageOfMoneybags:ReiMu+1"],"picked":"SpringWay:ReiMu+1","floor":47.0},{"not_picked":["Meditation:ReiMu+1","WonderfulDomain:ReiMu+1"],"picked":"LovePray:ReiMu","floor":48.0}],"player_experience":8152,"relics_obtained":[{"floor":6.0,"key":"ReplayTheSpireMod:Lightbulb"},{"floor":7.0,"key":"Replay:Rubber Ducky"},{"floor":8.0,"key":"Grinning Jar"},{"floor":9.0,"key":"TheBean"},{"floor":15.0,"key":"HowToJump"},{"floor":26.0,"key":"ReplayTheSpireMod:Ninjato"},{"floor":43.0,"key":"Replay:Ringing Soul"},{"floor":46.0,"key":"Pear"}],"event_choices":[{"damage_healed":0.0,"max_hp_gain":0.0,"max_hp_loss":0.0,"gold_gain":0.0,"event_name":"Golden Idol","player_choice":"Take Wound","floor":2.0,"gold_loss":0.0,"damage_taken":0.0,"relics_obtained":["Golden Idol"],"cards_obtained":["Injury"]},{"damage_healed":0.0,"max_hp_gain":0.0,"max_hp_loss":0.0,"gold_gain":0.0,"event_name":"Living Wall","player_choice":"Grow","floor":4.0,"gold_loss":0.0,"damage_taken":0.0,"cards_upgraded":["MikOfLucky:ReiMu"]},{"damage_healed":0.0,"max_hp_gain":0.0,"max_hp_loss":0.0,"gold_gain":0.0,"event_name":"Dead Adventurer","player_choice":"Searched \u00272\u0027 times","floor":15.0,"gold_loss":0.0,"damage_taken":0.0}],"is_beta":false,"boss_relics":[{"not_picked":["Philosopher\u0027s Stone","Sozu"],"picked":"CrownOfHeavens:ReiMu"},{"not_picked":[]},{"not_picked":["ReplayTheSpireMod:DimensionalGlitch","Fusion Hammer"],"picked":"Replay:Ancient Bell"},{"not_picked":[]}],"items_purged_floors":[24,38,45],"is_endless":false,"potions_floor_spawned":[1,8,13,15,18,29,33,46,48],"ascension_level":0}}