{"host":"ockkdcgl3b18tfz9","time":1610530880,"event":{"mods":["2.2 Compatiblity","BaseMod","Better Skull","Better Third Choice","BetterRewards","Hermit","Minty Spire (QoL Compilation)","Quick Restart","Replay The Spire","Spicy Shops","StSLib","SuperFastMode","The Jungle"],"gold_per_floor":[117,81,31,31,103,129,139,139,165,181,181,181,205,235,5,5,100,100,111,210,210,176,476,476,503,41,41,41,41,41,66,66,66,66,163,163,181,192,192,192,192],"floor_reached":40,"language":"ENG","playtime":580,"items_purged":["Shame"],"score":629,"play_id":"8fc68e21-89fd-4818-9220-81d31235e759","local_time":"20210113164120","is_ascension_mode":true,"campfire_choices":[{"data":"Blade Dance","floor":8.0,"key":"SMITH"},{"data":"Footwork","floor":11.0,"key":"SMITH"},{"data":"Accuracy","floor":16.0,"key":"SMITH"},{"floor":24.0,"key":"REST"},{"floor":28.0,"key":"REST"},{"floor":30.0,"key":"RECALL"},{"floor":33.0,"key":"REST"},{"floor":34.0,"key":"REST"}],"circlet_count":0,"master_deck":["Strike_G","Defend_G","Defend_G","Defend_G","Defend_G","Defend_G","Survivor","Neutralize","All Out Attack","Footwork+1","Blade Dance+1","Finisher+1","Sucker Punch","Accuracy+1","Atom Bomb","ReplayTheSpireMod:Scrap Shanks+1","Malaise+1","Venomology+1","Accuracy","Cloak And Dagger","Dagger Spray","Blur+1","Backstab","Fluid Movement","Storm of Steel","Corpse Explosion","Acrobatics","Footwork"],"relics":["Ring of the Snake","NeowsBlessing","Shuriken","Akabeko","Odd Mushroom","Snake Skull","Lee\u0027s Waffle","Astrolabe","Old Coin","The Courier","Membership Card","Ice Cream","Question Card","Meat on the Bone","Mirror","Cursed Key"],"acts_visited":["Exordium","TheCity","TheBeyond"],"potions_floor_usage":[40],"damage_taken":[{"damage":0.0,"enemies":"Jaw Worm","floor":1.0,"turns":1.0},{"damage":0.0,"enemies":"Gremlin Nob","floor":6.0,"turns":1.0},{"damage":0.0,"enemies":"2 Louse","floor":7.0,"turns":1.0},{"damage":0.0,"enemies":"Small Slimes","floor":10.0,"turns":2.0},{"damage":7.0,"enemies":"The Mushroom Lair","floor":13.0,"turns":2.0},{"damage":10.0,"enemies":"3 Sentries","floor":14.0,"turns":4.0},{"damage":22.0,"enemies":"The Guardian","floor":17.0,"turns":8.0},{"damage":7.0,"enemies":"Shell Parasite","floor":19.0,"turns":5.0},{"damage":28.0,"enemies":"2 Thieves","floor":22.0,"turns":5.0},{"damage":27.0,"enemies":"Book of Stabbing","floor":25.0,"turns":3.0},{"damage":51.0,"enemies":"Gremlin Leader","floor":31.0,"turns":7.0},{"damage":34.0,"enemies":"Collector","floor":35.0,"turns":6.0},{"damage":11,"enemies":"3 Darklings","floor":37,"turns":2},{"damage":27,"enemies":"3 Shapes","floor":38,"turns":2},{"damage":38,"enemies":"Transient","floor":40,"turns":5}],"seed_played":"-5148912942775462353","potions_obtained":[{"floor":7.0,"key":"Fire Potion"},{"floor":13.0,"key":"ColorlessPotion"},{"floor":17.0,"key":"Weak Potion"},{"floor":25.0,"key":"Dexterity Potion"},{"floor":31.0,"key":"BlessingOfTheForge"},{"floor":35.0,"key":"ColorlessPotion"},{"floor":38,"key":"LiquidBronze"}],"is_trial":false,"path_per_floor":["M","$","?","$","?","E","M","R","T","M","R","?","?","E","$","R","B",null,"M","?","?","M","?","R","E","$","T","R","?","R","E","?","R","R","B",null,"M","M","?","M"],"character_chosen":"THE_SILENT","items_purchased":["Footwork","Lee\u0027s Waffle","Accuracy","Membership Card","Ice Cream","Blur+1","Question Card","Backstab","Fluid Movement"],"campfire_rested":4,"item_purchase_floors":[2,15,15,26,26,26,26,26,26],"current_hp_per_floor":[63,63,63,63,63,63,63,63,63,63,63,63,56,46,77,77,55,72,65,65,65,37,37,60,33,33,33,56,56,56,17,17,40,63,41,68,57,42,42,4,4],"gold":192,"neow_bonus":"THREE_ENEMY_KILL","is_daily":false,"chose_seed":false,"campfire_upgraded":3,"win_rate":0.0,"timestamp":1610530880,"path_taken":["M","$","?","$","?","E","M","R","T","M","R","?","?","E","$","R","BOSS","M","?","?","M","?","R","E","$","T","R","?","R","E","?","R","R","BOSS","M","M","?","M"],"items_purchased_type":["Card","Relic","Card","Relic","Relic","Card","Relic","Card","Card"],"build_version":"2020-12-22","purchased_purges":1,"victory":false,"max_hp_per_floor":[70,70,70,70,70,70,70,70,70,70,70,70,70,70,77,77,77,77,77,77,77,77,77,77,77,77,77,77,77,77,77,77,77,77,77,77,77,77,77,77,77],"card_choices":[{"not_picked":["Outmaneuver","Tactician"],"picked":"All Out Attack","floor":1.0},{"not_picked":["Deadly Poison","Tactician","Noxious Fumes"],"picked":"SKIP","floor":6.0},{"not_picked":["Quick Slash","Concentrate"],"picked":"Blade Dance","floor":7.0},{"not_picked":["Slice","Riddle With Holes"],"picked":"Finisher","floor":10.0},{"not_picked":["Choke","Dodge and Roll"],"picked":"Sucker Punch","floor":13.0},{"not_picked":["Dagger Spray","Backflip"],"picked":"Catalyst","floor":14.0},{"not_picked":["Poison Darts","ReplayTheSpireMod:From All Sides"],"picked":"Atom Bomb","floor":17.0},{"not_picked":["Poisoned Stab","Cloak And Dagger+1"],"picked":"Accuracy","floor":19.0},{"not_picked":["Sucker Punch","Hidden Blade"],"picked":"Cloak And Dagger","floor":22.0},{"not_picked":["Deadly Poison","Deflect"],"picked":"Dagger Spray","floor":25.0},{"not_picked":["Flying Knee","Quick Slash+1","Riddle With Holes"],"picked":"Storm of Steel","floor":31.0},{"not_picked":["Bullet Time","Die Die Die","A Thousand Cuts"],"picked":"Corpse Explosion","floor":35.0},{"not_picked":["Hidden Blade+1","Toxin Wave+1","Flechettes"],"picked":"Acrobatics","floor":37},{"not_picked":["PiercingWail","Prepared","Quick Slash+1"],"picked":"Footwork","floor":38}],"player_experience":273471,"relics_obtained":[{"floor":6.0,"key":"Shuriken"},{"floor":9.0,"key":"Akabeko"},{"floor":13.0,"key":"Odd Mushroom"},{"floor":14.0,"key":"Snake Skull"},{"floor":25.0,"key":"The Courier"},{"floor":27.0,"key":"Meat on the Bone"},{"floor":31.0,"key":"Mirror"}],"event_choices":[{"cards_removed":["Strike_G"],"damage_healed":0.0,"max_hp_gain":0.0,"max_hp_loss":0.0,"gold_gain":0.0,"event_name":"The Cleric","player_choice":"Card Removal","floor":3.0,"gold_loss":50.0,"damage_taken":0.0},{"damage_healed":0.0,"max_hp_gain":0.0,"max_hp_loss":0.0,"gold_gain":72.0,"event_name":"Golden Wing","player_choice":"Gained Gold","floor":5.0,"gold_loss":0.0,"damage_taken":0.0},{"damage_healed":0.0,"max_hp_gain":0.0,"max_hp_loss":0.0,"gold_gain":0.0,"event_name":"Living Wall","player_choice":"Grow","floor":12.0,"gold_loss":0.0,"damage_taken":0.0,"cards_upgraded":["Finisher"]},{"damage_healed":0.0,"max_hp_gain":0.0,"max_hp_loss":0.0,"gold_gain":0.0,"event_name":"Mushrooms","player_choice":"Fought Mushrooms","floor":13.0,"gold_loss":0.0,"damage_taken":0.0},{"damage_healed":0.0,"max_hp_gain":0.0,"max_hp_loss":0.0,"gold_gain":99.0,"event_name":"betterThird:BetterNest","player_choice":"Steal","floor":20.0,"gold_loss":0.0,"damage_taken":0.0},{"damage_healed":0.0,"max_hp_gain":0.0,"max_hp_loss":0.0,"gold_gain":0.0,"event_name":"Vampires","player_choice":"Ignored","floor":21.0,"gold_loss":0.0,"damage_taken":0.0},{"damage_healed":0.0,"max_hp_gain":0.0,"max_hp_loss":0.0,"gold_gain":0.0,"event_name":"Addict","player_choice":"Stole Relic","floor":23.0,"gold_loss":0.0,"damage_taken":0.0,"relics_obtained":["Old Coin"],"cards_obtained":["Shame"]},{"damage_healed":0.0,"max_hp_gain":0.0,"max_hp_loss":0.0,"gold_gain":0.0,"event_name":"Ghosts","player_choice":"Ignored","floor":29.0,"gold_loss":0.0,"damage_taken":0.0},{"damage_healed":0.0,"max_hp_gain":0.0,"max_hp_loss":0.0,"gold_gain":0.0,"event_name":"Cursed Tome","player_choice":"Ignored","floor":32.0,"gold_loss":0.0,"damage_taken":0.0},{"cards_removed":["Catalyst"],"damage_healed":0,"gold_gain":0,"player_choice":"Removed Skill","damage_taken":0,"max_hp_gain":0,"max_hp_loss":0,"event_name":"Falling","floor":39,"gold_loss":0}],"is_beta":false,"boss_relics":[{"not_picked":["Painkiller Herb","Velvet Choker"],"picked":"Astrolabe"},{"not_picked":["Empty Cage","Busted Crown"],"picked":"Cursed Key"}],"items_purged_floors":[26],"is_endless":false,"potions_floor_spawned":[7,13,17,25,31,35,38],"killed_by":"Transient","ascension_level":8}}