{"host":"y1oqg7uy0jc6f5mb","time":1610537264,"event":{"mods":["BaseMod","Block Reminder","Colored Map","Colored Powertips","Custom Start","DeckTracker","Highlight Path","Minty Spire (QoL Compilation)","Permanent Neow","Quick Restart","Relic Sorter","Relic Stats","StSLib"],"gold_per_floor":[113,128,128,145,145,145,179,39,39,53,69,69,88,120,120,218,218,232,35,35,47,47,47,79,79,79,79,114,114,149,166,166,264,264,278,290,38,52,63,92,92,107,107,134,149,23,23,58,58,58],"floor_reached":51,"language":"ENG","playtime":5016,"items_purged":["Sever Soul","Strike_R"],"score":793,"play_id":"f2f24272-1837-4cab-8341-629511468f7b","local_time":"20210113192744","is_ascension_mode":true,"campfire_choices":[{"data":"Fire Breathing","floor":6.0,"key":"SMITH"},{"data":"Flame Barrier","floor":12.0,"key":"SMITH"},{"data":"Disarm","floor":15.0,"key":"SMITH"},{"data":"Armaments","floor":23.0,"key":"SMITH"},{"data":"Juggernaut","floor":25.0,"key":"SMITH"},{"data":"Seeing Red","floor":27.0,"key":"SMITH"},{"data":"Power Through","floor":32.0,"key":"SMITH"},{"floor":41.0,"key":"REST"},{"data":"True Grit","floor":47,"key":"SMITH"},{"floor":49,"key":"REST"}],"circlet_count":0,"master_deck":["Strike_R","Strike_R","Strike_R","Defend_R","Defend_R+1","Defend_R+1","Defend_R","Bash","Fire Breathing+1","Flame Barrier+1","Pommel Strike","Power Through+1","Disarm+1","Clothesline","Seeing Red+1","Headbutt","Juggernaut+1","Power Through","Armaments+1","Iron Wave+1","Ghostly Armor","True Grit+1","Shrug It Off","Fire Breathing","Rage+1","Shrug It Off"],"relics":["Burning Blood","War Paint","Eternal Feather","CaptainsWheel","Kunai","Letter Opener","SlaversCollar","Nunchaku","Unceasing Top","Potion Belt","Mango","Sundial","Anchor","Busted Crown","Dream Catcher","Molten Egg 2","Gambling Chip","Charon\u0027s Ashes","Centennial Puzzle"],"acts_visited":["TheCity","TheBeyond"],"potions_floor_usage":[50],"damage_taken":[{"damage":0.0,"enemies":"2 Louse","floor":1.0,"turns":3.0},{"damage":3.0,"enemies":"Small Slimes","floor":2.0,"turns":4.0},{"damage":0.0,"enemies":"Cultist","floor":4.0,"turns":5.0},{"damage":37.0,"enemies":"Lagavulin","floor":7.0,"turns":12.0},{"damage":1.0,"enemies":"Exordium Thugs","floor":10.0,"turns":5.0},{"damage":4.0,"enemies":"Exordium Wildlife","floor":11.0,"turns":5.0},{"damage":6.0,"enemies":"2 Fungi Beasts","floor":13.0,"turns":4.0},{"damage":11.0,"enemies":"Gremlin Nob","floor":14.0,"turns":5.0},{"damage":19.0,"enemies":"Hexaghost","floor":16.0,"turns":12.0},{"damage":24.0,"enemies":"3 Byrds","floor":18.0,"turns":7.0},{"damage":7.0,"enemies":"Shell Parasite","floor":21.0,"turns":9.0},{"damage":19.0,"enemies":"Book of Stabbing","floor":24.0,"turns":7.0},{"damage":22.0,"enemies":"Slavers","floor":28.0,"turns":6.0},{"damage":9.0,"enemies":"Gremlin Leader","floor":30.0,"turns":7.0},{"damage":0.0,"enemies":"Snecko","floor":31.0,"turns":5.0},{"damage":87.0,"enemies":"Automaton","floor":33.0,"turns":13.0},{"damage":0.0,"enemies":"Orb Walker","floor":35.0,"turns":4.0},{"damage":9.0,"enemies":"3 Darklings","floor":36.0,"turns":6.0},{"damage":2.0,"enemies":"Maw","floor":38.0,"turns":9.0},{"damage":25.0,"enemies":"Sphere and 2 Shapes","floor":39.0,"turns":6.0},{"damage":40.0,"enemies":"Giant Head","floor":40.0,"turns":11.0},{"damage":15.0,"enemies":"Jaw Worm Horde","floor":42.0,"turns":6.0},{"damage":8.0,"enemies":"Nemesis","floor":44.0,"turns":7.0},{"damage":5.0,"enemies":"4 Shapes","floor":45.0,"turns":4.0},{"damage":42,"enemies":"Giant Head","floor":48,"turns":10},{"damage":13,"enemies":"Donu and Deca","floor":50,"turns":9}],"seed_played":"-2538409102774087171","potions_obtained":[{"floor":1.0,"key":"SmokeBomb"},{"floor":10.0,"key":"Dexterity Potion"},{"floor":21.0,"key":"FearPotion"},{"floor":30.0,"key":"BlessingOfTheForge"},{"floor":31.0,"key":"SneckoOil"},{"floor":33.0,"key":"SpeedPotion"},{"floor":35.0,"key":"SteroidPotion"},{"floor":36.0,"key":"ColorlessPotion"},{"floor":40.0,"key":"LiquidBronze"},{"floor":45.0,"key":"BlessingOfTheForge"}],"is_trial":false,"path_per_floor":["M","M","?","M","?","R","E","$","T","M","M","R","M","E","R","B",null,"M","$","?","M","T","R","E","R","T","R","E","?","E","M","R","B",null,"M","M","$","M","M","E","R","M","T","E","M","$","R","E","R","B",null],"character_chosen":"IRONCLAD","items_purchased":["Power Through","Disarm","Power Through","Armaments","Dream Catcher","Shrug It Off","Fire Breathing","Shrug It Off"],"campfire_rested":2,"item_purchase_floors":[8,8,19,19,37,37,37,46],"current_hp_per_floor":[80,80,68,74,74,80,49,49,49,54,56,65,65,60,69,56,80,62,62,62,61,61,73,60,72,86,94,78,78,75,81,93,12,94,94,91,91,94,75,41,84,75,75,73,74,74,89,53,94,87],"gold":58,"neow_bonus":"RANDOM_COMMON_RELIC","is_daily":false,"chose_seed":false,"campfire_upgraded":8,"win_rate":0.0,"timestamp":1610537264,"path_taken":["M","M","?","M","?","R","E","$","T","?","M","R","M","E","R","BOSS","BOSS","M","$","?","M","?","R","E","R","T","R","E","?","E","M","R","BOSS","M","M","$","M","M","E","R","M","T","E","M","$","R","E","R","BOSS"],"items_purchased_type":["Card","Card","Card","Card","Relic","Card","Card","Card"],"build_version":"2020-12-22","purchased_purges":2,"victory":true,"max_hp_per_floor":[80,80,80,80,80,80,80,80,80,80,80,80,80,80,80,80,80,80,80,80,80,80,80,80,80,94,94,94,94,94,94,94,94,94,94,94,94,94,94,94,94,94,94,94,94,94,94,94,94,94],"relic_stats":{"counters":[26,181],"Eternal Feather":113,"Charon\u0027s Ashes":[78],"Letter Opener":[218],"War Paint":["Defend_R","Defend_R"],"Burning Blood":140,"Nunchaku":[15],"Dream Catcher":2,"Centennial Puzzle":[3],"Busted Crown":22,"Sundial":[10],"Gambling Chip":[8],"Kunai":[20],"obtain_stats":[{"Potion Belt":24,"Eternal Feather":3,"Mango":26,"Charon\u0027s Ashes":44,"Letter Opener":14,"War Paint":0,"Burning Blood":0,"SlaversCollar":17,"CaptainsWheel":7,"Nunchaku":20,"Anchor":30,"Dream Catcher":37,"Centennial Puzzle":48,"Busted Crown":34,"Sundial":28,"Gambling Chip":43,"Molten Egg 2":40,"Kunai":9,"Unceasing Top":22},{"Potion Belt":12,"Eternal Feather":2,"Mango":12,"Charon\u0027s Ashes":23,"Letter Opener":8,"War Paint":0,"Burning Blood":0,"SlaversCollar":9,"CaptainsWheel":4,"Nunchaku":10,"Anchor":14,"Dream Catcher":18,"Centennial Puzzle":25,"Busted Crown":16,"Sundial":13,"Gambling Chip":22,"Molten Egg 2":21,"Kunai":4,"Unceasing Top":11},{"Potion Belt":78,"Eternal Feather":7,"Mango":78,"Charon\u0027s Ashes":158,"Letter Opener":43,"War Paint":0,"Burning Blood":0,"SlaversCollar":55,"CaptainsWheel":24,"Nunchaku":62,"Anchor":91,"Dream Catcher":119,"Centennial Puzzle":172,"Busted Crown":109,"Sundial":84,"Gambling Chip":151,"Molten Egg 2":145,"Kunai":24,"Unceasing Top":71}],"Unceasing Top":[5]},"card_choices":[{"not_picked":["Armaments","Heavy Blade"],"picked":"Fire Breathing","floor":1.0},{"not_picked":["Searing Blow","Clash"],"picked":"Flame Barrier","floor":2.0},{"not_picked":["Infernal Blade","Flex"],"picked":"Pommel Strike","floor":4.0},{"not_picked":["Thunderclap","Anger","Limit Break"],"picked":"SKIP","floor":7.0},{"not_picked":["Rampage","Flex"],"picked":"Clothesline","floor":10.0},{"not_picked":["Sword Boomerang","Perfected Strike"],"picked":"Sever Soul","floor":11.0},{"not_picked":["Ghostly Armor","Flex"],"picked":"Seeing Red","floor":13.0},{"not_picked":["Sever Soul","Flex"],"picked":"Headbutt","floor":14.0},{"not_picked":["Barricade","Bludgeon"],"picked":"Juggernaut","floor":16.0},{"not_picked":["Seeing Red","Rampage","Flex"],"picked":"SKIP","floor":18.0},{"not_picked":["Clothesline","Headbutt","Second Wind+1"],"picked":"SKIP","floor":21.0},{"not_picked":["Whirlwind+1","Sword Boomerang+1","Headbutt"],"picked":"SKIP","floor":24.0},{"not_picked":["Brutality","Pummel+1"],"picked":"Iron Wave+1","floor":28.0},{"not_picked":["Carnage","Sword Boomerang","Second Wind"],"picked":"SKIP","floor":30.0},{"not_picked":["Warcry","Perfected Strike"],"picked":"Ghostly Armor","floor":31.0},{"not_picked":[],"picked":"True Grit","floor":35.0},{"not_picked":["Inflame"],"picked":"SKIP","floor":36.0},{"not_picked":["Sever Soul+1"],"picked":"SKIP","floor":38.0},{"not_picked":["Sever Soul+1"],"picked":"SKIP","floor":38.0},{"not_picked":["Warcry"],"picked":"SKIP","floor":39.0},{"not_picked":[],"picked":"Rage+1","floor":40.0},{"not_picked":["Twin Strike+1"],"picked":"SKIP","floor":42.0},{"not_picked":["Flex+1"],"picked":"SKIP","floor":44.0},{"not_picked":["Cleave+1"],"picked":"SKIP","floor":45.0},{"not_picked":["Heavy Blade+1"],"picked":"SKIP","floor":48}],"player_experience":5480,"relics_obtained":[{"floor":7.0,"key":"CaptainsWheel"},{"floor":9.0,"key":"Kunai"},{"floor":14.0,"key":"Letter Opener"},{"floor":22.0,"key":"Unceasing Top"},{"floor":24.0,"key":"Potion Belt"},{"floor":26.0,"key":"Mango"},{"floor":28.0,"key":"Sundial"},{"floor":30.0,"key":"Anchor"},{"floor":40.0,"key":"Molten Egg 2"},{"floor":43.0,"key":"Gambling Chip"},{"floor":44.0,"key":"Charon\u0027s Ashes"},{"floor":48,"key":"Centennial Puzzle"}],"event_choices":[{"damage_healed":0.0,"max_hp_gain":0.0,"max_hp_loss":0.0,"gold_gain":0.0,"event_name":"Scrap Ooze","player_choice":"Success","floor":3.0,"gold_loss":0.0,"damage_taken":12.0,"relics_obtained":["Eternal Feather"]},{"cards_removed":["Strike_R"],"damage_healed":0.0,"max_hp_gain":0.0,"max_hp_loss":0.0,"gold_gain":0.0,"event_name":"Bonfire Elementals","player_choice":"Offered Basic","floor":5.0,"gold_loss":0.0,"damage_taken":0.0},{"damage_healed":0.0,"max_hp_gain":0.0,"max_hp_loss":0.0,"gold_gain":0.0,"event_name":"Addict","player_choice":"Stole Relic","floor":20.0,"gold_loss":0.0,"damage_taken":0.0,"relics_obtained":["Nunchaku"],"cards_obtained":["Shame"]},{"cards_removed":["Shame"],"damage_healed":0.0,"max_hp_gain":0.0,"max_hp_loss":0.0,"gold_gain":0.0,"event_name":"Back to Basics","player_choice":"Elegance","floor":29.0,"gold_loss":0.0,"damage_taken":0.0}],"is_beta":false,"boss_relics":[{"not_picked":["Cursed Key","SacredBark"],"picked":"SlaversCollar"},{"not_picked":["Black Star","Runic Pyramid"],"picked":"Busted Crown"}],"items_purged_floors":[19,46],"is_endless":false,"potions_floor_spawned":[1,10,21,30,31,33,35,36,40,45],"ascension_level":1}}