{"host":"91ruqvp7hiryodqd","time":1610576858,"event":{"mods":["AchievementEnabler","BaseMod","Colored Map","Colored Powertips","Filter the Spire","Minty Spire (QoL Compilation)","Relic Stats","StSLib"],"gold_per_floor":[113,128,128,128,155,167,204,216,309,334,346,358,370,417,429,571,583,619,532,532,532,532,565,565,565,565,584,584,584,622,647,647,776,776,796,814,840,861,388,388,13,26,26,26,65,65,65,65,65,65],"floor_reached":51,"language":"ENG","playtime":3363,"items_purged":["Strike_P"],"score":762,"play_id":"857fd3e1-0280-4077-92f9-5bcf5d2588d1","local_time":"20210114052738","is_ascension_mode":false,"campfire_choices":[{"data":"Eruption","floor":6,"key":"SMITH"},{"data":"SashWhip","floor":8,"key":"SMITH"},{"data":"Iron Wave","floor":15,"key":"SMITH"},{"floor":25,"key":"REST"},{"floor":32,"key":"REST"},{"floor":40,"key":"REST"},{"floor":44,"key":"REST"},{"floor":46,"key":"REST"},{"floor":49,"key":"REST"}],"circlet_count":0,"master_deck":["Eruption+1","Vigilance","Pray+1","DevaForm+1","EmptyMind+1","FollowUp","SashWhip+1","Iron Wave+1","Devotion+1","Crescendo+1","EmptyBody+1","Sanctity","CutThroughFate+1","InnerPeace+1","Adaptation+1","CrushJoints+1","LessonLearned","CutThroughFate+1","Prostrate","Meditate","FollowUp+1","Master of Strategy"],"relics":["Astrolabe","Golden Idol","MawBank","Tiny Chest","Frozen Egg 2","White Beast Statue","Lizard Tail","Philosopher\u0027s Stone","Juzu Bracelet","Girya","GoldenEye","Red Mask","SlaversCollar","Art of War","Melange","Omamori","Strawberry","Happy Flower","Medical Kit","Kunai","Incense Burner"],"acts_visited":["Exordium","TheCity","TheBeyond"],"potions_floor_usage":[14,16,18,23,23,33,36,36,45,50,50],"damage_taken":[{"damage":3,"enemies":"Small Slimes","floor":1,"turns":4},{"damage":17,"enemies":"Jaw Worm","floor":2,"turns":6},{"damage":0,"enemies":"Cultist","floor":5,"turns":4},{"damage":4,"enemies":"Blue Slaver","floor":10,"turns":4},{"damage":0,"enemies":"Gremlin Nob","floor":14,"turns":2},{"damage":0,"enemies":"Hexaghost","floor":16,"turns":9},{"damage":31,"enemies":"3 Byrds","floor":18,"turns":6},{"damage":30,"enemies":"Slavers","floor":23,"turns":7},{"damage":4,"enemies":"Shell Parasite","floor":27,"turns":3},{"damage":41,"enemies":"Masked Bandits","floor":30,"turns":5},{"damage":0,"enemies":"Snecko","floor":31,"turns":5},{"damage":10,"enemies":"Collector","floor":33,"turns":6},{"damage":2,"enemies":"Orb Walker","floor":35,"turns":3},{"damage":37,"enemies":"3 Darklings","floor":36,"turns":5},{"damage":12,"enemies":"Spire Growth","floor":38,"turns":4},{"damage":37,"enemies":"Writhing Mass","floor":42,"turns":6},{"damage":9,"enemies":"Nemesis","floor":45,"turns":3},{"damage":28,"enemies":"Donu and Deca","floor":50,"turns":5}],"seed_played":"-8851356715450836934","potions_obtained":[{"floor":2,"key":"Swift Potion"},{"floor":5,"key":"SpeedPotion"},{"floor":10,"key":"SneckoOil"},{"floor":14,"key":"Ancient Potion"},{"floor":16,"key":"BlessingOfTheForge"},{"floor":18,"key":"LiquidBronze"},{"floor":23,"key":"GamblersBrew"},{"floor":27,"key":"FearPotion"},{"floor":30,"key":"AttackPotion"},{"floor":33,"key":"BottledMiracle"},{"floor":36,"key":"BottledMiracle"},{"floor":38,"key":"DistilledChaos"},{"floor":45,"key":"SneckoOil"},{"floor":48,"key":"DistilledChaos"}],"is_trial":false,"path_per_floor":["M","M","?","?","M","R","T","R","T","M","?","?","T","E","R","B",null,"M","$","?","?","?","E","T","R","T","M","?","?","?","M","R","B",null,"M","M","T","M","$","R","$","M","T","R","E","R","?","?","R","B",null],"character_chosen":"WATCHER","items_purchased":["EmptyBody","Prostrate","Melange","Omamori","Strawberry","Meditate","Happy Flower","Medical Kit"],"campfire_rested":6,"item_purchase_floors":[19,39,39,39,39,41,41,41],"current_hp_per_floor":[69,52,34,27,27,27,27,27,27,23,23,23,23,23,23,23,72,41,41,41,41,41,11,11,32,32,28,52,52,11,11,32,22,72,70,33,33,21,28,51,51,14,14,37,28,51,46,46,69,41],"gold":65,"neow_bonus":"BOSS_RELIC","is_daily":false,"chose_seed":false,"campfire_upgraded":3,"win_rate":0.0,"timestamp":1610576858,"path_taken":["M","M","?","?","M","R","?","R","T","?","?","?","?","E","R","BOSS","M","$","?","?","?","E","?","R","T","M","?","?","?","M","R","BOSS","M","M","?","M","$","R","$","M","T","R","E","R","?","?","R","BOSS"],"items_purchased_type":["Card","Card","Relic","Relic","Relic","Card","Relic","Relic"],"build_version":"2020-12-22","purchased_purges":1,"victory":true,"max_hp_per_floor":[72,72,72,72,72,72,72,72,72,72,72,72,72,72,72,72,72,72,72,72,72,72,72,72,72,72,72,72,72,72,72,72,72,72,72,72,72,72,79,79,79,79,79,79,79,79,79,79,79,79],"relic_stats":{"Happy Flower":[4],"counters":[18,87],"Golden Idol":143,"Astrolabe":["Pray","DevaForm","EmptyMind"],"Melange":[33],"Juzu Bracelet":1,"MawBank":180,"GoldenEye":[61],"Medical Kit":[0],"Lizard Tail":0,"Tiny Chest":3,"Art of War":[2],"Kunai":[11],"obtain_stats":[{"Girya":24,"Happy Flower":41,"Golden Idol":3,"Astrolabe":0,"Melange":39,"Juzu Bracelet":23,"Omamori":39,"Incense Burner":45,"Frozen Egg 2":9,"MawBank":4,"GoldenEye":26,"Medical Kit":41,"White Beast Statue":13,"SlaversCollar":34,"Lizard Tail":14,"Strawberry":39,"Tiny Chest":7,"Philosopher\u0027s Stone":17,"Red Mask":30,"Art of War":37,"Kunai":43,"PureWater":0},{"Girya":8,"Happy Flower":15,"Golden Idol":2,"Astrolabe":0,"Melange":15,"Juzu Bracelet":8,"Omamori":15,"Incense Burner":17,"Frozen Egg 2":3,"MawBank":2,"GoldenEye":8,"Medical Kit":15,"White Beast Statue":4,"SlaversCollar":12,"Lizard Tail":5,"Strawberry":15,"Tiny Chest":3,"Philosopher\u0027s Stone":6,"Red Mask":10,"Art of War":14,"Kunai":16,"PureWater":0},{"Girya":42,"Happy Flower":73,"Golden Idol":10,"Astrolabe":0,"Melange":73,"Juzu Bracelet":42,"Omamori":73,"Incense Burner":82,"Frozen Egg 2":14,"MawBank":10,"GoldenEye":42,"Medical Kit":73,"White Beast Statue":18,"SlaversCollar":61,"Lizard Tail":20,"Strawberry":73,"Tiny Chest":14,"Philosopher\u0027s Stone":29,"Red Mask":50,"Art of War":69,"Kunai":79,"PureWater":0}]},"card_choices":[{"not_picked":["JustLucky","InnerPeace"],"picked":"FollowUp","floor":1},{"not_picked":["FlurryOfBlows","JustLucky"],"picked":"SashWhip","floor":2},{"not_picked":["FlurryOfBlows","DeceiveReality","CrushJoints"],"picked":"SKIP","floor":5},{"not_picked":["FlurryOfBlows","DeceiveReality","CrushJoints"],"picked":"SKIP","floor":5},{"not_picked":["ClearTheMind","Consecrate","Evaluate"],"picked":"SKIP","floor":10},{"not_picked":["EmptyMind","FlurryOfBlows","Fasting2+1"],"picked":"SKIP","floor":14},{"not_picked":["Ragnarok","MasterReality+1"],"picked":"Devotion+1","floor":16},{"not_picked":["SashWhip","Fasting2+1"],"picked":"Crescendo","floor":18},{"not_picked":["Halt","Weave+1"],"picked":"InnerPeace+1","floor":23},{"not_picked":["FlyingSleeves","EmptyBody"],"picked":"Adaptation+1","floor":27},{"not_picked":["EmptyFist","Perseverance+1"],"picked":"CrushJoints+1","floor":30},{"not_picked":["EmptyFist","Crescendo","EmptyBody"],"picked":"SKIP","floor":31},{"not_picked":["MasterReality+1","Establishment+1"],"picked":"LessonLearned","floor":33},{"not_picked":["Crescendo","JustLucky"],"picked":"CutThroughFate+1","floor":35},{"not_picked":["SashWhip","Halt","CutThroughFate+1"],"picked":"SKIP","floor":36},{"not_picked":["Perseverance+1","Halt","Crescendo+1"],"picked":"SKIP","floor":38},{"not_picked":["Judgement","FlyingSleeves"],"picked":"FollowUp+1","floor":42},{"not_picked":["WreathOfFlame","LikeWater+1","EmptyBody"],"picked":"SKIP","floor":45},{"not_picked":["Purity","Thinking Ahead"],"picked":"Master of Strategy","floor":47}],"player_experience":44551,"relics_obtained":[{"floor":7,"key":"Tiny Chest"},{"floor":9,"key":"Frozen Egg 2"},{"floor":13,"key":"White Beast Statue"},{"floor":14,"key":"Lizard Tail"},{"floor":23,"key":"Juzu Bracelet"},{"floor":24,"key":"Girya"},{"floor":26,"key":"GoldenEye"},{"floor":30,"key":"Red Mask"},{"floor":37,"key":"Art of War"},{"floor":43,"key":"Kunai"},{"floor":45,"key":"Incense Burner"}],"event_choices":[{"damage_healed":0,"gold_gain":0,"player_choice":"Take Damage","damage_taken":18,"relics_obtained":["Golden Idol"],"max_hp_gain":0,"max_hp_loss":0,"event_name":"Golden Idol","floor":3,"gold_loss":0},{"damage_healed":0,"gold_gain":0,"player_choice":"Success","damage_taken":7,"relics_obtained":["MawBank"],"max_hp_gain":0,"max_hp_loss":0,"event_name":"Scrap Ooze","floor":4,"gold_loss":0},{"damage_healed":0,"gold_gain":0,"player_choice":"Searched \u00270\u0027 times","damage_taken":0,"max_hp_gain":0,"max_hp_loss":0,"event_name":"Dead Adventurer","floor":11,"gold_loss":0},{"cards_removed":["Defend_P"],"damage_healed":0,"gold_gain":0,"player_choice":"Took Card","damage_taken":0,"max_hp_gain":0,"max_hp_loss":0,"event_name":"NoteForYourself","floor":12,"gold_loss":0,"cards_obtained":["Iron Wave"]},{"cards_removed":["Defend_P"],"damage_healed":0,"gold_gain":0,"player_choice":"Elegance","damage_taken":0,"max_hp_gain":0,"max_hp_loss":0,"event_name":"Back to Basics","floor":20,"gold_loss":0},{"damage_healed":0,"gold_gain":0,"cards_transformed":["Strike_P","Defend_P"],"player_choice":"Became Test Subject","damage_taken":0,"max_hp_gain":0,"max_hp_loss":0,"event_name":"Drug Dealer","floor":21,"gold_loss":0,"cards_obtained":["Sanctity","CutThroughFate"]},{"damage_healed":0,"gold_gain":0,"player_choice":"Ignored","damage_taken":0,"max_hp_gain":0,"max_hp_loss":0,"event_name":"Ghosts","floor":22,"gold_loss":0},{"damage_healed":24,"gold_gain":0,"player_choice":"Heal","damage_taken":0,"max_hp_gain":0,"max_hp_loss":0,"event_name":"The Library","floor":28,"gold_loss":0},{"damage_healed":0,"gold_gain":0,"player_choice":"Ignored","damage_taken":0,"max_hp_gain":0,"max_hp_loss":0,"event_name":"The Mausoleum","floor":29,"gold_loss":0},{"damage_healed":0,"gold_gain":0,"player_choice":"Fought Bandits","damage_taken":0,"max_hp_gain":0,"max_hp_loss":0,"event_name":"Masked Bandits","floor":30,"gold_loss":0},{"damage_healed":0,"gold_gain":0,"player_choice":"Memory 2","damage_taken":5,"max_hp_gain":0,"max_hp_loss":0,"event_name":"SensoryStone","floor":47,"gold_loss":0},{"damage_healed":0,"gold_gain":0,"player_choice":"Got Potions","damage_taken":0,"max_hp_gain":0,"max_hp_loss":0,"event_name":"Lab","floor":48,"gold_loss":0}],"is_beta":false,"boss_relics":[{"not_picked":["Black Star","Snecko Eye"],"picked":"Philosopher\u0027s Stone"},{"not_picked":["Pandora\u0027s Box","Runic Dome"],"picked":"SlaversCollar"}],"items_purged_floors":[19],"is_endless":false,"potions_floor_spawned":[2,5,10,14,16,18,23,27,30,31,33,35,36,38,42,45],"ascension_level":0}}