{"host":"pzq1vc4uuxkm5fg8","time":1610570757,"event":{"mods":["BaseMod","BetterRewards","Downfall","Hermit","Minty Spire (QoL Compilation)","Replay The Spire","Shop Mod","StSLib","The Cursed","The Mystic"],"gold_per_floor":[116,116,136,147,167,167,167],"floor_reached":6,"language":"ENG","playtime":1227,"items_purged":[],"score":38,"play_id":"02c27c74-13b0-4fae-8849-eead07515cff","local_time":"20210113154557","is_ascension_mode":false,"campfire_choices":[],"circlet_count":0,"master_deck":["mysticmod:Strike_Mystic","mysticmod:Strike_Mystic","mysticmod:Strike_Mystic","mysticmod:Strike_Mystic","mysticmod:Defend_Mystic","mysticmod:Defend_Mystic","mysticmod:Defend_Mystic","mysticmod:Defend_Mystic","mysticmod:ShockingGrasp","mysticmod:Dedication","mysticmod:Snowball","Finesse","mysticmod:Shield","mysticmod:Disengage","mysticmod:PureInstinct","mysticmod:Alacrity","mysticmod:ClosingBarrage","mysticmod:HunkerDown","mysticmod:HeavyStrike","mysticmod:PowerSlash"],"relics":["mysticmod:SpellBook","Peace Pipe","Membership Card","Mango","MerchantsRug","Chameleon Ring"],"acts_visited":["Exordium"],"potions_floor_usage":[],"damage_taken":[{"damage":3,"enemies":"2 Louse","floor":1,"turns":3},{"damage":0,"enemies":"Cultist","floor":3,"turns":5},{"damage":0,"enemies":"Jaw Worm","floor":4,"turns":4},{"damage":4,"enemies":"Gremlin Gang","floor":5,"turns":8},{"damage":68,"enemies":"Gremlin Nob","floor":6,"turns":5}],"seed_played":"3578880168044126451","potions_obtained":[],"is_trial":false,"path_per_floor":["M","?","M","M","M","E"],"character_chosen":"MYSTIC_CLASS","items_purchased":["Membership Card","Mango","mysticmod:Dedication","MerchantsRug","mysticmod:Disengage","mysticmod:PureInstinct","Chameleon Ring"],"campfire_rested":0,"item_purchase_floors":[0,0,0,0,0,0,0],"current_hp_per_floor":[52,52,52,52,48,0,0],"gold":167,"neow_bonus":"","is_daily":false,"chose_seed":false,"campfire_upgraded":0,"win_rate":0.0,"timestamp":1610570757,"path_taken":["M","?","M","M","M","E"],"items_purchased_type":["Relic","Relic","Card","Relic","Card","Card","Relic"],"build_version":"2020-12-22","purchased_purges":0,"victory":false,"max_hp_per_floor":[91,91,91,91,91,91,91],"card_choices":[{"not_picked":["mysticmod:Grapple","mysticmod:BulkUp"],"picked":"mysticmod:Alacrity","floor":1},{"not_picked":["mysticmod:Riposte","mysticmod:MightyMagic"],"picked":"mysticmod:HunkerDown","floor":3},{"not_picked":["mysticmod:Dedication","mysticmod:Probe"],"picked":"mysticmod:HeavyStrike","floor":4},{"not_picked":["mysticmod:Daze","mysticmod:RapidCaster"],"picked":"mysticmod:PowerSlash","floor":5}],"player_experience":314409,"relics_obtained":[],"event_choices":[{"damage_healed":0,"gold_gain":0,"player_choice":"1 cards matched","damage_taken":0,"max_hp_gain":0,"max_hp_loss":0,"event_name":"Match and Keep!","floor":2,"gold_loss":0,"cards_obtained":["mysticmod:ClosingBarrage"]}],"is_beta":false,"boss_relics":[],"items_purged_floors":[],"is_endless":false,"potions_floor_spawned":[],"killed_by":"Gremlin Nob","ascension_level":0}}