{"host":"dftyqn972q7tuon4","time":1610499724,"event":{"mods":["AchievementEnabler","BaseMod","Better Altar","Better Match","Better Note","Better Sensory Stone","Better Skull","Better Third Choice","Colored Powertips","Highlight Path","Minty Spire (QoL Compilation)","Permanent Neow","Quick Restart","StSLib"],"gold_per_floor":[116,132,148,323,92,123,123,138,138,155,155,189,264,276,276,376,376,393,222,234,86,11,11,11,40,40,40,40,40,72,84,84,84,84],"floor_reached":33,"language":"ENG","playtime":2142,"items_purged":["Doubt","Strike_R"],"score":421,"play_id":"aaef27ff-9667-4853-a6ba-2941b9a8357e","local_time":"20210113020204","is_ascension_mode":true,"campfire_choices":[{"data":"Uppercut","floor":7,"key":"SMITH"},{"data":"Shockwave","floor":15,"key":"SMITH"},{"data":"Fire Breathing","floor":23,"key":"SMITH"},{"floor":29,"key":"REST"},{"data":"Dark Embrace","floor":32,"key":"SMITH"}],"circlet_count":0,"master_deck":["Defend_R","Defend_R","Defend_R","Bash","Dramatic Entrance","Uppercut+1","Warcry","Shockwave+1","Shrug It Off","Reckless Charge","True Grit","Wild Strike","Berserk","Armaments+1","Fire Breathing+1","Power Through","Dark Embrace+1","True Grit","Insight+1","Bite","Bite","Bite","Bite","Bite","Blood for Blood+1"],"relics":["Burning Blood","Lantern","Art of War","Bottled Lightning","Mango","Mark of Pain","Happy Flower","Centennial Puzzle","Bottled Flame"],"acts_visited":["Exordium","TheCity"],"potions_floor_usage":[6,16,30,33,33],"damage_taken":[{"damage":11,"enemies":"Jaw Worm","floor":1,"turns":4},{"damage":0,"enemies":"2 Louse","floor":2,"turns":2},{"damage":5,"enemies":"Cultist","floor":3,"turns":4},{"damage":17,"enemies":"Gremlin Nob","floor":6,"turns":4},{"damage":2,"enemies":"Blue Slaver","floor":8,"turns":3},{"damage":8,"enemies":"Looter","floor":10,"turns":2},{"damage":17,"enemies":"3 Sentries","floor":12,"turns":5},{"damage":4,"enemies":"3 Louse","floor":14,"turns":2},{"damage":38,"enemies":"The Guardian","floor":16,"turns":15},{"damage":44,"enemies":"Spheric Guardian","floor":18,"turns":6},{"damage":0,"enemies":"3 Byrds","floor":20,"turns":3},{"damage":39,"enemies":"Book of Stabbing","floor":25,"turns":6},{"damage":15,"enemies":"Gremlin Leader","floor":30,"turns":6},{"damage":31,"enemies":"3 Cultists","floor":31,"turns":6},{"damage":64,"enemies":"Collector","floor":33,"turns":7}],"seed_played":"-4596659490018977198","potions_obtained":[{"floor":3,"key":"ColorlessPotion"},{"floor":10,"key":"Fruit Juice"},{"floor":14,"key":"BloodPotion"},{"floor":18,"key":"DuplicationPotion"},{"floor":20,"key":"SteroidPotion"}],"is_trial":false,"path_per_floor":["M","M","M","?","$","E","R","M","T","M","?","E","?","M","R","B",null,"M","$","M","$","?","R","$","E","T","?","?","R","E","M","R","B"],"character_chosen":"IRONCLAD","items_purchased":["Lantern","Fire Breathing","Power Through","Dark Embrace"],"campfire_rested":1,"item_purchase_floors":[5,19,21,21],"current_hp_per_floor":[67,73,74,74,74,63,63,67,67,65,65,68,59,61,61,34,83,45,45,51,51,51,51,51,18,18,18,18,38,42,33,33,0,0],"gold":84,"neow_bonus":"RANDOM_COLORLESS","is_daily":false,"chose_seed":false,"campfire_upgraded":4,"win_rate":0.0,"timestamp":1610499724,"path_taken":["M","M","M","?","$","E","R","M","T","M","?","E","?","M","R","BOSS","M","$","M","?","?","R","$","E","T","?","?","R","E","M","R","BOSS"],"items_purchased_type":["Relic","Card","Card","Card"],"build_version":"2020-12-22","purchased_purges":2,"victory":false,"max_hp_per_floor":[80,80,80,80,80,80,80,80,80,80,80,94,94,94,94,99,99,99,99,99,99,99,99,99,99,99,99,69,69,69,69,69,69,69],"card_choices":[{"not_picked":["Blind","Deep Breath"],"picked":"Dramatic Entrance","floor":0},{"not_picked":["Burning Pact","Hemokinesis"],"picked":"Uppercut","floor":1},{"not_picked":["Sword Boomerang","Twin Strike"],"picked":"Warcry","floor":2},{"not_picked":["Thunderclap","Sword Boomerang"],"picked":"Shockwave","floor":3},{"not_picked":["Iron Wave","Rage"],"picked":"Shrug It Off","floor":6},{"not_picked":["Rage","Armaments"],"picked":"Reckless Charge","floor":8},{"not_picked":["Blood for Blood","Havoc"],"picked":"True Grit","floor":10},{"not_picked":["Metallicize","Iron Wave"],"picked":"Wild Strike","floor":12},{"not_picked":["Iron Wave","Combust","Clothesline"],"picked":"SKIP","floor":14},{"not_picked":["Reaper","Limit Break"],"picked":"Berserk","floor":16},{"not_picked":["Entrench","Thunderclap"],"picked":"Armaments+1","floor":18},{"not_picked":["Twin Strike+1","Headbutt","Havoc"],"picked":"SKIP","floor":20},{"not_picked":["Headbutt","Iron Wave"],"picked":"True Grit","floor":25},{"not_picked":["Perfected Strike","Cleave","Clash"],"picked":"SKIP","floor":30},{"not_picked":["Exhume","Metallicize"],"picked":"Blood for Blood+1","floor":31}],"player_experience":606581,"relics_obtained":[{"floor":6,"key":"Art of War"},{"floor":9,"key":"Bottled Lightning"},{"floor":12,"key":"Mango"},{"floor":25,"key":"Happy Flower"},{"floor":26,"key":"Centennial Puzzle"},{"floor":30,"key":"Bottled Flame"}],"event_choices":[{"damage_healed":0,"gold_gain":175,"player_choice":"AGREE","damage_taken":148,"max_hp_gain":0,"max_hp_loss":0,"event_name":"betterThird:BetterSerpent","floor":4,"gold_loss":0},{"cards_removed":["Strike_R"],"damage_healed":0,"gold_gain":0,"player_choice":"Forget","damage_taken":0,"max_hp_gain":0,"max_hp_loss":0,"event_name":"Living Wall","floor":11,"gold_loss":0},{"damage_healed":0,"gold_gain":75,"player_choice":"Touch","damage_taken":9,"max_hp_gain":0,"max_hp_loss":0,"event_name":"FaceTrader","floor":13,"gold_loss":0},{"cards_removed":["Defend_R"],"damage_healed":0,"gold_gain":0,"player_choice":"Gave Gold","damage_taken":0,"max_hp_gain":0,"max_hp_loss":0,"event_name":"Beggar","floor":22,"gold_loss":75},{"damage_healed":0,"gold_gain":0,"player_choice":"Insight","damage_taken":1,"max_hp_gain":0,"max_hp_loss":0,"event_name":"betterThird:BetterWriting","floor":27,"gold_loss":0,"cards_obtained":["Insight"]},{"damage_healed":0,"gold_gain":0,"player_choice":"Became a vampire","damage_taken":0,"max_hp_gain":0,"max_hp_loss":30,"event_name":"Vampires","floor":28,"gold_loss":0,"cards_obtained":["Bite","Bite","Bite","Bite","Bite"]}],"is_beta":false,"boss_relics":[{"not_picked":["Velvet Choker","Black Star"],"picked":"Mark of Pain"}],"items_purged_floors":[5,19],"is_endless":false,"potions_floor_spawned":[3,10,14,18,20],"killed_by":"Collector","ascension_level":7}}