{"host":"440aydzcd8mkncjo","time":1610570742,"event":{"mods":["2.2 Compatiblity","Act Like it!","Aspiration","Astrologer","Bard","BaseMod","Beaked The Cultist","Challenge The Spire","Chen","Colored Map","Conspire","Downfall","Energized Spire","Friendly Minions","Gensokyo","Glutton Mod","Gremlin Mod","Halation","Hallownest","Hubris","Infinite Spire","Jedi Mod","Koishi","Lobotomy","LobotomyExtend","Mad Scientist","Marisa????????","Mimic Mod","Minty Spire (QoL Compilation)","READ ME - Guardian Mod","READ ME - Snecko Mod","Rare Cards Sparkle","Reimu??????","Relic Sorter","Remilia??????","Replay The Spire","Shade Mod","Shop Mod","Somnambulant","StSLib","The Administrix","The Alterego","The Blackbeard","The Bug Knight","The Construct","The Cursed","The Florist","The Gatherer","The Hierophant","The Jungle","The Marked","The Mystic","The Necromancer","The Problem Sleuth","The Runesmith","The Servant 0.9.4","The Wild Card","TheBandit","TheSwordswoman","Unknown Chances","Waifu the Spire","Youmu??????","Yuri Mod","Yuyuko","thorton","vexMod"],"gold_per_floor":[99,119,119,138,42,52,87,87,102,121,152,165,180,192,210,305,305,305,320,334,334,345,370,395,430,430,245,245,280,280,307,317,417,417,417,431,450,425,425,425,425],"floor_reached":39,"language":"ENG","playtime":4817,"items_purged":[],"score":520,"play_id":"b7e9ef8d-a2a1-4a7b-8da1-f2e55c440597","local_time":"20210113204542","is_ascension_mode":false,"campfire_choices":[{"data":"hexamod:Float","floor":1,"key":"SMITH"},{"floor":18,"key":"DIG"},{"floor":30,"key":"REST"},{"data":"hexamod:ExtraCrispy","floor":35,"key":"SMITH"}],"circlet_count":0,"master_deck":["hexamod:Strike","hexamod:Strike","hexamod:Strike","hexamod:Strike","hexamod:Defend","hexamod:Sear","hexamod:Float+1","hexamod:GhostShield","hexamod:ExtraCrispy+1","hexamod:HeatMetal","hexamod:Hexaguard","hexamod:ThermalTransfer+1","hexamod:Hexaguard","hexamod:ExtraCrispy","hexamod:StepThrough","hexamod:AdvancingGuard","hexamod:BurningTouch","hexamod:HeatMetal","hexamod:AdvancingGuard","hexamod:HexaLevel","hexamod:BurningTouch+1","hexamod:RetreatToShadows","hexamod:FastForward","hexamod:PhantomCloak+1","hexamod:HeatCrush","hexamod:DynamicBlow+1","hexamod:EmpoweredFlame+1","hexamod:SearingWound+1","hexamod:ShieldOfDarkness+1"],"relics":["hexamod:SpiritBrand","halation:EternalFortune","Hallownest:DreamNailRelic","LetterFromLob","RedMistMask","halation:AfternoonTea","vexMod:Dragonfruit","conspire:SlowCooker","halation:BottledLove","Pocketwatch","Pet Ghost","Meat on the Bone","theJungle:Creamberry","Strawberry","Ancient Tea Set","aspiration:MobileForge"],"acts_visited":["Hallownest:Greenpath","Hallownest:Greenpath","Hallownest:KingdomsEdge"],"potions_floor_usage":[16,16,16,29,29,29,39,39],"damage_taken":[{"damage":0,"enemies":"Hallownest:monsterHuskWarrior","floor":2,"turns":4},{"damage":0,"enemies":"Hallownest:2_Tiktiks_and_1_Crawlid","floor":4,"turns":6},{"damage":0,"enemies":"downfall:FleeingMerchant","floor":5,"turns":4},{"damage":0,"enemies":"Hallownest:monsterHuskGuard","floor":6,"turns":4},{"damage":1,"enemies":"Hallownest:monsterMossCharger","floor":7,"turns":4},{"damage":1,"enemies":"Hallownest:monsterMossCharger","floor":9,"turns":4},{"damage":0,"enemies":"Hallownest:1_Baldur_1_Crawlid_1_Warrior","floor":10,"turns":4},{"damage":0,"enemies":"Hallownest:eliteMossKnight","floor":11,"turns":6},{"damage":8,"enemies":"Hallownest:Guard_and_Warrior","floor":12,"turns":6},{"damage":2,"enemies":"Hallownest:MossCreep_and_Mosskin","floor":13,"turns":4},{"damage":0,"enemies":"Hallownest:monsterFoolEater","floor":14,"turns":4},{"damage":0,"enemies":"Hallownest:monsterAspidMother","floor":15,"turns":3},{"damage":43,"enemies":"downfall:Defect","floor":16,"turns":6},{"damage":6,"enemies":"theJungle:GiantWrat","floor":19,"turns":4},{"damage":12,"enemies":"theJungle:MUSHROOMGANG","floor":20,"turns":5},{"damage":6,"enemies":"theJungle:Lyon","floor":22,"turns":5},{"damage":31,"enemies":"theJungle:Cassacara","floor":23,"turns":6},{"damage":11,"enemies":"Nightmare","floor":25,"turns":7},{"damage":0,"enemies":"theJungle:Cassacara","floor":29,"turns":6},{"damage":6,"enemies":"theJungle:Snecko_Cultist_And_Trap","floor":32,"turns":3},{"damage":49,"enemies":"downfall:Silent","floor":33,"turns":8},{"damage":5,"enemies":"Hallownest:Shield_Heavy","floor":36,"turns":4},{"damage":39,"enemies":"Hallownest:2_Littles","floor":37,"turns":5},{"damage":13,"enemies":"Hallownest:2_Littles","floor":39,"turns":7},{"damage":21,"enemies":"Hallownest:2_Littles","floor":39,"turns":9},{"damage":53,"enemies":"Hallownest:2_Littles","floor":39,"turns":4}],"seed_played":"-4586721467730304523","potions_obtained":[{"floor":2,"key":"ZuzhouPotion:ReiMu"},{"floor":6,"key":"SkillPotion"},{"floor":14,"key":"LiquidMemories"},{"floor":16,"key":"Weak Potion"},{"floor":19,"key":"GrandPatriotsElixir:ReiMu"},{"floor":23,"key":"Block Potion"},{"floor":25,"key":"EssenceOfSteel"},{"floor":33,"key":"ZuzhouPotion:ReiMu"},{"floor":37,"key":"SkillPotion"}],"is_trial":false,"path_per_floor":["R","M","?","M","$","M","MIM","?","M","M","E","M","M","M","M","B",null,"R_BF","M","M","?","M","E","T","NM","?","?","?","E","R","T","M","B",null,"R","M","M","?","?"],"character_chosen":"THE_SPIRIT","items_purchased":["hexamod:Hexaguard","hexamod:ThermalTransfer+1"],"campfire_rested":1,"item_purchase_floors":[5,5],"current_hp_per_floor":[73,73,73,73,73,76,75,75,74,74,79,71,69,69,69,26,81,81,75,63,63,57,26,26,15,5,5,5,24,50,50,53,16,88,88,83,56,56,0,0,0],"gold":425,"neow_bonus":"RANDOM_EVENT","is_daily":false,"chose_seed":false,"campfire_upgraded":2,"win_rate":0.0,"timestamp":1610570742,"path_taken":["R","M","?","?","$","M","MIM","?","M","M","E","M","M","M","M","BOSS","R_BF","M","M","?","?","E","T","NM","?","?","?","E","R","?","M","BOSS","R","M","M","?","?"],"items_purchased_type":["Card","Card"],"build_version":"2020-12-22","purchased_purges":0,"victory":false,"max_hp_per_floor":[73,73,73,73,73,76,76,76,76,76,81,81,81,81,81,81,81,81,81,81,81,81,81,81,81,81,81,81,88,88,88,88,88,88,88,88,88,88,88,88,88],"card_choices":[{"not_picked":["hexamod:NightmareGuise","hexamod:SpectersWail"],"picked":"hexamod:GhostShield","floor":2},{"not_picked":["hexamod:PhantomCloak","hexamod:Firestarter"],"picked":"hexamod:ExtraCrispy","floor":4},{"not_picked":["hexamod:SwordOfDarkness","hexamod:SpectersWail"],"picked":"hexamod:HeatMetal","floor":5},{"not_picked":["hexamod:SwordOfDarkness","hexamod:PhantomCloak","hexamod:HeatShield"],"picked":"SKIP","floor":6},{"not_picked":["hexamod:SpectersWail","hexamod:Rewind"],"picked":"hexamod:Hexaguard","floor":7},{"not_picked":["hexamod:NightmareGuise","hexamod:InspiringFlames"],"picked":"hexamod:UnleashSpirits","floor":9},{"not_picked":["hexamod:GhostOfSpirePast","hexamod:FastForward"],"picked":"hexamod:ExtraCrispy","floor":10},{"not_picked":["hexamod:Rewind","hexamod:GhostflameBarrier"],"picked":"hexamod:StepThrough","floor":11},{"not_picked":["hexamod:RainOfEmbers","hexamod:RadiantFlame"],"picked":"hexamod:AdvancingGuard","floor":12},{"not_picked":["hexamod:GhostShield","hexamod:EmpoweredFlame"],"picked":"hexamod:BurningTouch","floor":13},{"not_picked":["hexamod:SpectersWail","hexamod:ShieldOfDarkness"],"picked":"hexamod:HeatMetal","floor":14},{"not_picked":["hexamod:RecurringNightmare","hexamod:ChargedBarrage"],"picked":"hexamod:AdvancingGuard","floor":15},{"not_picked":["hexamod:TurnItUp","hexamod:SixthSeal"],"picked":"hexamod:HexaLevel","floor":16},{"not_picked":["hexamod:ShieldOfDarkness","hexamod:NightmareStrike"],"picked":"hexamod:BurningTouch+1","floor":19},{"not_picked":["hexamod:ThermalTransfer","hexamod:GhostLash","hexamod:FirstSeal"],"picked":"SKIP","floor":20},{"not_picked":["hexamod:SwordOfDarkness","hexamod:Rewind"],"picked":"hexamod:FastForward","floor":22},{"not_picked":["hexamod:HauntingEcho+1","hexamod:BacktrackSmack"],"picked":"hexamod:PhantomCloak","floor":23},{"not_picked":["hexamod:ThermalTransfer","hexamod:SwordOfDarkness"],"picked":"hexamod:HeatCrush","floor":25},{"not_picked":["hexamod:Rewind+1","hexamod:Again+1"],"picked":"hexamod:DynamicBlow+1","floor":29},{"not_picked":["hexamod:NecessarySacrifice+1","hexamod:SpectersWail+1"],"picked":"hexamod:EmpoweredFlame+1","floor":32},{"not_picked":["hexamod:TurnItUp+1","hexamod:TimeOfNeed+1"],"picked":"hexamod:SearingWound+1","floor":33},{"not_picked":["hexamod:ChargedBarrage+1","hexamod:RainOfEmbers"],"picked":"hexamod:ShieldOfDarkness+1","floor":36},{"not_picked":["hexamod:Again+1","hexamod:GhostOfSpirePresent+1","hexamod:SkipABeat+1"],"picked":"SKIP","floor":37}],"player_experience":774907,"relics_obtained":[{"floor":4,"key":"LetterFromLob"},{"floor":6,"key":"halation:EternalFortune"},{"floor":6,"key":"RedMistMask"},{"floor":7,"key":"halation:AfternoonTea"},{"floor":11,"key":"vexMod:Dragonfruit"},{"floor":18,"key":"halation:BottledLove"},{"floor":23,"key":"Pocketwatch"},{"floor":24,"key":"Pet Ghost"},{"floor":25,"key":"Meat on the Bone"},{"floor":29,"key":"Strawberry"},{"floor":31,"key":"Ancient Tea Set"}],"event_choices":[{"damage_healed":0,"gold_gain":0,"cards_transformed":["hexamod:UnleashSpirits"],"player_choice":"Transformed","damage_taken":0,"max_hp_gain":0,"max_hp_loss":0,"event_name":"Transmorgrifier","floor":21,"gold_loss":0,"cards_obtained":["hexamod:RetreatToShadows"]}],"is_beta":false,"boss_relics":[{"not_picked":["halation:SmartPhone","Philosopher\u0027s Stone"],"picked":"conspire:SlowCooker"},{"not_picked":["halation:CatFaceCupcake","aspiration:RitualDagger"],"picked":"aspiration:MobileForge"}],"items_purged_floors":[],"is_endless":true,"potions_floor_spawned":[2,6,14,15,16,19,23,25,33,37,39],"killed_by":"Hallownest:2_Littles","ascension_level":0}}