{"host":"xyxrly520c9wnx4a","time":1610577450,"event":{"mods":["AchievementEnabler","Act Like it!","BaseMod","Colored Powertips","Downfall","Minty Spire (QoL Compilation)","Quick Restart","Relic Stats","Replay The Spire","StSLib","Twitch Decklist","UnlockEverythingMod","【功能Mod】混沌之环修复补丁"],"gold_per_floor":[117,192,192,192,8,36,36,70,93,156,219,291,2,78,78,127,127],"floor_reached":16,"language":"ZHS","playtime":903,"items_purged":["Strike_B"],"score":252,"play_id":"ee791197-8de3-4497-9fb8-931fb9153419","local_time":"20210114063730","is_ascension_mode":true,"campfire_choices":[{"data":"Aggregate","floor":7.0,"key":"SMITH"}],"circlet_count":0,"master_deck":["AscendersBane","Strike_B","Strike_B","Defend_B","Defend_B","Defend_B","Defend_B","Zap","Dualcast","Melter","Aggregate+1","Turbo","Chill","Beam Cell","Storm","FTL"],"relics":["Cracked Core","NeowsBlessing","ReplayTheSpireMod:Ring of Challenge","Ring of Panic","Geode","Cables","Incense Burner","Bronze Scales","InkBottle","Replay:Bandana","Emotion Chip"],"acts_visited":["Exordium"],"potions_floor_usage":[],"damage_taken":[{"damage":0.0,"enemies":"Small Slimes","floor":1.0,"turns":1.0},{"damage":0.0,"enemies":"Lagavulin","floor":6.0,"turns":1.0},{"damage":0.0,"enemies":"3 Sentries","floor":8.0,"turns":1.0},{"damage":2.0,"enemies":"Cultist","floor":10.0,"turns":3.0},{"damage":9.0,"enemies":"Jaw Worm","floor":11.0,"turns":2.0},{"damage":37.0,"enemies":"Replay:BlueRogue","floor":12.0,"turns":7.0},{"damage":9.0,"enemies":"Exordium Wildlife","floor":14.0,"turns":5.0},{"damage":7,"enemies":"Fading Forest","floor":16,"turns":4}],"seed_played":"2481804961999995268","potions_obtained":[{"floor":1.0,"key":"champ:CounterPotion"},{"floor":6.0,"key":"AttackPotion"},{"floor":12.0,"key":"DistilledChaos"},{"floor":14.0,"key":"SteroidPotion"}],"is_trial":false,"path_per_floor":["M","?","$","?","$","E","R","E","T","M","M","E","$","M","R","B"],"character_chosen":"DEFECT","items_purchased":["Geode","Melter","Storm","Replay:Bandana"],"campfire_rested":0,"item_purchase_floors":[5,5,13,13],"current_hp_per_floor":[68,61,61,61,61,61,61,61,61,59,50,13,13,4,4,0,0],"gold":127,"neow_bonus":"THREE_ENEMY_KILL","is_daily":false,"chose_seed":false,"campfire_upgraded":1,"win_rate":0.0,"timestamp":1610577450,"path_taken":["M","?","?","?","$","E","R","E","T","M","M","E","$","M","R","BOSS"],"items_purchased_type":["Relic","Card","Card","Relic"],"build_version":"2020-12-22","purchased_purges":1,"victory":false,"max_hp_per_floor":[75,75,75,75,75,75,75,75,75,75,75,75,75,75,75,75,75],"relic_stats":{"Emotion Chip":[4,4,0,0,0],"counters":[8,24],"Bronze Scales":[30],"obtain_stats":[{"Replay:Bandana":13,"Emotion Chip":14,"NeowsBlessing":0,"Bronze Scales":9,"Geode":5,"Incense Burner":8,"ReplayTheSpireMod:Ring of Challenge":4,"Ring of Panic":4,"Cracked Core":0,"InkBottle":12,"Cables":6},{"Replay:Bandana":6,"Emotion Chip":7,"NeowsBlessing":0,"Bronze Scales":3,"Geode":1,"Incense Burner":3,"ReplayTheSpireMod:Ring of Challenge":1,"Ring of Panic":1,"Cracked Core":0,"InkBottle":6,"Cables":2},{"Replay:Bandana":15,"Emotion Chip":20,"NeowsBlessing":0,"Bronze Scales":3,"Geode":1,"Incense Burner":3,"ReplayTheSpireMod:Ring of Challenge":1,"Ring of Panic":1,"Cracked Core":0,"InkBottle":15,"Cables":2}],"InkBottle":[3],"Cables":[15,11,4,0,0]},"card_choices":[{"not_picked":["Self Repair","Hologram","ReplayTheSpireMod:System Scan"],"picked":"SKIP","floor":1.0},{"not_picked":["Time Bomb","Sweeping Beam"],"picked":"Aggregate","floor":6.0},{"not_picked":["Leap","Barrage","Steam"],"picked":"SKIP","floor":8.0},{"not_picked":["Beam Cell","Go for the Eyes"],"picked":"Turbo","floor":10.0},{"not_picked":["Redo","Recycle"],"picked":"Chill","floor":11.0},{"not_picked":["FIFO Queue","Amplify"],"picked":"Beam Cell","floor":12.0},{"not_picked":["Compile Driver","Hologram","Redo"],"picked":"SKIP","floor":14.0}],"player_experience":77569,"relics_obtained":[{"floor":4.0,"key":"ReplayTheSpireMod:Ring of Challenge"},{"floor":4.0,"key":"Ring of Panic"},{"floor":6.0,"key":"Cables"},{"floor":8.0,"key":"Incense Burner"},{"floor":9.0,"key":"Bronze Scales"},{"floor":12.0,"key":"InkBottle"},{"floor":14.0,"key":"Emotion Chip"}],"event_choices":[{"damage_healed":0.0,"max_hp_gain":0.0,"max_hp_loss":0.0,"gold_gain":75.0,"event_name":"FaceTrader","player_choice":"Touch","floor":2.0,"gold_loss":0.0,"damage_taken":7.0}],"is_beta":false,"boss_relics":[],"items_purged_floors":[13],"is_endless":false,"potions_floor_spawned":[1,6,12,14],"killed_by":"Fading Forest","ascension_level":10}}