{"host":"j4g6ia6asvpyu2b0","time":1610579110,"event":{"mods":["BaseMod","Colored Map","Minty Spire (QoL Compilation)","Permanent Neow","Quick Restart","Relic Stats","StSLib","Unceasing Turn Reminder"],"gold_per_floor":[109,122,19,94,94,134,159,159,183,71,71,114,114,64,64,187,187,206,206,206,222,131,174,174,197,197,236,236,255,255,296,296,296,296],"floor_reached":33,"language":"ENG","playtime":742,"items_purged":[],"score":518,"play_id":"95f99e59-076e-4d9a-93bc-46ab6d314fe4","local_time":"20210113160510","is_ascension_mode":true,"campfire_choices":[{"data":"Lockon","floor":8.0,"key":"SMITH"},{"data":"Fission","floor":13,"key":"SMITH"},{"data":"Storm","floor":15,"key":"SMITH"},{"floor":24,"key":"REST"},{"data":"Electrodynamics","floor":28,"key":"SMITH"},{"data":"Amplify","floor":32,"key":"SMITH"}],"circlet_count":0,"master_deck":["AscendersBane","Strike_B+1","Strike_B+1","Strike_B+1","Defend_B+1","Defend_B+1","Defend_B+1","Defend_B+1","Zap","Dualcast","Sweeping Beam","Lockon+1","Self Repair","Coolheaded","Conserve Battery","Chill","Storm+1","Doom and Gloom","Fission+1","Electrodynamics+1","Turbo+1","Streamline+1","Static Discharge","Ball Lightning","Amplify+1","White Noise","Glacier","Doom and Gloom","Static Discharge","Sweeping Beam"],"relics":["Cracked Core","NeowsBlessing","Golden Idol","Regal Pillow","DataDisk","Gremlin Horn","Sundial","Philosopher\u0027s Stone","Bag of Preparation","Art of War","Cables","Akabeko","Oddly Smooth Stone"],"acts_visited":["Exordium","TheCity"],"potions_floor_usage":[12,23,31],"damage_taken":[{"damage":0.0,"enemies":"2 Louse","floor":1.0,"turns":1.0},{"damage":0.0,"enemies":"Small Slimes","floor":2.0,"turns":1.0},{"damage":0.0,"enemies":"3 Sentries","floor":6.0,"turns":1.0},{"damage":0.0,"enemies":"Jaw Worm","floor":7.0,"turns":3.0},{"damage":20,"enemies":"Lagavulin","floor":12,"turns":4},{"damage":15,"enemies":"The Guardian","floor":16,"turns":9},{"damage":12,"enemies":"3 Byrds","floor":18,"turns":3},{"damage":13,"enemies":"Shell Parasite","floor":21,"turns":3},{"damage":50,"enemies":"Slavers","floor":23,"turns":3},{"damage":13,"enemies":"Centurion and Healer","floor":25,"turns":3},{"damage":16,"enemies":"Book of Stabbing","floor":27,"turns":4},{"damage":0,"enemies":"Shelled Parasite and Fungi","floor":29,"turns":2},{"damage":22,"enemies":"Gremlin Leader","floor":31,"turns":3},{"damage":12,"enemies":"Collector","floor":33,"turns":7}],"seed_played":"275537278603612011","potions_obtained":[{"floor":6.0,"key":"EssenceOfSteel"},{"floor":7.0,"key":"FearPotion"},{"floor":21,"key":"DuplicationPotion"},{"floor":23,"key":"Fire Potion"}],"is_trial":false,"path_per_floor":["M","M","$","?","?","E","M","R","T","$","?","E","R","?","R","B",null,"M","?","?","M","$","E","R","M","T","E","R","M","?","E","R","B"],"character_chosen":"DEFECT","items_purchased":["Self Repair","Coolheaded","Storm","Doom and Gloom","Static Discharge","Ball Lightning"],"campfire_rested":1,"item_purchase_floors":[3,3,10,10,22,22],"current_hp_per_floor":[68,68,68,57,39,46,53,53,53,53,53,40,40,40,40,32,64,59,59,59,53,53,10,47,41,41,25,25,32,32,10,10,0,0],"gold":296,"neow_bonus":"THREE_ENEMY_KILL","is_daily":false,"chose_seed":false,"campfire_upgraded":5,"win_rate":0.0,"timestamp":1610579110,"path_taken":["M","M","$","?","?","E","M","R","T","$","?","E","R","?","R","BOSS","M","?","?","M","?","E","R","M","T","E","R","?","?","E","R","BOSS"],"items_purchased_type":["Card","Card","Card","Card","Card","Card"],"build_version":"2020-12-22","purchased_purges":0,"victory":false,"max_hp_per_floor":[75,75,75,75,75,75,75,75,75,75,75,75,75,75,75,75,75,75,75,75,75,75,75,75,75,75,75,75,75,75,75,75,75,75],"relic_stats":{"Regal Pillow":15,"Gremlin Horn":[9,9],"counters":[14,47],"Golden Idol":88,"Sundial":[2],"Bag of Preparation":[14],"Art of War":[2],"obtain_stats":[{"Regal Pillow":6,"NeowsBlessing":0,"Gremlin Horn":11,"Golden Idol":5,"Oddly Smooth Stone":31,"Bag of Preparation":20,"Akabeko":27,"Cables":26,"DataDisk":9,"Sundial":12,"Philosopher\u0027s Stone":17,"Art of War":23,"Cracked Core":0},{"Regal Pillow":3,"NeowsBlessing":0,"Gremlin Horn":4,"Golden Idol":2,"Oddly Smooth Stone":13,"Bag of Preparation":7,"Akabeko":11,"Cables":10,"DataDisk":4,"Sundial":5,"Philosopher\u0027s Stone":6,"Art of War":9,"Cracked Core":0},{"Regal Pillow":3,"NeowsBlessing":0,"Gremlin Horn":6,"Golden Idol":2,"Oddly Smooth Stone":40,"Bag of Preparation":22,"Akabeko":35,"Cables":31,"DataDisk":6,"Sundial":10,"Philosopher\u0027s Stone":19,"Art of War":28,"Cracked Core":0}],"Cables":[13,9,4,0,0]},"card_choices":[{"not_picked":["Conserve Battery","Heatsinks"],"picked":"Sweeping Beam","floor":1.0},{"not_picked":["Chaos","Conserve Battery"],"picked":"Lockon","floor":2.0},{"not_picked":["Beam Cell","FTL"],"picked":"Conserve Battery","floor":6.0},{"not_picked":["Hologram","Go for the Eyes"],"picked":"Chill","floor":7.0},{"not_picked":["Skim","Steam Power"],"picked":"Fission","floor":12},{"not_picked":["Hyperbeam","Fission"],"picked":"Electrodynamics","floor":16},{"not_picked":["Coolheaded","BootSequence"],"picked":"Turbo+1","floor":18},{"not_picked":["Go for the Eyes+1","Stack+1"],"picked":"Streamline+1","floor":21},{"not_picked":["Chill","Auto Shields+1"],"picked":"Amplify","floor":23},{"not_picked":["Go for the Eyes","Recycle"],"picked":"White Noise","floor":25},{"not_picked":["Turbo","Buffer"],"picked":"Glacier","floor":27},{"not_picked":["Hologram","Streamline"],"picked":"Doom and Gloom","floor":29},{"not_picked":["Beam Cell","Streamline"],"picked":"Sweeping Beam","floor":31}],"player_experience":837479,"relics_obtained":[{"floor":6.0,"key":"Regal Pillow"},{"floor":9.0,"key":"DataDisk"},{"floor":12,"key":"Sundial"},{"floor":23,"key":"Art of War"},{"floor":26,"key":"Cables"},{"floor":27,"key":"Akabeko"},{"floor":31,"key":"Oddly Smooth Stone"}],"event_choices":[{"damage_healed":0.0,"max_hp_gain":0.0,"max_hp_loss":0.0,"gold_gain":75.0,"event_name":"World of Goop","player_choice":"Gather Gold","floor":4.0,"gold_loss":0.0,"damage_taken":11.0},{"damage_healed":0.0,"max_hp_gain":0.0,"max_hp_loss":0.0,"gold_gain":0.0,"event_name":"Golden Idol","player_choice":"Take Damage","floor":5.0,"gold_loss":0.0,"damage_taken":18.0,"relics_obtained":["Golden Idol"]},{"damage_healed":0.0,"max_hp_gain":0.0,"max_hp_loss":0.0,"gold_gain":0.0,"event_name":"Dead Adventurer","player_choice":"Searched \u00271\u0027 times","floor":11.0,"gold_loss":0.0,"damage_taken":0.0,"relics_obtained":["Gremlin Horn"]},{"cards_removed":["Strike_B"],"damage_healed":0,"gold_gain":0,"player_choice":"Card Removal","damage_taken":0,"max_hp_gain":0,"max_hp_loss":0,"event_name":"The Cleric","floor":14,"gold_loss":50},{"damage_healed":0,"gold_gain":0,"player_choice":"Simplicity","damage_taken":0,"max_hp_gain":0,"max_hp_loss":0,"event_name":"Back to Basics","floor":19,"gold_loss":0,"cards_upgraded":["Strike_B","Strike_B","Strike_B","Defend_B","Defend_B","Defend_B","Defend_B"]},{"damage_healed":0,"gold_gain":0,"player_choice":"Opened","damage_taken":0,"relics_obtained":["Bag of Preparation"],"max_hp_gain":0,"max_hp_loss":0,"event_name":"The Mausoleum","floor":20,"gold_loss":0},{"damage_healed":0,"gold_gain":0,"player_choice":"Read","damage_taken":0,"max_hp_gain":0,"max_hp_loss":0,"event_name":"The Library","floor":30,"gold_loss":0,"cards_obtained":["Static Discharge"]}],"is_beta":false,"boss_relics":[{"not_picked":["Empty Cage","Pandora\u0027s Box"],"picked":"Philosopher\u0027s Stone"}],"items_purged_floors":[],"is_endless":false,"potions_floor_spawned":[6,7,21,23],"killed_by":"Collector","ascension_level":11}}