{"host":"5jyeqch4fosnsiz2","time":1610510636,"event":{"mods":["BaseMod","Bestiary","Colored Map","Colored Powertips","Filter the Spire","Minty Spire (QoL Compilation)","Relic Stats","StSLib","Waifu the Spire","ojb\u0027s Better Paths Mod","ojb\u0027s Info Mod"],"gold_per_floor":[110,123,133,152,172,203,203,203,203,238,23,34,52,63,63,165,165,180,197,197,197,212,212,212,212,238,252,252,284,299,224,224,329,329,349,369,369,112,128,128,159,159,159,192,211,231,231,231,231,231,231],"floor_reached":50,"language":"ENG","playtime":2214,"items_purged":["Strike_P","Strike_P+1"],"score":688,"play_id":"30c687c9-37f6-4dc6-9aa1-8d329e3a8009","local_time":"20210112230356","is_ascension_mode":false,"campfire_choices":[{"data":"Fasting2","floor":7,"key":"SMITH"},{"data":"LessonLearned","floor":15,"key":"SMITH"},{"data":"EmptyFist","floor":23,"key":"SMITH"},{"data":"Tantrum","floor":25,"key":"SMITH"},{"data":"SandsOfTime","floor":28,"key":"SMITH"},{"floor":32,"key":"REST"},{"data":"BowlingBash","floor":40,"key":"SMITH"},{"floor":47,"key":"RECALL"},{"data":"PanicButton","floor":49,"key":"SMITH"}],"circlet_count":0,"master_deck":["Strike_P+1","Strike_P+1","Defend_P+1","Defend_P+1","Defend_P+1","Defend_P+1","Eruption+1","Vigilance+1","BowlingBash+1","CutThroughFate+1","EmptyFist+1","Fasting2+1","FearNoEvil+1","Tantrum+1","SandsOfTime+1","ThirdEye","LessonLearned+1","Vault+1","Halt+1","EmptyBody+1","ClearTheMind+1","FlurryOfBlows","PanicButton+1","Discovery","InnerPeace+1"],"relics":["Runic Dome","Boot","TungstenRod","Bottled Tornado","Velvet Choker","Nilry\u0027s Codex","Ice Cream","Toy Ornithopter","Coffee Dripper","Lee\u0027s Waffle","Prayer Wheel","Blood Vial","Art of War"],"acts_visited":["Exordium","TheCity","TheBeyond"],"potions_floor_usage":[4,5,10,33,33,33,39,45,48],"damage_taken":[{"damage":11,"enemies":"Small Slimes","floor":1,"turns":2},{"damage":0,"enemies":"Cultist","floor":2,"turns":3},{"damage":1,"enemies":"2 Louse","floor":3,"turns":3},{"damage":9,"enemies":"Gremlin Gang","floor":4,"turns":3},{"damage":0,"enemies":"Large Slime","floor":5,"turns":4},{"damage":0,"enemies":"Lagavulin","floor":6,"turns":7},{"damage":16,"enemies":"3 Sentries","floor":10,"turns":5},{"damage":2,"enemies":"Blue Slaver","floor":12,"turns":2},{"damage":0,"enemies":"3 Louse","floor":13,"turns":2},{"damage":1,"enemies":"Exordium Wildlife","floor":14,"turns":3},{"damage":0,"enemies":"Slime Boss","floor":16,"turns":7},{"damage":8,"enemies":"Chosen","floor":18,"turns":4},{"damage":9,"enemies":"2 Thieves","floor":19,"turns":4},{"damage":0,"enemies":"Snecko","floor":22,"turns":2},{"damage":12,"enemies":"Snake Plant","floor":27,"turns":2},{"damage":14,"enemies":"Book of Stabbing","floor":29,"turns":4},{"damage":0,"enemies":"Sentry and Sphere","floor":30,"turns":3},{"damage":5,"enemies":"Champ","floor":33,"turns":8},{"damage":0,"enemies":"3 Darklings","floor":35,"turns":4},{"damage":8,"enemies":"3 Shapes","floor":36,"turns":12},{"damage":25,"enemies":"Writhing Mass","floor":39,"turns":3},{"damage":0,"enemies":"Giant Head","floor":41,"turns":6},{"damage":0,"enemies":"Nemesis","floor":44,"turns":7},{"damage":52,"enemies":"Spire Growth","floor":45,"turns":3},{"damage":0,"enemies":"4 Shapes","floor":46,"turns":3},{"damage":0,"enemies":"Writhing Mass","floor":48,"turns":3},{"damage":37,"enemies":"Awakened One","floor":50,"turns":7}],"seed_played":"3720226537323726313","potions_obtained":[{"floor":3,"key":"LiquidBronze"},{"floor":4,"key":"StancePotion"},{"floor":5,"key":"GamblersBrew"},{"floor":8,"key":"Ambrosia"},{"floor":8,"key":"ColorlessPotion"},{"floor":18,"key":"SteroidPotion"},{"floor":29,"key":"BlessingOfTheForge"},{"floor":36,"key":"GamblersBrew"},{"floor":44,"key":"LiquidBronze"},{"floor":45,"key":"SmokeBomb"}],"is_trial":false,"path_per_floor":["M","M","M","M","M","E","R","?","T","E","$","M","M","M","R","B",null,"M","M","?","?","M","R","?","R","T","M","R","E","M","?","R","B",null,"M","M","?","$","M","R","E","?","T","E","M","M","R","M","R","B"],"character_chosen":"WATCHER","items_purchased":["Tantrum","LiquidBronze","Lee\u0027s Waffle"],"campfire_rested":1,"item_purchase_floors":[11,11,38],"current_hp_per_floor":[61,61,60,51,51,51,51,51,51,35,35,33,33,32,32,32,72,64,55,55,43,43,43,43,43,43,31,31,17,17,17,38,48,72,72,64,64,79,54,54,54,50,50,52,7,9,9,16,16,0,0],"gold":231,"neow_bonus":"BOSS_RELIC","is_daily":false,"chose_seed":false,"campfire_upgraded":7,"win_rate":0.0,"timestamp":1610510636,"path_taken":["M","M","M","M","M","E","R","?","T","E","$","?","?","M","R","BOSS","M","M","?","?","M","R","?","R","T","M","R","E","?","?","R","BOSS","M","M","?","$","M","R","E","?","T","E","M","M","R","M","R","BOSS"],"items_purchased_type":["Card","Potion","Relic"],"build_version":"2020-12-22","purchased_purges":2,"victory":false,"max_hp_per_floor":[72,72,72,72,72,72,72,72,72,72,72,72,72,72,72,72,72,72,72,72,72,72,72,72,72,72,72,72,72,72,72,72,72,72,72,72,72,79,79,79,79,79,79,79,79,79,79,79,79,79,79],"relic_stats":{"Blood Vial":10,"Lee\u0027s Waffle":15,"counters":[27,116],"Prayer Wheel":2,"Art of War":[0],"Boot":[22],"obtain_stats":[{"Ice Cream":24,"Lee\u0027s Waffle":38,"Nilry\u0027s Codex":21,"Velvet Choker":17,"Bottled Tornado":10,"Boot":6,"Blood Vial":43,"Runic Dome":0,"Prayer Wheel":41,"Coffee Dripper":34,"Art of War":44,"PureWater":0,"TungstenRod":9,"Toy Ornithopter":29},{"Ice Cream":14,"Lee\u0027s Waffle":20,"Nilry\u0027s Codex":13,"Velvet Choker":11,"Bottled Tornado":7,"Boot":6,"Blood Vial":22,"Runic Dome":0,"Prayer Wheel":22,"Coffee Dripper":18,"Art of War":23,"PureWater":0,"TungstenRod":6,"Toy Ornithopter":16},{"Ice Cream":51,"Lee\u0027s Waffle":84,"Nilry\u0027s Codex":49,"Velvet Choker":41,"Bottled Tornado":27,"Boot":22,"Blood Vial":93,"Runic Dome":0,"Prayer Wheel":93,"Coffee Dripper":68,"Art of War":100,"PureWater":0,"TungstenRod":22,"Toy Ornithopter":57}],"TungstenRod":28,"Toy Ornithopter":25},"card_choices":[{"not_picked":["EmptyFist","Wireheading"],"picked":"BowlingBash","floor":1},{"not_picked":["BowlingBash","PathToVictory"],"picked":"Evaluate","floor":2},{"not_picked":["FlyingSleeves","Prostrate"],"picked":"CutThroughFate","floor":3},{"not_picked":["ConjureBlade","BowlingBash"],"picked":"EmptyFist","floor":4},{"not_picked":["Tantrum","ClearTheMind"],"picked":"Fasting2","floor":5},{"not_picked":["Worship","Protect"],"picked":"FearNoEvil","floor":6},{"not_picked":["Vengeance","Collect","ClearTheMind"],"picked":"SKIP","floor":10},{"not_picked":["Consecrate","FollowUp"],"picked":"SandsOfTime","floor":12},{"not_picked":["WreathOfFlame","FearNoEvil"],"picked":"ThirdEye","floor":13},{"not_picked":["FlurryOfBlows","FollowUp"],"picked":"LessonLearned","floor":14},{"not_picked":["Devotion","Ragnarok"],"picked":"Vault","floor":16},{"not_picked":["Prostrate","ThirdEye"],"picked":"Halt","floor":18},{"not_picked":["Crescendo","EmptyFist"],"picked":"SashWhip+1","floor":19},{"not_picked":["FollowUp","Collect"],"picked":"EmptyBody+1","floor":22},{"not_picked":["Halt","Crescendo","SashWhip+1"],"picked":"SKIP","floor":27},{"not_picked":["EmptyBody","SashWhip","LessonLearned"],"picked":"SKIP","floor":29},{"not_picked":["CutThroughFate+1","PathToVictory+1"],"picked":"ClearTheMind","floor":30},{"not_picked":["Collect+1","Prostrate+1"],"picked":"FlurryOfBlows","floor":35},{"not_picked":["Conclude+1","CrushJoints+1","Halt"],"picked":"SKIP","floor":36},{"not_picked":["CarveReality+1","JustLucky+1","EmptyBody+1"],"picked":"SKIP","floor":39},{"not_picked":["Adaptation+1","ThirdEye+1","FlyingSleeves"],"picked":"SKIP","floor":41},{"not_picked":["Flash of Steel","Deep Breath"],"picked":"PanicButton","floor":42},{"not_picked":["Secret Weapon","PanicButton"],"picked":"Discovery","floor":42},{"not_picked":["Wish","CrushJoints","JustLucky"],"picked":"SKIP","floor":44},{"not_picked":["SashWhip+1","WaveOfTheHand","BowlingBash"],"picked":"SKIP","floor":45},{"not_picked":["FollowUp","Prostrate","BowlingBash+1"],"picked":"SKIP","floor":45},{"not_picked":["CrushJoints+1","EmptyBody"],"picked":"InnerPeace+1","floor":46},{"not_picked":["ConjureBlade","Protect+1","FlyingSleeves+1"],"picked":"SKIP","floor":46}],"player_experience":305237,"relics_obtained":[{"floor":6,"key":"Boot"},{"floor":9,"key":"TungstenRod"},{"floor":10,"key":"Bottled Tornado"},{"floor":21,"key":"Nilry\u0027s Codex"},{"floor":29,"key":"Toy Ornithopter"},{"floor":41,"key":"Prayer Wheel"},{"floor":43,"key":"Blood Vial"},{"floor":44,"key":"Art of War"}],"event_choices":[{"damage_healed":0,"gold_gain":0,"player_choice":"Got Potions","damage_taken":0,"max_hp_gain":0,"max_hp_loss":0,"event_name":"Lab","floor":8,"gold_loss":0},{"damage_healed":0,"gold_gain":0,"player_choice":"Simplicity","damage_taken":0,"max_hp_gain":0,"max_hp_loss":0,"event_name":"Back to Basics","floor":20,"gold_loss":0,"cards_upgraded":["Strike_P","Strike_P","Defend_P","Defend_P","Defend_P","Defend_P"]},{"damage_healed":0,"gold_gain":0,"player_choice":"Obtained Book","damage_taken":16,"max_hp_gain":0,"max_hp_loss":0,"event_name":"Cursed Tome","floor":21,"gold_loss":0},{"damage_healed":0,"gold_gain":0,"player_choice":"Gave Potion","damage_taken":0,"relics_obtained":["Ice Cream"],"max_hp_gain":0,"max_hp_loss":0,"event_name":"WeMeetAgain","floor":24,"gold_loss":0},{"cards_removed":["Evaluate"],"damage_healed":0,"gold_gain":0,"player_choice":"Gave Gold","damage_taken":0,"max_hp_gain":0,"max_hp_loss":0,"event_name":"Beggar","floor":31,"gold_loss":75},{"cards_removed":["SashWhip"],"damage_healed":0,"gold_gain":0,"player_choice":"Removed Attack","damage_taken":0,"max_hp_gain":0,"max_hp_loss":0,"event_name":"Falling","floor":37,"gold_loss":0},{"damage_healed":0,"gold_gain":0,"player_choice":"Memory 2","damage_taken":5,"max_hp_gain":0,"max_hp_loss":0,"event_name":"SensoryStone","floor":42,"gold_loss":0}],"is_beta":false,"boss_relics":[{"not_picked":["Sozu","Snecko Eye"],"picked":"Velvet Choker"},{"not_picked":["SlaversCollar","Runic Pyramid"],"picked":"Coffee Dripper"}],"items_purged_floors":[11,38],"is_endless":false,"potions_floor_spawned":[3,4,5,13,16,18,22,29,36,44,45],"killed_by":"Awakened One","ascension_level":0}}