{"host":"k67zwea37tbl4jhz","time":1610502134,"event":{"mods":["AchievementEnabler","Aspiration","BaseMod","Better Altar","Better Match","Better Sensory Stone","Better Skull","Better Third Choice","BetterRewards","CCEM","Clawfect","Colored Map","Conspire","Downfall","GifTheSpireLib","Googly Eyes","Halation","Highlight Path","Mimic Mod","Minty Spire (QoL Compilation)","Permanent Neow","Replay The Spire","Shop Mod","Spicy Shops","StSLib","Stuff the Spire","The Hierophant","Unceasing Turn Reminder","everything is the same but u backflip on backflip"],"gold_per_floor":[114,114,114,133,233,259,278,278,278,278,293,425,425,499,499,489,489],"floor_reached":16,"language":"ENG","playtime":1134,"items_purged":[],"score":118,"play_id":"eb54e8af-bc8b-4fe9-9c85-973eff5ba56a","local_time":"20210112204214","is_ascension_mode":false,"campfire_choices":[{"data":"hierophant:Endure","floor":8,"key":"SMITH"},{"data":"hierophant:HolyVerse","floor":10,"key":"SMITH"},{"floor":13,"key":"REST"},{"floor":15,"key":"REST"}],"circlet_count":0,"master_deck":["hierophant:Strike_Hierophant","hierophant:Strike_Hierophant","hierophant:Strike_Hierophant","hierophant:Strike_Hierophant","hierophant:Punish","hierophant:Defend_Hierophant","hierophant:Defend_Hierophant","hierophant:Defend_Hierophant","hierophant:Defend_Hierophant","hierophant:ChurchCoffers","ReplayTheSpireMod:Trickstab","hierophant:PassingBell+1","hierophant:Endure+1","hierophant:HolyVerse+1","hierophant:PristineSoul"],"relics":["hierophant:PropheticMaskRelic","StuffTheSpire:TintedRock","aspiration:DSix","ReplayTheSpireMod:TigerMarble","CaptainsWheel"],"acts_visited":["Exordium"],"potions_floor_usage":[16,16],"damage_taken":[{"damage":4,"enemies":"Jaw Worm","floor":1,"turns":4},{"damage":1,"enemies":"2 Louse","floor":4,"turns":2},{"damage":21,"enemies":"Replay:BlueRogue","floor":6,"turns":8},{"damage":0,"enemies":"Cultist","floor":7,"turns":3},{"damage":0,"enemies":"Large Slime","floor":11,"turns":4},{"damage":18,"enemies":"Gremlin Nob","floor":12,"turns":5},{"damage":32,"enemies":"Lagavulin","floor":14,"turns":11},{"damage":57,"enemies":"The Guardian","floor":16,"turns":18}],"seed_played":"7392940409551910904","potions_obtained":[{"floor":11,"key":"hexamod:EctoCoolerPotion"},{"floor":12,"key":"ColorlessPotion"}],"is_trial":false,"path_per_floor":["M","?","?","M","?","E","M","R","T","R","M","E","R","E","R","B"],"character_chosen":"HIEROPHANT","items_purchased":[],"campfire_rested":2,"item_purchase_floors":[],"current_hp_per_floor":[71,76,76,75,75,54,54,54,54,54,54,36,60,32,56,0,0],"gold":489,"neow_bonus":"RANDOM_COLORLESS","is_daily":false,"chose_seed":false,"campfire_upgraded":2,"win_rate":0.0,"timestamp":1610502134,"path_taken":["M","?","?","M","?","E","?","R","T","R","M","E","R","E","R","BOSS"],"items_purchased_type":[],"build_version":"2020-12-22","purchased_purges":0,"victory":false,"max_hp_per_floor":[75,80,80,80,80,80,80,80,80,80,80,80,80,80,80,80,80],"card_choices":[{"not_picked":["Forethought","Replay:Sssssssssshield"],"picked":"ReplayTheSpireMod:Trickstab","floor":0},{"not_picked":["hierophant:FieryStrike","hierophant:MirrorShield"],"picked":"hierophant:PassingBell","floor":1},{"not_picked":["hierophant:Remorse","hierophant:Dazzle","hierophant:SealAway"],"picked":"SKIP","floor":4},{"not_picked":["hierophant:Dazzle","hierophant:Shelter"],"picked":"hierophant:Endure","floor":6},{"not_picked":["hierophant:Rebuild","hierophant:CoinFling"],"picked":"hierophant:HolyVerse","floor":7},{"not_picked":["hierophant:TollTheBells","hierophant:ThreeLashes"],"picked":"hierophant:PristineSoul","floor":11},{"not_picked":["hierophant:WrathOfGod","hierophant:Shelter","hierophant:SolarFlare"],"picked":"SKIP","floor":12},{"not_picked":["hierophant:AuricBeam","hierophant:MintersHammer","hierophant:RecallFunds"],"picked":"SKIP","floor":14}],"player_experience":217272,"relics_obtained":[{"floor":6,"key":"StuffTheSpire:TintedRock"},{"floor":9,"key":"aspiration:DSix"},{"floor":12,"key":"ReplayTheSpireMod:TigerMarble"},{"floor":14,"key":"CaptainsWheel"}],"event_choices":[{"damage_healed":0,"gold_gain":0,"player_choice":"Donut","damage_taken":0,"max_hp_gain":5,"max_hp_loss":0,"event_name":"Big Fish","floor":2,"gold_loss":0},{"damage_healed":0,"gold_gain":100,"player_choice":"Gold","damage_taken":0,"max_hp_gain":0,"max_hp_loss":0,"event_name":"Wheel of Change","floor":5,"gold_loss":0}],"is_beta":false,"boss_relics":[],"items_purged_floors":[],"is_endless":false,"potions_floor_spawned":[11,12],"killed_by":"The Guardian","ascension_level":0}}