{"host":"qdfumeom6htv8yxl","time":1610557009,"event":{"mods":["AchievementEnabler","BaseMod","Bestiary","Block Reminder","Minty Spire (QoL Compilation)","Quick Restart","Relic Stats"],"gold_per_floor":[117,128,0,0,75,39,69,69,123,123,398,398,415,433,433,433,433],"floor_reached":16,"language":"ENG","playtime":402,"items_purged":["Strike_B"],"score":221,"play_id":"53fa1949-4579-4629-8327-7df6d5321822","local_time":"20210113105649","is_ascension_mode":true,"campfire_choices":[{"data":"Genetic Algorithm","floor":8,"key":"SMITH"},{"data":"Darkness","floor":10,"key":"SMITH"},{"data":"Zap","floor":12,"key":"SMITH"},{"data":"Coolheaded","floor":15,"key":"SMITH"}],"circlet_count":0,"master_deck":["AscendersBane","Strike_B","Strike_B+1","Strike_B","Defend_B","Defend_B","Defend_B","Zap+1","Dualcast","Genetic Algorithm+1","Darkness+1","Sweeping Beam","Rip and Tear+1","Regret","Coolheaded+1"],"relics":["Cracked Core","NeowsBlessing","Anchor","Whetstone"],"acts_visited":["Exordium"],"potions_floor_usage":[],"damage_taken":[{"damage":0,"enemies":"Cultist","floor":1,"turns":1},{"damage":0,"enemies":"Jaw Worm","floor":2,"turns":1},{"damage":0,"enemies":"3 Sentries","floor":7,"turns":2},{"damage":2,"enemies":"Small Slimes","floor":13,"turns":3},{"damage":3,"enemies":"Gremlin Gang","floor":14,"turns":3},{"damage":42,"enemies":"Hexaghost","floor":16,"turns":7}],"seed_played":"-8651599033096846920","potions_obtained":[{"floor":13,"key":"Dexterity Potion"}],"is_trial":false,"path_per_floor":["M","M","$","?","?","$","E","R","T","R","?","R","M","M","R","B"],"character_chosen":"DEFECT","items_purchased":["Sweeping Beam","Rip and Tear"],"campfire_rested":0,"item_purchase_floors":[3,6],"current_hp_per_floor":[64,64,64,57,46,46,46,46,46,46,46,46,44,41,41,0,0],"gold":433,"neow_bonus":"THREE_ENEMY_KILL","is_daily":false,"chose_seed":false,"campfire_upgraded":4,"win_rate":0.0,"timestamp":1610557009,"path_taken":["M","?","$","?","?","$","E","R","T","R","?","R","?","M","R","BOSS"],"items_purchased_type":["Card","Card"],"build_version":"2020-12-22","purchased_purges":1,"victory":false,"max_hp_per_floor":[71,71,71,71,71,71,71,71,71,71,71,71,71,71,71,71,71],"relic_stats":{"counters":[6,17],"Whetstone":["Rip and Tear","Strike_B"],"obtain_stats":[{"Anchor":7,"NeowsBlessing":0,"Whetstone":9,"Cracked Core":0},{"Anchor":3,"NeowsBlessing":0,"Whetstone":3,"Cracked Core":0},{"Anchor":4,"NeowsBlessing":0,"Whetstone":4,"Cracked Core":0}]},"card_choices":[{"not_picked":["Stack","Beam Cell"],"picked":"Genetic Algorithm","floor":1},{"not_picked":["Hologram","FTL"],"picked":"Darkness","floor":2},{"not_picked":["Go for the Eyes","Double Energy","Creative AI"],"picked":"SKIP","floor":7},{"not_picked":["Chill","Go for the Eyes"],"picked":"Coolheaded","floor":13},{"not_picked":["Fusion","Steam","Go for the Eyes"],"picked":"SKIP","floor":14}],"player_experience":1794299,"relics_obtained":[{"floor":7,"key":"Anchor"},{"floor":9,"key":"Whetstone"}],"event_choices":[{"cards_removed":["Defend_B"],"damage_healed":0,"gold_gain":0,"player_choice":"Card Removal","damage_taken":7,"max_hp_gain":0,"max_hp_loss":0,"event_name":"Golden Wing","floor":4,"gold_loss":0},{"damage_healed":0,"gold_gain":75,"player_choice":"Gather Gold","damage_taken":11,"max_hp_gain":0,"max_hp_loss":0,"event_name":"World of Goop","floor":5,"gold_loss":0},{"damage_healed":0,"gold_gain":275,"player_choice":"Desecrate","damage_taken":0,"max_hp_gain":0,"max_hp_loss":0,"event_name":"Golden Shrine","floor":11,"gold_loss":0,"cards_obtained":["Regret"]}],"is_beta":false,"boss_relics":[],"items_purged_floors":[3],"is_endless":false,"potions_floor_spawned":[13],"killed_by":"Hexaghost","ascension_level":16}}