{"host":"a3oe3gstxz77c7qu","time":1610574376,"event":{"mods":["2.2 Compatiblity","Act Like it!","Astrologer","BaseMod","Bestiary","Better Altar","Better Match","Better Note","Better Skull","Better Third Choice","Block Reminder","Curses Come First","Custom Start","Dark Map","Downfall","Friendly Minions","GifTheSpireLib","Hermit","Jorbs\u0027s Wanderer Trilogy","Lobotomy","LobotomyExtend","Marisa????????","Minty Spire (QoL Compilation)","Permanent Neow","Quick Restart","Relic Stats","Replay The Spire","StSLib","The Bug Knight","The Cursed","The Disciple","Uncapped","Unknown Chances","Wandering Minibosses"],"gold_per_floor":[99,119,119,133,118,43,118,218,218,277,277,332,332,387,387,432,432,432],"floor_reached":16,"language":"ENG","playtime":617,"items_purged":[],"score":113,"play_id":"49dfa2b0-9b3b-4113-af60-b9ca316a0b06","local_time":"20210113214616","is_ascension_mode":true,"campfire_choices":[{"floor":1,"key":"RECALL"},{"data":"Guardian:TwinSlam","floor":6,"key":"SMITH"},{"data":"Guardian:SentryBeam","floor":11,"key":"SMITH"},{"floor":13,"key":"REST"}],"circlet_count":0,"master_deck":["Guardian:Strike_Guardian","Guardian:Strike_Guardian","Guardian:Strike_Guardian","Guardian:Defend_Guardian","Guardian:Defend_Guardian","Guardian:Defend_Guardian","Guardian:CurlUp","Guardian:TwinSlam+1","Guardian:PrimingBeam","Guardian:PrimingBeam","Guardian:SentryBeam+1"],"relics":["Guardian:ModeShifter","LetterFromLob","downfall:BrokenWingStatue","downfall:HeartBlessingRed","Golden Egg","ReplayTheSpireMod:Ring of Challenge"],"acts_visited":["Exordium"],"potions_floor_usage":[16,16],"damage_taken":[{"damage":9,"enemies":"2 Louse","floor":2,"turns":3},{"damage":0,"enemies":"Small Slimes","floor":4,"turns":3},{"damage":10,"enemies":"downfall:FleeingMerchant","floor":5,"turns":4},{"damage":5,"enemies":"Jaw Worm","floor":10,"turns":3},{"damage":8,"enemies":"Blue Slaver","floor":12,"turns":5},{"damage":8,"enemies":"Lots of Slimes","floor":14,"turns":3},{"damage":40,"enemies":"downfall:Defect","floor":16,"turns":7}],"seed_played":"8659035286129109907","potions_obtained":[{"floor":10,"key":"SkillPotion"},{"floor":12,"key":"Languid Potion"},{"floor":14,"key":"FearPotion"}],"is_trial":false,"path_per_floor":["R","M","?","M","$","R","T","?","?","M","R","M","R","M","M","B"],"character_chosen":"GUARDIAN","items_purchased":[],"campfire_rested":1,"item_purchase_floors":[],"current_hp_per_floor":[56,47,47,47,37,37,37,37,37,32,32,24,48,40,40,0,0,0],"gold":432,"neow_bonus":"REMOVE_TWO","is_daily":false,"chose_seed":false,"campfire_upgraded":2,"win_rate":0.0,"timestamp":1610574376,"path_taken":["R","M","?","M","$","R","T","?","?","?","R","M","R","M","M","BOSS"],"items_purchased_type":[],"build_version":"2020-12-22","purchased_purges":0,"victory":false,"max_hp_per_floor":[80,80,80,80,80,80,80,80,80,80,80,80,80,80,80,80,80,80],"relic_stats":{"counters":[7,28],"obtain_stats":[{"Golden Egg":7,"downfall:BrokenWingStatue":3,"downfall:HeartBlessingRed":6,"Guardian:ModeShifter":0,"LetterFromLob":2,"ReplayTheSpireMod:Ring of Challenge":9},{"Golden Egg":3,"downfall:BrokenWingStatue":1,"downfall:HeartBlessingRed":3,"Guardian:ModeShifter":0,"LetterFromLob":1,"ReplayTheSpireMod:Ring of Challenge":3},{"Golden Egg":10,"downfall:BrokenWingStatue":3,"downfall:HeartBlessingRed":10,"Guardian:ModeShifter":0,"LetterFromLob":3,"ReplayTheSpireMod:Ring of Challenge":10}]},"card_choices":[{"not_picked":["Guardian:TemporalStrike","Guardian:ChargeUp"],"picked":"Guardian:PrimingBeam","floor":2},{"not_picked":["Guardian:Recover","Guardian:VentSteam"],"picked":"Guardian:PrimingBeam","floor":4},{"not_picked":["Guardian:TemporalStrike","Guardian:VentSteam"],"picked":"Guardian:Gem_Purple","floor":5},{"not_picked":["Guardian:ShieldCharger","Guardian:Suspension"],"picked":"Guardian:SentryBeam","floor":10},{"not_picked":["Guardian:SpikerProtocol","Guardian:Gem_Lightblue","Guardian:Harden"],"picked":"SKIP","floor":12},{"not_picked":["Guardian:PiercingHide","Guardian:GuardianWhirl","Guardian:RollAttack"],"picked":"SKIP","floor":14}],"player_experience":1004886,"relics_obtained":[{"floor":2,"key":"LetterFromLob"},{"floor":7,"key":"Golden Egg"},{"floor":9,"key":"ReplayTheSpireMod:Ring of Challenge"}],"event_choices":[],"is_beta":false,"boss_relics":[],"items_purged_floors":[],"is_endless":false,"potions_floor_spawned":[10,12,14],"killed_by":"downfall:Defect","ascension_level":5}}