{"host":"b0hh64pqctf46s8m","time":1610575530,"event":{"mods":["100% Spire Juice","Act Like it!","Aspiration","BaseMod","Bestiary","Better Third Choice","CCEM","CapriCore","ChefMod","Conspire","Curses Come First","Displayed Cursed Tome","Dota2Spire","Downfall","Ekko","Elementarium","Evolution","Fireblade Mod","Fox Events","Halation","Hallownest","Hermit","Hubris","Infinite Spire","Jess\u0027s Bottle","JesterMod","Jorbs\u0027s Wanderer Trilogy","Koishi","Kratos Character Expansion","Lobotomy","Luminous","Mari Mod (Legacy)","Mari\u0027s V1 Patch","Menagerie","Mimic Mod","Minty Spire (QoL Compilation)","Pale of the Ancients","Permanent Neow","Pikachu Mod","QueenMod","Random Character Button","Relic Sorter","Relic Stats","Replay The Spire","Robot Space Explorer","Shade Mod","StSLib","The Blue Laboratory","The Bug Knight","The Dragon Tamer","The Hayseed","The Immortal","The Marked","TheLocksmith","TheSwordswoman","TheVacant","TheWitcher","Treasure Hunter","UnlockEverythingMod","Wandering Minibosses","vexMod","??????REMEMod"],"gold_per_floor":[109,126,155,169,183,183,209,209,209,209,225,235,263,263,263,366,366,379,461,461,461,461],"floor_reached":20,"language":"ENG","playtime":1045,"items_purged":[],"score":209,"play_id":"e84cf3fa-785f-42fb-8ba9-0a57c159364c","local_time":"20210113140530","is_ascension_mode":false,"campfire_choices":[{"floor":6,"key":"REST"},{"floor":8,"key":"REST"},{"floor":15,"key":"REST"}],"circlet_count":0,"master_deck":["MokouMod:Strike","BigBadWolf","MokouMod:FujiyamaVolcano","MokouMod:Stoke","MokouMod:RoaringFlare","MokouMod:Firecracker","MokouMod:SearingBlow+1","MokouMod:Rebirth","MokouMod:Firecracker"],"relics":["MokouMod:PhoenixFeather","REME_ComplimentaryCards","EVO:Axolotl","CogitoBucket","Replay:Bottled Steam","ReplayTheSpireMod:TigerMarble","conspire:GlowingRock","conspire:Flyswatter","ResearcherNote","aspiration:DefectSkillbook","Centennial Puzzle"],"acts_visited":["Menagerie:Menagerie","TheCity"],"potions_floor_usage":[3,12,20],"damage_taken":[{"damage":1,"enemies":"Menagerie:MonstrousExperiment","floor":1,"turns":7},{"damage":4,"enemies":"Menagerie:WhisperingWraith","floor":2,"turns":4},{"damage":32,"enemies":"conspire:MimicChest","floor":3,"turns":5},{"damage":0,"enemies":"Menagerie:StygianBoar","floor":4,"turns":5},{"damage":9,"enemies":"Menagerie:MeltingSalamander","floor":5,"turns":3},{"damage":45,"enemies":"Menagerie:VoidReaper","floor":7,"turns":6},{"damage":9,"enemies":"Menagerie:MENAGERIE_WILDLIFE","floor":11,"turns":2},{"damage":15,"enemies":"Menagerie:3_RABBITS","floor":12,"turns":5},{"damage":3,"enemies":"Menagerie:Hydra","floor":13,"turns":3},{"damage":25,"enemies":"Menagerie:Suneater","floor":16,"turns":8},{"damage":31,"enemies":"2 Thieves","floor":18,"turns":4},{"damage":56,"enemies":"Shell Parasite","floor":20,"turns":5}],"seed_played":"-4805998641656091758","potions_obtained":[{"floor":2,"key":"PowerPotion"},{"floor":5,"key":"SpeedPotion"},{"floor":11,"key":"Strength Potion"},{"floor":16,"key":"Languid Potion"},{"floor":18,"key":"SteroidPotion"}],"is_trial":false,"path_per_floor":["M","M","?","M","M","R","E","R","T","T","M","M","E","?","R","B",null,"M","?","M"],"character_chosen":"MKU","items_purchased":[],"campfire_rested":3,"item_purchase_floors":[],"current_hp_per_floor":[74,70,38,38,29,51,6,28,28,28,19,4,1,1,23,18,75,44,26,5,5,5],"gold":461,"neow_bonus":"","is_daily":false,"chose_seed":false,"campfire_upgraded":0,"win_rate":0.0,"timestamp":1610575530,"path_taken":["M","M","?","M","M","R","E","R","T","?","?","M","E","?","R","BOSS","M","?","?"],"items_purchased_type":[],"build_version":"2020-12-22","purchased_purges":0,"victory":false,"max_hp_per_floor":[75,75,75,75,75,75,75,75,75,75,75,75,75,75,75,75,75,75,75,75,75,75],"relic_stats":{"Centennial Puzzle":[3],"counters":[14,59],"obtain_stats":[{"CogitoBucket":0,"conspire:GlowingRock":9,"Centennial Puzzle":19,"aspiration:DefectSkillbook":17,"MokouMod:PhoenixFeather":0,"ResearcherNote":11,"ReplayTheSpireMod:TigerMarble":7,"EVO:Axolotl":0,"REME_ComplimentaryCards":0,"Replay:Bottled Steam":3,"conspire:Flyswatter":10},{"CogitoBucket":0,"conspire:GlowingRock":6,"Centennial Puzzle":12,"aspiration:DefectSkillbook":11,"MokouMod:PhoenixFeather":0,"ResearcherNote":8,"ReplayTheSpireMod:TigerMarble":6,"EVO:Axolotl":0,"REME_ComplimentaryCards":0,"Replay:Bottled Steam":3,"conspire:Flyswatter":6},{"CogitoBucket":0,"conspire:GlowingRock":30,"Centennial Puzzle":53,"aspiration:DefectSkillbook":49,"MokouMod:PhoenixFeather":0,"ResearcherNote":33,"ReplayTheSpireMod:TigerMarble":30,"EVO:Axolotl":0,"REME_ComplimentaryCards":0,"Replay:Bottled Steam":16,"conspire:Flyswatter":30}]},"card_choices":[{"not_picked":["Murderer","OldLady"],"picked":"BigBadWolf","floor":1},{"not_picked":["MokouMod:IndiscriminateIgnition","MokouMod:BlazingComet"],"picked":"MokouMod:Scorch","floor":1},{"not_picked":["MokouMod:ImperishableFlame","MokouMod:ScorchedEarth"],"picked":"MokouMod:SearingShot","floor":2},{"not_picked":["MokouMod:ScorchingColumn","MokouMod:Scorch"],"picked":"MokouMod:FujiyamaVolcano","floor":3},{"not_picked":["MokouMod:IcarusDive","MokouMod:Firecracker","MokouMod:CrimsonArmoury"],"picked":"SKIP","floor":4},{"not_picked":["MokouMod:IcarusDive","MokouMod:Firecracker","MokouMod:CrimsonArmoury"],"picked":"SKIP","floor":4},{"not_picked":["MokouMod:ResonatingAura","MokouMod:IcarusDive"],"picked":"MokouMod:Stoke","floor":5},{"not_picked":["TH:ArmorSpikes","TH:PixieDust"],"picked":"SKIP","floor":7},{"not_picked":["MokouMod:Singe","MokouMod:AdaptivePyromancy","MokouMod:EternalBurstReactor"],"picked":"SKIP","floor":7},{"not_picked":["TH:PixieDust","TH:ArmorSpikes"],"picked":"SKIP","floor":9},{"not_picked":["TH:CursedSword","TH:BikiniMail"],"picked":"SKIP","floor":10},{"not_picked":["TH:CursedSword","TH:BikiniMail"],"picked":"SKIP","floor":10},{"not_picked":["MokouMod:CrimsonArmoury","MokouMod:SearingShot"],"picked":"MokouMod:RoaringFlare","floor":11},{"not_picked":["MokouMod:AdaptivePyromancy","MokouMod:RoaringFlare"],"picked":"MokouMod:Firecracker","floor":12},{"not_picked":["MokouMod:RisingSunBarrier","MokouMod:IgnitionBlast"],"picked":"MokouMod:SearingBlow","floor":13},{"not_picked":["TH:EnergyPotion","TH:ArmorSpikes"],"picked":"SKIP","floor":13},{"not_picked":["MokouMod:PhoenixForm","MokouMod:BurningHiddenBullet"],"picked":"MokouMod:Rebirth","floor":16},{"not_picked":["Gash","Recycle","hubris:Prefetch","ReplaySort+1"],"picked":"SKIP","floor":18},{"not_picked":["MokouMod:ControlledCombustion+1","ReplayTheSpireMod:Reroute Power","MokouMod:CrimsonFlare+1"],"picked":"MokouMod:Firecracker","floor":19}],"player_experience":1556117,"relics_obtained":[{"floor":3,"key":"Replay:Bottled Steam"},{"floor":7,"key":"ReplayTheSpireMod:TigerMarble"},{"floor":9,"key":"conspire:GlowingRock"},{"floor":10,"key":"conspire:Flyswatter"},{"floor":19,"key":"Centennial Puzzle"}],"event_choices":[{"damage_healed":0,"gold_gain":0,"player_choice":"Ignored","damage_taken":0,"max_hp_gain":0,"max_hp_loss":0,"event_name":"Menagerie:SpiderNest","floor":14,"gold_loss":0}],"is_beta":false,"boss_relics":[{"not_picked":["Replay:Grab Bag","halation:Risk"],"picked":"aspiration:DefectSkillbook"}],"items_purged_floors":[],"is_endless":false,"potions_floor_spawned":[2,5,11,16,18],"killed_by":"Shell Parasite","ascension_level":0}}