{"host":"dk10vuzdqf3wivcv","time":1610576446,"event":{"mods":["Aspiration","Astrologer","BaseMod","Colored Map","Conspire","Downfall","Friendly Minions","Hermit","Hubris","Infinite Spire","Minty Spire (QoL Compilation)","Replay The Spire","StSLib","SuperFastMode","Td1madao Mod","The Animator","The Gatherer","The Jungle"],"gold_per_floor":[115,215,229,247,10,39,70,98,98,98,133,150,182,202,202,300,300,320,334,347,347,347,379,397,432,513,513,524,524,524,624,706,805,805,817,834,834,834,834,859,877,896,950,969,969,1000,1018,1036,1036,1036,1036,1036,752,780,780,780],"floor_reached":55,"language":"ENG","playtime":3503,"items_purged":[],"score":890,"play_id":"af50e9ce-e655-4cff-a9ac-3d45210a6ebc","local_time":"20210113232046","is_ascension_mode":true,"campfire_choices":[{"floor":10,"key":"RECALL"},{"data":"Rainbow","floor":27,"key":"SMITH"},{"data":"infinitespire:Oblivion","floor":45,"key":"SMITH"},{"data":"Glacier","floor":49,"key":"SMITH"},{"data":"ReplayTheSpireMod:Dual Polarity","floor":52,"key":"SMITH"}],"circlet_count":0,"master_deck":["Strike_B","Strike_B","Strike_B","Strike_B","Defend_B","Defend_B","Defend_B","Defend_B","Zap","Dualcast","Coolheaded","Glacier+1","Defragment+1","Ball Lightning","Coolheaded","Conserve Battery","Cold Snap","Panic Button","Rainbow+1","FIFO Queue+1","Darkness+1","ReplayTheSpireMod:Dual Polarity+1","Seek","Chill","infinitespire:Oblivion+1","Electrodynamics","Blizzard","FIFO Queue+1","Cold Snap+1","Fusion+1","Storm"],"relics":["Cracked Core","ReplayTheSpireMod:TigerMarble","Replay:Bottled Flurry","Replay:Antivirus Software","Replay:Bottled Eggs","Tiny Chest","Boot","hubris:VirtuousBlindfold","hubris:Reverence","Vajra","Ornamental Fan","Strange Spoon","Nuclear Battery","Garlic","aspiration:PoetsPen_weak","HornCleat","Lizard Tail","Blood Vial","hubris:GlazedTorus","Bronze Scales","infinitespire:CheckeredPen"],"acts_visited":["Exordium","theJungle:Jungle","TheBeyond","TheEnding"],"potions_floor_usage":[8,11,12,14,16,16,16,18,28,33,50,50,50,54,55,55],"damage_taken":[{"damage":5,"enemies":"Jaw Worm","floor":1,"turns":5},{"damage":0,"enemies":"Cultist","floor":3,"turns":3},{"damage":0,"enemies":"Small Slimes","floor":4,"turns":4},{"damage":6,"enemies":"3 Sentries","floor":6,"turns":10},{"damage":14,"enemies":"conspire:MimicChest","floor":7,"turns":8},{"damage":14,"enemies":"Gremlin Nob","floor":8,"turns":4},{"damage":14,"enemies":"Replay:BlueRogue","floor":11,"turns":6},{"damage":0,"enemies":"Blue Slaver","floor":12,"turns":4},{"damage":10,"enemies":"3 Sentries","floor":13,"turns":7},{"damage":4,"enemies":"Gremlin Gang","floor":14,"turns":6},{"damage":23,"enemies":"Fading Forest","floor":16,"turns":11},{"damage":0,"enemies":"theJungle:GiantWrat","floor":18,"turns":6},{"damage":14,"enemies":"theJungle:Flameango_and_Byrd","floor":19,"turns":5},{"damage":19,"enemies":"theJungle:2_Flameangoes","floor":20,"turns":7},{"damage":0,"enemies":"theJungle:2_Phrogs","floor":23,"turns":8},{"damage":1,"enemies":"theJungle:SlimyTreeVines","floor":24,"turns":6},{"damage":6,"enemies":"theJungle:MamaSnecko","floor":25,"turns":7},{"damage":2,"enemies":"theJungle:JungleHuntersEncounter","floor":28,"turns":6},{"damage":38,"enemies":"theJungle:FunGuy","floor":33,"turns":13},{"damage":3,"enemies":"3 Shapes","floor":35,"turns":3},{"damage":4,"enemies":"Orb Walker","floor":36,"turns":3},{"damage":0,"enemies":"R_Hoarder","floor":40,"turns":6},{"damage":11,"enemies":"Spire Growth","floor":41,"turns":4},{"damage":0,"enemies":"Maw","floor":42,"turns":7},{"damage":13,"enemies":"Sphere and 2 Shapes","floor":44,"turns":5},{"damage":12,"enemies":"Reptomancer","floor":46,"turns":6},{"damage":7,"enemies":"3 Darklings","floor":47,"turns":3},{"damage":5,"enemies":"Jaw Worm Horde","floor":48,"turns":3},{"damage":58,"enemies":"hubris:GrandSnecko","floor":50,"turns":11},{"damage":39,"enemies":"Shield and Spear","floor":54,"turns":6},{"damage":48,"enemies":"The Heart","floor":55,"turns":6}],"seed_played":"-1022379474644271557","potions_obtained":[{"floor":1,"key":"FearPotion"},{"floor":7,"key":"EntropicBrew"},{"floor":11,"key":"infinitespire:BlackPotion"},{"floor":13,"key":"Guardian:BlockOnCardUsePotion"},{"floor":14,"key":"Elixir"},{"floor":16,"key":"Guardian:BlockOnCardUsePotion"},{"floor":23,"key":"FearPotion"},{"floor":24,"key":"infinitespire:BlackPotion"},{"floor":35,"key":"Energy Potion"},{"floor":42,"key":"BlessingOfTheForge"},{"floor":44,"key":"Doom Potion"},{"floor":54,"key":"Adrenaline Potion"}],"is_trial":false,"path_per_floor":["M","?","M","M","$","E","?","E","T","R","E","M","E","M","R_BF","B",null,"M","M","M","?","?","E","M","E","T","R","M","AVR","T","?","R_BF","B",null,"M","M","?","?","T","E","M","M","T","M","R","E","M","M","R","B",null,"R","$","E","B"],"character_chosen":"DEFECT","items_purchased":["Defragment","ReplayTheSpireMod:TigerMarble","Bronze Scales","Storm","BlessingOfTheForge","BlessingOfTheForge"],"campfire_rested":0,"item_purchase_floors":[5,5,53,53,53,53],"current_hp_per_floor":[77,77,77,77,77,71,65,51,51,51,37,37,27,23,23,14,82,82,68,49,60,82,82,82,76,76,76,74,74,74,74,74,36,82,79,75,75,75,75,82,71,71,71,60,60,50,45,42,42,41,82,82,82,43,0,0],"gold":780,"neow_bonus":"TEN_PERCENT_HP_BONUS","is_daily":false,"chose_seed":false,"campfire_upgraded":4,"win_rate":0.0,"timestamp":1610576446,"path_taken":["M","?","M","?","$","E","?","E","T","R","E","M","E","M","R_BF","BOSS","M","?","M","?","?","E","M","E","T","R","M","AVR","?","?","R_BF","BOSS","M","M","?","?","?","E","M","M","T","M","R","E","M","?","R","BOSS","R","$","E","BOSS"],"items_purchased_type":["Card","Relic","Relic","Card","Potion","Potion"],"build_version":"2020-12-22","purchased_purges":0,"victory":false,"max_hp_per_floor":[82,82,82,82,82,82,82,82,82,82,82,82,82,82,82,82,82,82,82,82,82,82,82,82,82,82,82,82,82,82,82,82,82,82,82,82,82,82,82,82,82,82,82,82,82,82,82,82,82,82,82,82,82,82,82,82],"card_choices":[{"not_picked":["Steam","Hologram"],"picked":"Crystallizer","floor":1},{"not_picked":["Force Field","Beam Cell"],"picked":"Coolheaded","floor":3},{"not_picked":["Streamline","Gash"],"picked":"Glacier","floor":4},{"not_picked":["Leap","Beam Cell","hubris:Ukulele"],"picked":"SKIP","floor":6},{"not_picked":["Compile Driver","Redo"],"picked":"Ball Lightning","floor":7},{"not_picked":["Panic Button","Go for the Eyes"],"picked":"ReplayTheSpireMod:Repulse","floor":8},{"not_picked":["hubris:Prefetch","BasicCrystalCard"],"picked":"Coolheaded","floor":11},{"not_picked":["Stack","Gash"],"picked":"Conserve Battery","floor":12},{"not_picked":["Compile Driver","ReplayTheSpireMod:System Scan"],"picked":"Cold Snap","floor":13},{"not_picked":["Steam","Compile Driver","Leap"],"picked":"SKIP","floor":14},{"not_picked":["ReplayTheSpireMod:Omega Cannon","ReplayTheSpireMod:Fabricate Wheel"],"picked":"Rainbow","floor":16},{"not_picked":["Steam Power","Double Energy"],"picked":"FIFO Queue","floor":18},{"not_picked":["Scrape+1","conspire:SharedLibrary"],"picked":"Darkness+1","floor":19},{"not_picked":["Stack","Scrape"],"picked":"ReplayTheSpireMod:Dual Polarity","floor":20},{"not_picked":["Compile Driver","Stack","Rip and Tear"],"picked":"SKIP","floor":23},{"not_picked":["Double Energy","Redo"],"picked":"Seek","floor":24},{"not_picked":["Sunder","hubris:DoWhile","Ball Lightning"],"picked":"SKIP","floor":25},{"not_picked":["Hologram","Coolheaded"],"picked":"Chill","floor":28},{"not_picked":["hubris:Prefetch","Reboot"],"picked":"Electrodynamics","floor":33},{"not_picked":["Conserve Battery","Scrape","Coolheaded"],"picked":"SKIP","floor":35},{"not_picked":["ReplayTheSpireMod:Repulse+1","Turbo"],"picked":"Blizzard","floor":36},{"not_picked":["ReplaySolidLightProjector","Steam+1","Barrage"],"picked":"SKIP","floor":40},{"not_picked":["Beam Cell+1","Cold Snap+1"],"picked":"FIFO Queue+1","floor":41},{"not_picked":["ReplayTheSpireMod:Reroute Power+1","Streamline+1","Turbo+1"],"picked":"SKIP","floor":42},{"not_picked":["Panic Button+1","BasicCrystalCard"],"picked":"Cold Snap+1","floor":44},{"not_picked":["Multi-Cast","Conserve Battery"],"picked":"Fusion+1","floor":46},{"not_picked":["Rebound+1","Conserve Battery+1","BasicCrystalCard+1"],"picked":"SKIP","floor":47},{"not_picked":["FIFO Queue","Streamline","Redo+1"],"picked":"SKIP","floor":48},{"not_picked":["Fusion","Barrage","Rip and Tear"],"picked":"SKIP","floor":54},{"not_picked":["Fusion","Barrage","Rip and Tear"],"picked":"SKIP","floor":54}],"player_experience":172190,"relics_obtained":[{"floor":6,"key":"Replay:Bottled Flurry"},{"floor":7,"key":"Replay:Antivirus Software"},{"floor":8,"key":"Replay:Bottled Eggs"},{"floor":11,"key":"Tiny Chest"},{"floor":13,"key":"Boot"},{"floor":23,"key":"hubris:Reverence"},{"floor":25,"key":"Vajra"},{"floor":26,"key":"Ornamental Fan"},{"floor":30,"key":"Garlic"},{"floor":39,"key":"HornCleat"},{"floor":40,"key":"Lizard Tail"},{"floor":43,"key":"Blood Vial"},{"floor":46,"key":"hubris:GlazedTorus"},{"floor":54,"key":"infinitespire:CheckeredPen"}],"event_choices":[{"damage_healed":0,"gold_gain":100,"player_choice":"Gold","damage_taken":0,"max_hp_gain":0,"max_hp_loss":0,"event_name":"Wheel of Change","floor":2,"gold_loss":0},{"cards_removed":["Crystallizer"],"damage_healed":22,"gold_gain":0,"player_choice":"Offered Uncommon","damage_taken":0,"max_hp_gain":0,"max_hp_loss":0,"event_name":"Bonfire Elementals","floor":22,"gold_loss":0},{"damage_healed":0,"gold_gain":100,"player_choice":"Pray","damage_taken":0,"max_hp_gain":0,"max_hp_loss":0,"event_name":"Golden Shrine","floor":31,"gold_loss":0}],"is_beta":false,"boss_relics":[{"not_picked":["conspire:RunicOctahedron","Tiny House"],"picked":"hubris:VirtuousBlindfold"},{"not_picked":["aspiration:SilentSkillbook","hubris:HollowSoul"],"picked":"aspiration:PoetsPen_weak"}],"items_purged_floors":[],"is_endless":false,"potions_floor_spawned":[1,7,11,13,14,16,23,24,35,42,44,54],"killed_by":"The Heart","ascension_level":1}}