{"host":"91blwi3hgehj6ch9","time":1610554868,"event":{"mods":["2.2 Compatiblity","AchievementEnabler","BaseMod","Colored Map","DeckTracker","Keyboard Shortcuts","Minty Spire (QoL Compilation)","Permanent Neow","Quick Restart","StSLib","SuperFastMode"],"gold_per_floor":[113,125,50,50,50,50,68,88,157,185,185,185,8,23,23,122,122,140,15,15,26,37,72,72,72,72],"floor_reached":25,"language":"KOR","playtime":1059,"items_purged":["Defend_P","Strike_P","Strike_P"],"score":474,"play_id":"4de996b4-0805-4032-95cf-c4db187f698d","local_time":"20210114012108","is_ascension_mode":true,"campfire_choices":[{"data":"Eruption","floor":6.0,"key":"SMITH"},{"data":"Adaptation","floor":12.0,"key":"SMITH"},{"floor":15.0,"key":"REST"}],"circlet_count":0,"master_deck":["AscendersBane","Defend_P","Eruption+1","Vigilance","Protect","Adaptation+1","EmptyBody","Prostrate","MentalFortress+1","FollowUp+1","InnerPeace"],"relics":["PureWater","Molten Egg 2","Nunchaku","Fusion Hammer","Dream Catcher"],"acts_visited":["Exordium","TheCity"],"potions_floor_usage":[],"damage_taken":[{"damage":0.0,"enemies":"2 Louse","floor":1.0,"turns":3.0},{"damage":7.0,"enemies":"Cultist","floor":2.0,"turns":3.0},{"damage":13.0,"enemies":"Small Slimes","floor":7.0,"turns":4.0},{"damage":0.0,"enemies":"Blue Slaver","floor":8.0,"turns":3.0},{"damage":0.0,"enemies":"Gremlin Nob","floor":10.0,"turns":2.0},{"damage":1.0,"enemies":"Red Slaver","floor":14.0,"turns":3.0},{"damage":21.0,"enemies":"Hexaghost","floor":16.0,"turns":11.0},{"damage":11.0,"enemies":"2 Thieves","floor":18.0,"turns":4.0},{"damage":0.0,"enemies":"Chosen","floor":21.0,"turns":5.0},{"damage":1.0,"enemies":"Shelled Parasite and Fungi","floor":22.0,"turns":3.0},{"damage":0.0,"enemies":"Gremlin Leader","floor":23.0,"turns":2.0},{"damage":65,"enemies":"Slavers","floor":25,"turns":4}],"seed_played":"1148933984982922923","potions_obtained":[{"floor":1.0,"key":"AttackPotion"},{"floor":8.0,"key":"Ambrosia"},{"floor":21.0,"key":"PowerPotion"},{"floor":22.0,"key":"LiquidMemories"}],"is_trial":false,"path_per_floor":["M","M","$","?","$","R","M","M","T","E","?","R","$","M","R","B",null,"M","$","?","M","M","E","?","E"],"character_chosen":"WATCHER","items_purchased":["MentalFortress"],"campfire_rested":1,"item_purchase_floors":[13],"current_hp_per_floor":[47,40,40,40,40,40,27,27,27,27,27,27,27,26,47,26,61,50,50,50,50,49,49,49,0,0],"gold":72,"neow_bonus":"REMOVE_TWO","is_daily":false,"chose_seed":false,"campfire_upgraded":2,"win_rate":0.0,"timestamp":1610554868,"path_taken":["M","M","$","?","?","R","M","M","T","E","?","R","$","M","R","BOSS","M","$","?","?","M","E","?","E"],"items_purchased_type":["Card"],"build_version":"2020-12-22","purchased_purges":3,"victory":false,"max_hp_per_floor":[72,72,72,72,72,72,72,72,72,72,72,72,72,72,72,72,72,72,72,72,72,72,72,72,72,72],"card_choices":[{"not_picked":["Wallop","FlurryOfBlows"],"picked":"Protect","floor":1.0},{"not_picked":["Halt","Evaluate"],"picked":"Adaptation","floor":2.0},{"not_picked":["Fasting2","FollowUp"],"picked":"EmptyBody","floor":7.0},{"not_picked":["FlurryOfBlows","Fasting2","Protect"],"picked":"SKIP","floor":8.0},{"not_picked":["Consecrate+1","Swivel"],"picked":"Prostrate","floor":10.0},{"not_picked":["Collect","Study"],"picked":"FollowUp+1","floor":14.0},{"not_picked":["ReachHeaven+1","Fasting2","SandsOfTime+1"],"picked":"SKIP","floor":18.0},{"not_picked":["Crescendo","Indignation+1"],"picked":"InnerPeace","floor":21.0},{"not_picked":["CarveReality+1","Protect","Pray"],"picked":"SKIP","floor":22.0},{"not_picked":["CrushJoints+1","ClearTheMind","FollowUp+1"],"picked":"SKIP","floor":23.0}],"player_experience":172810,"relics_obtained":[{"floor":9.0,"key":"Molten Egg 2"},{"floor":10.0,"key":"Nunchaku"},{"floor":23.0,"key":"Dream Catcher"}],"event_choices":[{"cards_removed":["Defend_P"],"damage_healed":0.0,"max_hp_gain":0.0,"max_hp_loss":0.0,"gold_gain":0.0,"event_name":"Purifier","player_choice":"Purged","floor":4.0,"gold_loss":0.0,"damage_taken":0.0},{"damage_healed":0.0,"max_hp_gain":0.0,"max_hp_loss":0.0,"gold_gain":0.0,"event_name":"Dead Adventurer","player_choice":"Searched \u00270\u0027 times","floor":11.0,"gold_loss":0.0,"damage_taken":0.0},{"damage_healed":0.0,"max_hp_gain":0.0,"max_hp_loss":0.0,"gold_gain":0.0,"event_name":"Upgrade Shrine","player_choice":"Upgraded","floor":20.0,"gold_loss":0.0,"damage_taken":0.0,"cards_upgraded":["MentalFortress"]},{"cards_removed":["Strike_P"],"damage_healed":0.0,"max_hp_gain":0.0,"max_hp_loss":0.0,"gold_gain":0.0,"event_name":"Purifier","player_choice":"Purged","floor":24.0,"gold_loss":0.0,"damage_taken":0.0}],"is_beta":false,"boss_relics":[{"not_picked":["Cursed Key","SlaversCollar"],"picked":"Fusion Hammer"}],"items_purged_floors":[3,13,19],"is_endless":false,"potions_floor_spawned":[1,8,16,21,22],"killed_by":"Slavers","ascension_level":12}}