{"host":"2brg86hfzr3u5cix","time":1610510357,"event":{"mods":["AchievementEnabler","Ascension Unlocker","BaseMod","CapriCore","DeckTracker","Highlight Path","Keyboard Shortcuts","Minty Spire (QoL Compilation)","Permanent Neow","Relic Stats","StSLib","Twitch Utils","Uncapped","UnlockEverythingMod"],"gold_per_floor":[113,38,38,38,58,58,83,83,83,116,127,127,139,39,39,39,39],"floor_reached":16,"language":"KOR","playtime":441,"items_purged":["Defend_P","Strike_P"],"score":266,"play_id":"b6e2f3db-7c21-451a-a628-b301de021792","local_time":"20210113125917","is_ascension_mode":true,"campfire_choices":[{"data":"Vigilance","floor":6.0,"key":"SMITH"},{"data":"ForeignInfluence","floor":15.0,"key":"SMITH"}],"circlet_count":0,"master_deck":["AscendersBane","Strike_P","Strike_P","Strike_P","Defend_P","Defend_P","Defend_P","Eruption+1","Vigilance+1","Evaluate","CrushJoints","EmptyBody","ClearTheMind","ForeignInfluence+1","Pray"],"relics":["PureWater","NeowsBlessing","Happy Flower","Mummified Hand","MealTicket","Kunai","CultistMask"],"acts_visited":["Exordium"],"potions_floor_usage":[16],"damage_taken":[{"damage":0.0,"enemies":"2 Louse","floor":1.0,"turns":1.0},{"damage":0.0,"enemies":"Small Slimes","floor":5.0,"turns":1.0},{"damage":0.0,"enemies":"Gremlin Nob","floor":7.0,"turns":1.0},{"damage":34.0,"enemies":"Lagavulin","floor":10.0,"turns":8.0},{"damage":0.0,"enemies":"Cultist","floor":11.0,"turns":3.0},{"damage":16.0,"enemies":"Large Slime","floor":13.0,"turns":7.0},{"damage":25,"enemies":"Hexaghost","floor":16,"turns":9}],"seed_played":"-3813640741579842821","potions_obtained":[{"floor":10.0,"key":"Weak Potion"},{"floor":13.0,"key":"LiquidBronze"}],"is_trial":false,"path_per_floor":["M","$","?","?","M","R","E","?","T","E","M","?","M","$","R","B"],"character_chosen":"WATCHER","items_purchased":[],"campfire_rested":0,"item_purchase_floors":[],"current_hp_per_floor":[61,61,61,66,66,66,66,55,55,21,21,21,5,20,20,0,0],"gold":39,"neow_bonus":"THREE_ENEMY_KILL","is_daily":false,"chose_seed":false,"campfire_upgraded":2,"win_rate":0.0,"timestamp":1610510357,"path_taken":["M","$","?","?","M","R","E","?","T","E","M","?","M","$","R","BOSS"],"items_purchased_type":[],"build_version":"2020-12-22","purchased_purges":2,"victory":false,"max_hp_per_floor":[68,68,68,73,73,73,73,73,73,73,73,73,73,73,73,73,73],"relic_stats":{"Happy Flower":[9],"counters":[7,30],"Mummified Hand":[0],"MealTicket":15,"Kunai":[5],"obtain_stats":[{"NeowsBlessing":0,"Happy Flower":7,"Mummified Hand":8,"MealTicket":9,"CultistMask":12,"Kunai":10,"PureWater":0},{"NeowsBlessing":0,"Happy Flower":3,"Mummified Hand":3,"MealTicket":3,"CultistMask":5,"Kunai":4,"PureWater":0},{"NeowsBlessing":0,"Happy Flower":3,"Mummified Hand":3,"MealTicket":3,"CultistMask":14,"Kunai":11,"PureWater":0}]},"card_choices":[{"not_picked":["SashWhip","FlurryOfBlows"],"picked":"Evaluate","floor":1.0},{"not_picked":["FlyingSleeves","BattleHymn"],"picked":"CrushJoints","floor":5.0},{"not_picked":["Omniscience","FearNoEvil"],"picked":"EmptyBody","floor":7.0},{"not_picked":["FlurryOfBlows","Wallop"],"picked":"ClearTheMind","floor":10.0},{"not_picked":["Wallop","FearNoEvil"],"picked":"ForeignInfluence","floor":11.0},{"not_picked":["SandsOfTime","Prostrate"],"picked":"Pray","floor":13.0}],"player_experience":315173,"relics_obtained":[{"floor":7.0,"key":"Happy Flower"},{"floor":9.0,"key":"MealTicket"},{"floor":10.0,"key":"Kunai"}],"event_choices":[{"damage_healed":0.0,"max_hp_gain":0.0,"max_hp_loss":0.0,"gold_gain":0.0,"event_name":"Living Wall","player_choice":"Grow","floor":3.0,"gold_loss":0.0,"damage_taken":0.0,"cards_upgraded":["Eruption"]},{"damage_healed":0.0,"max_hp_gain":5.0,"max_hp_loss":0.0,"gold_gain":0.0,"event_name":"Big Fish","player_choice":"Donut","floor":4.0,"gold_loss":0.0,"damage_taken":0.0},{"damage_healed":0.0,"max_hp_gain":0.0,"max_hp_loss":0.0,"gold_gain":0.0,"event_name":"Scrap Ooze","player_choice":"Success","floor":8.0,"gold_loss":0.0,"damage_taken":11.0,"relics_obtained":["Mummified Hand"]},{"damage_healed":0.0,"max_hp_gain":0.0,"max_hp_loss":0.0,"gold_gain":0.0,"event_name":"FaceTrader","player_choice":"Trade","floor":12.0,"gold_loss":0.0,"damage_taken":0.0,"relics_obtained":["CultistMask"]}],"is_beta":false,"boss_relics":[],"items_purged_floors":[2,14],"is_endless":false,"potions_floor_spawned":[10,13],"killed_by":"Hexaghost","ascension_level":20}}