{"host":"ojme7g6xlqwffsso","time":1610555067,"event":{"mods":["Act Like it!","BaseMod","Downfall","Hermit","Infinite Spire","MarisaÅiñ∂âJÅ@ñÇóùçπÅj","Minty Spire (QoL Compilation)","Replay The Spire","Shop Mod","StSLib","The Alterego","The Cursed","The Hierophant","Yuri Mod"],"gold_per_floor":[99,114,114,24,24,39,93,122,122,137,171,346,346,381,398,502,502,427,447,459,459,104,128,198,221,221,263,291,291,491,599,612,722,722,722,749,824,846,866,390,390,416,458,484,521,446,479,491,491,491],"floor_reached":48,"language":"ENG","playtime":2477,"items_purged":["Pain"],"score":855,"play_id":"84bc7872-a6ce-4a43-b089-92b7d2f336cd","local_time":"20210114012427","is_ascension_mode":true,"campfire_choices":[{"floor":18,"key":"DIG"},{"floor":26,"key":"RECALL"},{"data":"Regret","floor":35,"key":"PURGE"}],"circlet_count":0,"master_deck":["hexamod:Strike","hexamod:Strike+1","hexamod:Strike+1","hexamod:Strike","hexamod:Defend+1","hexamod:Defend","hexamod:Defend","hexamod:Defend","hexamod:Sear","hexamod:Float","Hallucinations","hexamod:SwordOfDarkness","hexamod:NightmareStrike+1","Regret","hexamod:ShieldOfDarkness","hexamod:PowerFromBeyond","Doubt","hexamod:RadiantFlame","hexamod:Firestarter+1","hexamod:GiftsFromTheDead","hexamod:SecondSeal","hexamod:SwordOfDarkness+1","hexamod:FastForward","hexamod:FastForward","hexamod:ThirdSeal","hexamod:Toasty","hexamod:SkipABeat","hexamod:ThermalTransfer+1","hexamod:HauntingEcho+1","hexamod:Hexaguard","hexamod:AdvancingGuard","hexamod:CrushingStance","hexamod:TimeOfNeed","hexamod:FirstSeal","hexamod:CatchUp+1","hexamod:SearingWound","hexamod:RecurringNightmare","hexamod:GhostflameInferno","Parasite","hexamod:SpectralAdrenaline","hexamod:ShieldOfDarkness+1","hexamod:Rewind+1","hexamod:FastForward+1"],"relics":["hexamod:SpiritBrand","Replay:Kaleidoscope","Ring of Misfortune","WarpedTongs","Torii","Vajra","Replay:Multitool","Runic Dome","downfall:HeartBlessingBlue","MerchantsRug","Sling","hexamod:InflammatoryLetter","Replay:Mystery Machine","Bird Faced Urn","downfall:HeartBlessingRed","yuri:PortableGlitches","infinitespire:Joker Card","Philosopher\u0027s Stone","Gremlin Horn","Quantum Egg","Blood Vial","Iron Hammer","Regal Pillow","downfall:HeartBlessingGreen","MawBank"],"acts_visited":["Exordium","TheCity","TheBeyond"],"potions_floor_usage":[16,27,33,40,45],"damage_taken":[{"damage":0,"enemies":"Jaw Worm","floor":2,"turns":3},{"damage":0,"enemies":"downfall:FleeingMerchant","floor":4,"turns":4},{"damage":1,"enemies":"Small Slimes","floor":6,"turns":2},{"damage":6,"enemies":"3 Sentries","floor":8,"turns":6},{"damage":0,"enemies":"Cultist","floor":10,"turns":3},{"damage":12,"enemies":"Gremlin Nob","floor":11,"turns":6},{"damage":0,"enemies":"3 Sentries","floor":14,"turns":6},{"damage":0,"enemies":"Gremlin Gang","floor":15,"turns":4},{"damage":1,"enemies":"downfall:Silent","floor":16,"turns":6},{"damage":8,"enemies":"Spheric Guardian","floor":19,"turns":5},{"damage":8,"enemies":"Snecko","floor":20,"turns":6},{"damage":0,"enemies":"downfall:FleeingMerchant","floor":22,"turns":4},{"damage":12,"enemies":"Sentry and Sphere","floor":23,"turns":6},{"damage":12,"enemies":"Centurion and Healer","floor":25,"turns":6},{"damage":14,"enemies":"Gremlin Leader","floor":27,"turns":6},{"damage":2,"enemies":"Shelled Parasite and Fungi","floor":28,"turns":5},{"damage":27,"enemies":"downfall:Defect","floor":31,"turns":5},{"damage":8,"enemies":"Snecko","floor":32,"turns":3},{"damage":12,"enemies":"downfall:Watcher","floor":33,"turns":7},{"damage":0,"enemies":"3 Shapes","floor":36,"turns":3},{"damage":3,"enemies":"3 Darklings","floor":38,"turns":7},{"damage":1,"enemies":"Maw","floor":39,"turns":6},{"damage":0,"enemies":"downfall:FleeingMerchant","floor":40,"turns":4},{"damage":124,"enemies":"Giant Head","floor":43,"turns":9},{"damage":25,"enemies":"Writhing Mass","floor":44,"turns":4},{"damage":0,"enemies":"R_Hoarder","floor":45,"turns":6},{"damage":61,"enemies":"Reptomancer","floor":47,"turns":7},{"damage":55,"enemies":"3 Darklings","floor":48,"turns":2}],"seed_played":"5131394097695477130","potions_obtained":[{"floor":6,"key":"Energy Potion"},{"floor":8,"key":"GamblersBrew"},{"floor":10,"key":"Cursed Concoction"},{"floor":23,"key":"Strength Potion"},{"floor":25,"key":"LiquidBronze"},{"floor":27,"key":"FairyPotion"},{"floor":37,"key":"downfall:CursedFountainPotion"},{"floor":44,"key":"PowerPotion"},{"floor":47,"key":"champ:CounterPotion"}],"is_trial":false,"path_per_floor":["R","M","?","$","T","M","T","E","?","M","E","?","?","E","M","B",null,"R","M","M","?","$","M","T","M","R","E","M","?","R","?","M","B",null,"R","M","?","M","M","$","T","T","E","M","E","R","E","M"],"character_chosen":"THE_SPIRIT","items_purchased":["MerchantsRug","hexamod:FastForward","hexamod:ThirdSeal","Sling","Gremlin Horn","hexamod:SearingWound","hexamod:RecurringNightmare"],"campfire_rested":0,"item_purchase_floors":[22,22,22,22,40,40,40],"current_hp_per_floor":[63,63,63,63,63,62,62,56,56,56,44,44,44,51,51,50,70,80,72,64,90,90,78,78,66,66,52,50,50,50,29,25,19,90,90,90,90,90,90,90,90,90,34,17,36,78,38,0,0,0],"gold":491,"neow_bonus":"ONE_RARE_RELIC","is_daily":false,"chose_seed":false,"campfire_upgraded":0,"win_rate":0.0,"timestamp":1610555067,"path_taken":["R","M","?","$","?","?","T","E","?","M","E","?","?","E","M","BOSS","R","M","M","?","$","?","T","M","R","E","M","?","R","?","M","BOSS","R","M","?","?","M","$","T","?","E","?","E","R","E","M"],"items_purchased_type":["Relic","Card","Card","Relic","Relic","Card","Card"],"build_version":"2020-12-22","purchased_purges":1,"victory":false,"max_hp_per_floor":[63,63,63,63,63,63,63,63,63,63,63,63,63,70,70,70,70,80,80,80,90,90,90,90,90,90,90,90,90,90,90,90,90,90,90,90,90,90,90,90,90,90,90,90,90,90,90,90,90,90],"card_choices":[{"not_picked":["hexamod:RainOfEmbers","hexamod:HauntingEcho"],"picked":"hexamod:SwordOfDarkness","floor":2},{"not_picked":["hexamod:NightmareGuise","hexamod:BacktrackSmack"],"picked":"hexamod:NightmareStrike","floor":4},{"not_picked":["hexamod:AdvancingGuard","hexamod:Hexaguard"],"picked":"hexamod:VolcanoVisage","floor":6},{"not_picked":["hexamod:SoulSteal","hexamod:HeatCrush","hexamod:RetreatToShadows"],"picked":"SKIP","floor":8},{"not_picked":["hexamod:GhostShield","hexamod:WildfireWeapon"],"picked":"hexamod:ShieldOfDarkness","floor":10},{"not_picked":["hexamod:SoulSteal","hexamod:ChargedBarrage"],"picked":"hexamod:PowerFromBeyond","floor":11},{"not_picked":["hexamod:BacktrackSmack","hexamod:NightmareStrike"],"picked":"hexamod:RadiantFlame","floor":14},{"not_picked":["hexamod:GhostLash","hexamod:GhostOfSpirePresent"],"picked":"hexamod:Firestarter","floor":15},{"not_picked":["hexamod:CrushingStance","hexamod:ApocalypseNow"],"picked":"hexamod:GiftsFromTheDead","floor":16},{"not_picked":["hexamod:GhostLash","hexamod:HeatShield","hexamod:BurningTouch+1"],"picked":"SKIP","floor":19},{"not_picked":["hexamod:StepThrough","hexamod:GhostShield+1"],"picked":"hexamod:SecondSeal","floor":20},{"not_picked":["hexamod:ShieldOfDarkness","hexamod:BacktrackSmack"],"picked":"hexamod:SwordOfDarkness","floor":22},{"not_picked":["hexamod:HauntingEcho","hexamod:ShieldOfDarkness+1"],"picked":"hexamod:Toasty","floor":23},{"not_picked":["hexamod:SwordOfDarkness","hexamod:NightmareStrike+1","hexamod:BacktrackSmack"],"picked":"SKIP","floor":23},{"not_picked":["hexamod:ShieldOfDarkness+1","hexamod:BurningTouch+1","hexamod:ThirdSeal"],"picked":"SKIP","floor":25},{"not_picked":["hexamod:AdvancingGuard","hexamod:NightmareGuise","hexamod:SwordOfDarkness"],"picked":"SKIP","floor":25},{"not_picked":["hexamod:SpectralAdrenaline","hexamod:HeatCrush+1"],"picked":"hexamod:SkipABeat","floor":27},{"not_picked":["hexamod:Toasty","hexamod:NightmareStrike+1"],"picked":"hexamod:ThermalTransfer+1","floor":27},{"not_picked":["hexamod:SpectralSpark+1","hexamod:RainOfEmbers"],"picked":"hexamod:HauntingEcho+1","floor":28},{"not_picked":["hexamod:HeatCrush","hexamod:SecondSeal","hexamod:DynamicBlow"],"picked":"SKIP","floor":28},{"not_picked":["hexamod:SkipABeat","hexamod:GhostOfSpireFuture"],"picked":"hexamod:Hexaguard","floor":31},{"not_picked":["hexamod:NightmareStrike","hexamod:ThermalTransfer"],"picked":"hexamod:AdvancingGuard","floor":31},{"not_picked":["hexamod:InspiringFlames","hexamod:ThermalTransfer","hexamod:GhostLash"],"picked":"SKIP","floor":32},{"not_picked":["hexamod:NightmareStrike","hexamod:RetreatToShadows","hexamod:ThermalTransfer"],"picked":"SKIP","floor":32},{"not_picked":["hexamod:UnleashSpirits","hexamod:ApocalypseNow"],"picked":"hexamod:CrushingStance","floor":33},{"not_picked":["hexamod:ParanormalForm","hexamod:TimeWarp"],"picked":"hexamod:TimeOfNeed","floor":33},{"not_picked":["hexamod:HeatShield","hexamod:InspiringFlames+1","hexamod:ShieldOfDarkness+1"],"picked":"SKIP","floor":36},{"not_picked":["hexamod:RetreatToShadows+1","hexamod:ShieldOfDarkness+1","hexamod:AdvancingGuard+1"],"picked":"SKIP","floor":36},{"not_picked":["hexamod:CatchUp+1","hexamod:AdvancingGuard","hexamod:BurningTouch"],"picked":"SKIP","floor":38},{"not_picked":["hexamod:SoulSteal+1","hexamod:ThirdSeal","hexamod:HauntingEcho+1"],"picked":"SKIP","floor":38},{"not_picked":["hexamod:GhostLash+1","hexamod:SwordOfDarkness","hexamod:BacktrackSmack"],"picked":"SKIP","floor":38},{"not_picked":["hexamod:FastForward+1","hexamod:HeatMetal"],"picked":"hexamod:FirstSeal","floor":39},{"not_picked":["hexamod:InspiringFlames","hexamod:GhostLash+1"],"picked":"hexamod:CatchUp+1","floor":40},{"not_picked":["hexamod:HeatMetal+1","hexamod:GhostOfSpirePresent","hexamod:FastForward"],"picked":"SKIP","floor":40},{"not_picked":["hexamod:GhostShield","hexamod:FastForward"],"picked":"hexamod:GhostflameInferno","floor":43},{"not_picked":["hexamod:SpectralAdrenaline","hexamod:RadiantFlame","hexamod:NightmareStrike+1"],"picked":"SKIP","floor":43},{"not_picked":["hexamod:RainOfEmbers+1","hexamod:HeatCrush+1"],"picked":"hexamod:SpectralAdrenaline","floor":44},{"not_picked":["hexamod:HauntingEcho","hexamod:Incineration"],"picked":"hexamod:ShieldOfDarkness+1","floor":44},{"not_picked":["hexamod:EtherealExpedition+1","hexamod:NightmareStrike+1"],"picked":"hexamod:Rewind+1","floor":45},{"not_picked":["hexamod:SpectralAdrenaline+1","hexamod:SixthSeal"],"picked":"hexamod:FastForward+1","floor":47},{"not_picked":["hexamod:GhostLash","hexamod:ThermalTransfer","hexamod:HauntingEcho+1"],"picked":"SKIP","floor":47}],"player_experience":944573,"relics_obtained":[{"floor":1,"key":"Ring of Misfortune"},{"floor":5,"key":"Torii"},{"floor":8,"key":"Vajra"},{"floor":11,"key":"Replay:Multitool"},{"floor":14,"key":"Strawberry"},{"floor":18,"key":"Whetstone"},{"floor":24,"key":"hexamod:InflammatoryLetter"},{"floor":27,"key":"Replay:Mystery Machine"},{"floor":29,"key":"Bird Faced Urn"},{"floor":31,"key":"yuri:PortableGlitches"},{"floor":31,"key":"infinitespire:Joker Card"},{"floor":41,"key":"Quantum Egg"},{"floor":42,"key":"Blood Vial"},{"floor":43,"key":"Iron Hammer"},{"floor":45,"key":"Regal Pillow"},{"floor":47,"key":"MawBank"}],"event_choices":[{"damage_healed":0,"gold_gain":0,"player_choice":"Rummage","damage_taken":0,"relics_obtained":["WarpedTongs"],"max_hp_gain":0,"max_hp_loss":0,"event_name":"Accursed Blacksmith","floor":3,"gold_loss":0,"cards_obtained":["Pain"]},{"cards_removed":["hexamod:VolcanoVisage"],"damage_healed":16,"gold_gain":0,"player_choice":"Offered Rare","damage_taken":0,"max_hp_gain":10,"max_hp_loss":0,"event_name":"Bonfire Elementals","floor":21,"gold_loss":0},{"damage_healed":0,"gold_gain":0,"player_choice":"Relic","damage_taken":0,"max_hp_gain":0,"max_hp_loss":0,"event_name":"Wheel of Change","floor":29,"gold_loss":0}],"is_beta":false,"boss_relics":[{"not_picked":["ReplayTheSpireMod:Onyx Gauntlets","Replay:Bronze Core"],"picked":"Runic Dome"},{"not_picked":["SacredBark","Cursed Key"],"picked":"Philosopher\u0027s Stone"}],"items_purged_floors":[4],"is_endless":false,"potions_floor_spawned":[6,8,10,23,25,27,31,38,44,47],"killed_by":"3 Darklings","ascension_level":4}}