{"host":"d61fcf2p3sjwe6yo","time":1610571101,"event":{"mods":["AchievementEnabler","BaseMod","Colored Map","Minty Spire (QoL Compilation)","StSLib","SuperFastMode"],"gold_per_floor":[119,269,19,69,84,84,97,97,97,97,97,117,130,157,157,236,236,256,269,285,285,297,324,324,324,324,336,383,406,418,441,453,465,465],"floor_reached":33,"language":"ENG","playtime":1156,"items_purged":["Doubt"],"score":502,"play_id":"d2ddc57f-ebd0-44ac-8642-339fb916384a","local_time":"20210113235141","is_ascension_mode":true,"campfire_choices":[{"data":"Apotheosis","floor":6,"key":"SMITH"},{"data":"Neutralize","floor":8,"key":"SMITH"},{"data":"Dagger Spray","floor":15,"key":"SMITH"},{"floor":24,"key":"REST"},{"data":"Adrenaline","floor":27,"key":"SMITH"},{"floor":30,"key":"RECALL"},{"floor":32,"key":"REST"}],"circlet_count":0,"master_deck":["AscendersBane","Strike_G+1","Strike_G+1","Strike_G","Defend_G","Defend_G","Defend_G","Defend_G","Survivor","Neutralize+1","Apotheosis+1","Backstab","Dagger Spray+1","Adrenaline+1","Backflip","Quick Slash+1","Backflip","Sucker Punch","Predator+1","Leg Sweep"],"relics":["Ring of the Snake","NeowsBlessing","Mummified Hand","Vajra","Whetstone","Sozu","Meat on the Bone","MawBank","Molten Egg 2"],"acts_visited":["Exordium","TheCity"],"potions_floor_usage":[28],"damage_taken":[{"damage":0.0,"enemies":"Jaw Worm","floor":1.0,"turns":1.0},{"damage":0,"enemies":"2 Louse","floor":5,"turns":1},{"damage":0,"enemies":"Cultist","floor":7,"turns":1},{"damage":5,"enemies":"Blue Slaver","floor":12,"turns":3},{"damage":0,"enemies":"Large Slime","floor":13,"turns":4},{"damage":12,"enemies":"3 Sentries","floor":14,"turns":5},{"damage":5,"enemies":"The Guardian","floor":16,"turns":16},{"damage":0,"enemies":"Spheric Guardian","floor":18,"turns":3},{"damage":7,"enemies":"Chosen","floor":19,"turns":4},{"damage":1,"enemies":"Centurion and Healer","floor":20,"turns":5},{"damage":1,"enemies":"Snecko","floor":22,"turns":5},{"damage":31,"enemies":"Gremlin Leader","floor":23,"turns":10},{"damage":11,"enemies":"Book of Stabbing","floor":28,"turns":6},{"damage":0,"enemies":"3 Cultists","floor":29,"turns":5},{"damage":0,"enemies":"Snake Plant","floor":31,"turns":3},{"damage":47,"enemies":"Automaton","floor":33,"turns":12}],"seed_played":"5274210024365302577","potions_obtained":[{"floor":5,"key":"DuplicationPotion"},{"floor":7,"key":"CunningPotion"}],"is_trial":false,"path_per_floor":["M","?","$","?","M","R","M","R","T","?","T","M","M","E","R","B",null,"M","M","M","?","M","E","R","?","T","R","E","M","R","M","R","B"],"character_chosen":"THE_SILENT","items_purchased":["Apotheosis"],"campfire_rested":2,"item_purchase_floors":[3],"current_hp_per_floor":[59,59,59,53,53,53,53,53,53,46,46,41,41,29,29,24,56,56,49,48,48,47,16,35,26,26,26,27,39,39,39,58,11,11],"gold":465,"neow_bonus":"THREE_ENEMY_KILL","is_daily":false,"chose_seed":false,"campfire_upgraded":4,"win_rate":0.0,"timestamp":1610571101,"path_taken":["M","?","$","?","M","R","?","R","T","?","?","M","M","E","R","BOSS","M","M","M","?","M","E","R","?","T","R","E","?","R","M","R","BOSS"],"items_purchased_type":["Card"],"build_version":"2020-12-22","purchased_purges":1,"victory":false,"max_hp_per_floor":[66,66,66,66,66,66,66,66,66,66,66,66,66,66,66,66,66,66,66,66,66,66,66,66,66,66,66,66,66,66,66,66,66,66],"card_choices":[{"not_picked":["Acrobatics","Setup","Prepared"],"picked":"SKIP","floor":1.0},{"not_picked":["Outmaneuver","Flying Knee"],"picked":"Backstab","floor":5},{"not_picked":["Dagger Throw","Infinite Blades","PiercingWail"],"picked":"SKIP","floor":7},{"not_picked":["Well Laid Plans","Prepared","Dagger Throw"],"picked":"SKIP","floor":12},{"not_picked":["Bullet Time","Cloak And Dagger"],"picked":"Dagger Spray","floor":13},{"not_picked":["Underhanded Strike","Bouncing Flask","Wraith Form v2"],"picked":"SKIP","floor":14},{"not_picked":["Burst","Storm of Steel"],"picked":"Adrenaline","floor":16},{"not_picked":["Cloak And Dagger","Bouncing Flask","Heel Hook+1"],"picked":"SKIP","floor":18},{"not_picked":["Dagger Throw","Dash"],"picked":"Backflip","floor":19},{"not_picked":["Distraction","Endless Agony"],"picked":"Quick Slash+1","floor":20},{"not_picked":["Slice","Catalyst","Masterful Stab"],"picked":"SKIP","floor":22},{"not_picked":["Slice","Catalyst","Masterful Stab"],"picked":"SKIP","floor":22},{"not_picked":["Cloak And Dagger","Choke","Distraction"],"picked":"SKIP","floor":23},{"not_picked":["Flying Knee+1","PiercingWail","Endless Agony+1"],"picked":"SKIP","floor":28},{"not_picked":["Terror","Outmaneuver"],"picked":"Predator+1","floor":29},{"not_picked":["Predator+1","Deflect"],"picked":"Leg Sweep","floor":31}],"player_experience":208233,"relics_obtained":[{"floor":9,"key":"Mummified Hand"},{"floor":11,"key":"Vajra"},{"floor":14,"key":"Whetstone"},{"floor":23,"key":"Meat on the Bone"},{"floor":26,"key":"MawBank"},{"floor":28,"key":"Molten Egg 2"}],"event_choices":[{"damage_healed":0.0,"max_hp_gain":0.0,"max_hp_loss":0.0,"gold_gain":150.0,"event_name":"Liars Game","player_choice":"AGREE","floor":2.0,"gold_loss":0.0,"damage_taken":0.0,"cards_obtained":["Doubt"]},{"damage_healed":0,"gold_gain":50,"player_choice":"Touch","damage_taken":6,"max_hp_gain":0,"max_hp_loss":0,"event_name":"FaceTrader","floor":4,"gold_loss":0},{"cards_removed":["Defend_G"],"damage_healed":0,"gold_gain":0,"player_choice":"Card Removal","damage_taken":7,"max_hp_gain":0,"max_hp_loss":0,"event_name":"Golden Wing","floor":10,"gold_loss":0},{"damage_healed":0,"gold_gain":0,"cards_transformed":["Strike_G","Strike_G"],"player_choice":"Became Test Subject","damage_taken":0,"max_hp_gain":0,"max_hp_loss":0,"event_name":"Drug Dealer","floor":21,"gold_loss":0,"cards_obtained":["Backflip","Sucker Punch"]},{"damage_healed":0,"gold_gain":0,"player_choice":"Damaged","damage_taken":9,"max_hp_gain":0,"max_hp_loss":0,"event_name":"Wheel of Change","floor":25,"gold_loss":0}],"is_beta":false,"boss_relics":[{"not_picked":["Empty Cage","HoveringKite"],"picked":"Sozu"}],"items_purged_floors":[3],"is_endless":false,"potions_floor_spawned":[5,7,12,19,28,29,31],"killed_by":"Automaton","ascension_level":15}}