{"host":"ekha54jsiuuqgn65","time":1610502997,"event":{"mods":["BaseMod","Colored Map","Conspire","Lobotomy","LobotomyExtend","Minty Spire (QoL Compilation)","Quick Restart","Replay The Spire","StSLib","SuperFastMode","The Marked","[IsaacMod]ÒÔÈö¼âËþ","vexMod","¡¾ÒÅÎï¿¨ÅÆ¡¿REMEMod"],"gold_per_floor":[116,116,132,142,176,210,210,210,236,236,255,180,180,193,193,297,297,297,297],"floor_reached":18,"language":"ZHS","playtime":349,"items_purged":["Strike_R"],"score":194,"play_id":"51780495-711c-46f5-92ec-eecb6e802558","local_time":"20210113095637","is_ascension_mode":true,"campfire_choices":[{"data":"1","floor":8,"key":"LIFT"},{"data":"2","floor":13,"key":"LIFT"},{"floor":15,"key":"REST"}],"circlet_count":0,"master_deck":["Strike_R","Strike_R","Strike_R","Strike_R","Defend_R","Defend_R","Defend_R","Defend_R","Bash","BloodyBrimstone","Limit Break","Headbutt","Offering","ReplayTheSpireMod:Splinters","Perfected Strike","REME_Scribble","Regret","Searing Blow","Thunderclap","Limit Break"],"relics":["Burning Blood","HushsDoor","REME_ComplimentaryCards","GuppysPaw","NeowsBlessing","LetterFromLob","Girya","Nunchaku","conspire:DecoderRing","King of Hearts","Bronze Scales","vexMod:MegatonBomb"],"acts_visited":["Exordium","TheCity"],"potions_floor_usage":[],"damage_taken":[{"damage":0,"enemies":"Jaw Worm","floor":1,"turns":2},{"damage":0,"enemies":"Cultist","floor":3,"turns":1},{"damage":0,"enemies":"2 Louse","floor":4,"turns":1},{"damage":42,"enemies":"Lagavulin","floor":6,"turns":4},{"damage":0,"enemies":"2 Fungi Beasts","floor":11,"turns":1},{"damage":20,"enemies":"Blue Slaver","floor":14,"turns":2},{"damage":48,"enemies":"Fading Forest","floor":16,"turns":11},{"damage":0,"enemies":"2 Thieves","floor":18,"turns":1}],"seed_played":"53500267363622310","potions_obtained":[{"floor":11,"key":"REME_GoldPotion"},{"floor":14,"key":"Weak Potion"},{"floor":16,"key":"SkillPotion"}],"is_trial":false,"path_per_floor":["M","?","M","M","?","E","?","R","T","?","M","$","R","M","R","B",null,"M"],"character_chosen":"IRONCLAD","items_purchased":[],"campfire_rested":1,"item_purchase_floors":[],"current_hp_per_floor":[80,80,80,80,80,44,41,41,41,41,47,47,47,35,57,27,75,75,75],"gold":297,"neow_bonus":"THREE_ENEMY_KILL","is_daily":false,"chose_seed":false,"campfire_upgraded":0,"win_rate":0.0,"timestamp":1610502997,"path_taken":["M","?","M","?","?","E","?","R","T","?","M","?","R","M","R","BOSS","M"],"items_purchased_type":[],"build_version":"2020-12-22","purchased_purges":1,"victory":false,"max_hp_per_floor":[80,80,80,80,80,77,77,77,77,77,74,74,74,76,76,75,75,75,75],"card_choices":[{"not_picked":[],"picked":"BloodyBrimstone","floor":0},{"not_picked":["Shrug It Off","Warcry"],"picked":"Headbutt","floor":1},{"not_picked":["Combust","Iron Wave","Sword Boomerang"],"picked":"SKIP","floor":3},{"not_picked":["Havoc","Power Through"],"picked":"Offering","floor":4},{"not_picked":["Clothesline","Hemokinesis"],"picked":"Perfected Strike","floor":5},{"not_picked":["Exhume","Seeing Red"],"picked":"REME_Scribble","floor":6},{"not_picked":["Anger","True Grit"],"picked":"Searing Blow","floor":11},{"not_picked":["ReplayTheSpireMod:Strike From Hell","Sever Soul"],"picked":"Thunderclap","floor":14},{"not_picked":["Bludgeon","Juggernaut"],"picked":"Limit Break","floor":16}],"player_experience":21752,"relics_obtained":[{"floor":1,"key":"LetterFromLob"},{"floor":5,"key":"Girya"},{"floor":6,"key":"Nunchaku"},{"floor":9,"key":"King of Hearts"}],"event_choices":[{"damage_healed":0,"gold_gain":0,"player_choice":"Success","damage_taken":3,"relics_obtained":["conspire:DecoderRing"],"max_hp_gain":0,"max_hp_loss":0,"event_name":"Scrap Ooze","floor":7,"gold_loss":0},{"damage_healed":0,"gold_gain":0,"player_choice":"Box","damage_taken":0,"relics_obtained":["Bronze Scales"],"max_hp_gain":0,"max_hp_loss":0,"event_name":"Big Fish","floor":10,"gold_loss":0,"cards_obtained":["Regret"]}],"is_beta":false,"boss_relics":[{"not_picked":["Replay:Drink Me","Tiny House"],"picked":"vexMod:MegatonBomb"},{"not_picked":[]}],"items_purged_floors":[12],"is_endless":false,"potions_floor_spawned":[11,14,16],"killed_by":"2 Thieves","ascension_level":1}}