{"host":"1rf9pknejqhzkc4o","time":1610539434,"event":{"mods":["Aspiration","BaseMod","Better Altar","Better Match","Better Note","Better Sensory Stone","Better Skull","Better Third Choice","Colored Map","Colored Powertips","Communication Mod","Conspire","Energized Spire","Hubris","Infinite Spire","Ironclad Rager","Minty Spire (QoL Compilation)","Quick Restart","RNG Fix","Rare Cards Sparkle","Relic Stats","Replay The Spire","Retaliation","Spicy Shops","StSLib","The Blue Laboratory","Trackpad"],"gold_per_floor":[109,122,122,132,132,132,180,180,203,220,240,252,70,105,105,207,207,221,221,221,235,252,252,285,285,310,7,17,36,36,48,48,153,153,163,181,27,46,46,46,46,46,46],"floor_reached":42,"language":"ENG","playtime":1868,"items_purged":["ICR:ProbingStrike"],"score":420,"play_id":"11484159-cd01-4a65-b867-079c17f5754b","local_time":"20210113150354","is_ascension_mode":false,"campfire_choices":[{"floor":6.0,"key":"RECALL"},{"floor":15.0,"key":"REST"},{"floor":23.0,"key":"REST"},{"floor":32.0,"key":"REST"},{"floor":40,"key":"REST"}],"circlet_count":0,"master_deck":["Zap","Dualcast","ICR:ProbingStrike","ICR:ProbingStrike","ICR:ProbingStrike","ICR:AutoDefend","ICR:AutoDefend","ICR:AutoDefend","ICR:AutoDefend","Turbo","Ball Lightning+1","FIFO Queue","Ball Lightning","Static Discharge","Loop+1","Reinforced Body","Electrodynamics","Redo+1","Mayhem+1","Static Discharge","Ball Lightning","Multi-Cast","Defragment+1","Defragment+1"],"relics":["Cracked Core","DataDisk","HandDrill","trackpad:ToughGloves","Durian","Simple Rune","Ginger","Vajra","Runic Pyramid","DollysMirror","hubris:Icosahedron"],"acts_visited":["Exordium","TheCity","TheBeyond"],"potions_floor_usage":[42],"damage_taken":[{"damage":0.0,"enemies":"Jaw Worm","floor":1.0,"turns":4.0},{"damage":0.0,"enemies":"Small Slimes","floor":2.0,"turns":2.0},{"damage":0.0,"enemies":"Cultist","floor":4.0,"turns":4.0},{"damage":0.0,"enemies":"Blue Slaver","floor":10.0,"turns":3.0},{"damage":4.0,"enemies":"Looter","floor":11.0,"turns":3.0},{"damage":6.0,"enemies":"3 Louse","floor":12.0,"turns":2.0},{"damage":22.0,"enemies":"3 Sentries","floor":14.0,"turns":5.0},{"damage":15.0,"enemies":"The Guardian","floor":16.0,"turns":8.0},{"damage":6.0,"enemies":"Spheric Guardian","floor":18.0,"turns":3.0},{"damage":18.0,"enemies":"Chosen","floor":21.0,"turns":4.0},{"damage":21.0,"enemies":"Snake Plant","floor":22.0,"turns":4.0},{"damage":13.0,"enemies":"Nightmare","floor":24.0,"turns":8.0},{"damage":34.0,"enemies":"Shelled Parasite and Fungi","floor":28.0,"turns":3.0},{"damage":0.0,"enemies":"Sentry and Sphere","floor":29.0,"turns":3.0},{"damage":0.0,"enemies":"Cultist and Chosen","floor":31.0,"turns":3.0},{"damage":24,"enemies":"conspire:MysteriousRune","floor":33,"turns":7},{"damage":33,"enemies":"3 Darklings","floor":35,"turns":4},{"damage":2,"enemies":"3 Shapes","floor":36,"turns":3},{"damage":32,"enemies":"Jaw Worm Horde","floor":38,"turns":4},{"damage":15,"enemies":"infinitespire:Three Voidlings","floor":42,"turns":3},{"damage":39,"enemies":"Nightmare_Alpha","floor":42,"turns":5}],"seed_played":"-9158144134181096532","potions_obtained":[{"floor":4.0,"key":"PowerPotion"},{"floor":10.0,"key":"blueLaboratory:FruitPunch"},{"floor":12.0,"key":"Block Potion"},{"floor":24.0,"key":"blueLaboratory:LouseDecoction"},{"floor":35,"key":"blueLaboratory:HorrorPotion"}],"is_trial":false,"path_per_floor":["M","M","?","M","?","R","T","?","T","M","M","M","$","E","R","B",null,"M","?","?","M","M","R","NM","?","T","$","M","M","AVR","M","R","B",null,"M","M","$","M","?","R","?","?"],"character_chosen":"DEFECT","items_purchased":["Loop","HandDrill","Ginger","DollysMirror"],"campfire_rested":4,"item_purchase_floors":[13,13,27,37],"current_hp_per_floor":[75,75,75,75,75,75,75,75,75,75,71,65,65,43,65,52,77,71,71,71,53,32,55,47,74,74,74,40,40,40,40,64,40,82,49,47,47,15,15,39,47,0,0],"gold":46,"neow_bonus":"DEFECT_WARDEN","is_daily":false,"chose_seed":false,"campfire_upgraded":0,"win_rate":0.0,"timestamp":1610539434,"path_taken":["M","M","?","M","?","R","?","?","T","?","M","M","?","E","R","BOSS","M","?","?","M","M","R","NM","?","T","$","M","M","AVR","M","R","BOSS","M","M","$","M","?","R","?","?"],"items_purchased_type":["Card","Relic","Relic","Relic"],"build_version":"2020-12-22","purchased_purges":1,"victory":false,"max_hp_per_floor":[75,75,75,75,75,75,75,75,75,75,75,75,75,75,75,77,77,77,77,77,77,77,77,82,82,82,82,82,82,82,82,82,82,82,82,82,82,82,82,82,82,82,82],"relic_stats":{"counters":[21,82],"HandDrill":[52],"Ginger":[0],"obtain_stats":[{"trackpad:ToughGloves":14,"DataDisk":7,"hubris:Icosahedron":39,"DollysMirror":37,"Vajra":30,"Simple Rune":26,"HandDrill":13,"Durian":24,"Ginger":27,"Cracked Core":0,"Runic Pyramid":34},{"trackpad:ToughGloves":7,"DataDisk":3,"hubris:Icosahedron":19,"DollysMirror":18,"Vajra":14,"Simple Rune":12,"HandDrill":6,"Durian":12,"Ginger":12,"Cracked Core":0,"Runic Pyramid":16},{"trackpad:ToughGloves":22,"DataDisk":10,"hubris:Icosahedron":74,"DollysMirror":70,"Vajra":53,"Simple Rune":47,"HandDrill":18,"Durian":47,"Ginger":47,"Cracked Core":0,"Runic Pyramid":63}]},"card_choices":[{"not_picked":["Rip and Tear","Gash","Rebound"],"picked":"SKIP","floor":1.0},{"not_picked":["Conserve Battery","Stack"],"picked":"Turbo","floor":2.0},{"not_picked":["Streamline","conspire:SharedLibrary"],"picked":"Ball Lightning","floor":4.0},{"not_picked":["White Noise","Coolheaded"],"picked":"FIFO Queue","floor":10.0},{"not_picked":["BasicCrystalCard","Stack"],"picked":"Ball Lightning","floor":11.0},{"not_picked":["Sweeping Beam","FTL"],"picked":"Static Discharge","floor":12.0},{"not_picked":["Beam Cell","Coolheaded"],"picked":"Reinforced Body","floor":14.0},{"not_picked":["Meteor Strike","Thunder Strike"],"picked":"Electrodynamics","floor":16.0},{"not_picked":["Gash","Stack+1"],"picked":"Redo+1","floor":18.0},{"not_picked":["BasicCrystalCard","Force Field","Go for the Eyes"],"picked":"SKIP","floor":21.0},{"not_picked":["BasicCrystalCard","Stack+1"],"picked":"Static Discharge","floor":22.0},{"not_picked":["Gash","Streamline","Compile Driver"],"picked":"SKIP","floor":24.0},{"not_picked":["Compile Driver+1","ReplayTheSpireMod:Omega Cannon","Rebound+1"],"picked":"SKIP","floor":28.0},{"not_picked":["Beam Cell","Sunder+1"],"picked":"Ball Lightning","floor":29.0},{"not_picked":["Rip and Tear","Aggregate","Blizzard+1"],"picked":"SKIP","floor":31.0},{"not_picked":["Creative AI","ReplayRNGCard"],"picked":"Multi-Cast","floor":33},{"not_picked":["Darkness","Stack","Melter+1"],"picked":"SKIP","floor":35},{"not_picked":["Panic Button+1","Steam"],"picked":"Defragment+1","floor":36},{"not_picked":["Steam","Sweeping Beam","Coolheaded"],"picked":"SKIP","floor":38}],"player_experience":174749,"relics_obtained":[{"floor":7.0,"key":"DataDisk"},{"floor":14.0,"key":"trackpad:ToughGloves"},{"floor":24.0,"key":"Durian"},{"floor":26.0,"key":"Simple Rune"}],"event_choices":[{"damage_healed":0.0,"max_hp_gain":0.0,"max_hp_loss":0.0,"gold_gain":0.0,"event_name":"Golden Wing","player_choice":"Ignored","floor":3.0,"gold_loss":0.0,"damage_taken":0.0},{"damage_healed":0.0,"max_hp_gain":0.0,"max_hp_loss":0.0,"gold_gain":0.0,"event_name":"The Cleric","player_choice":"Leave","floor":5.0,"gold_loss":0.0,"damage_taken":0.0},{"damage_healed":0.0,"max_hp_gain":0.0,"max_hp_loss":0.0,"gold_gain":0.0,"event_name":"Accursed Blacksmith","player_choice":"Forge","floor":19.0,"gold_loss":0.0,"damage_taken":0.0,"cards_upgraded":["Loop"]},{"cards_removed":["Mayhem"],"damage_healed":0.0,"max_hp_gain":0.0,"max_hp_loss":0.0,"gold_gain":0.0,"event_name":"betterNote:BetterNote","player_choice":"Take \u0026 Give","floor":20.0,"gold_loss":0.0,"damage_taken":0.0,"cards_obtained":["Mayhem"]},{"damage_healed":27.0,"max_hp_gain":0.0,"max_hp_loss":0.0,"gold_gain":0.0,"event_name":"The Library","player_choice":"Heal","floor":25.0,"gold_loss":0.0,"damage_taken":0.0}],"is_beta":false,"boss_relics":[{"not_picked":["energizedSpire:SpiderWeb","hubris:BlackHole","energizedSpire:HugeHouse"]},{"not_picked":["Velvet Choker","conspire:SeveredTorchhead"],"picked":"Runic Pyramid"}],"items_purged_floors":[30],"is_endless":true,"potions_floor_spawned":[4,10,12,22,24,35],"killed_by":"Nightmare_Alpha","ascension_level":0}}