{"host":"fa96ppy4vc5r7pma","time":1610565321,"event":{"mods":["BaseMod","Best Route Mod","Bestiary","Block Reminder","Colored Map","Dark Map","Dota2Spire","Ekko","GungeonMod","Hermit","Highlight Path","Hubris","Jorbs\u0027s Wanderer Trilogy","Minty Spire (QoL Compilation)","Permanent Neow","Quick Restart","Random Character Button","Relic Stats","Replay The Spire","StSLib","The Bladedancer","The Blue Laboratory","The Cursed","The Servant 0.9.4","Waifu the Spire","WarShipGirlsR/????R mod"],"gold_per_floor":[118,118,131,131,169,169,99,116,116,140,168,168,135,166,166,268,268,282,88,88,102,48,48,58,58],"floor_reached":24,"language":"ENG","playtime":2990,"items_purged":[],"score":206,"play_id":"0bbfe494-0d71-448d-b954-d0af47d43b17","local_time":"20210113141521","is_ascension_mode":false,"campfire_choices":[{"data":"DemoMod:TableSutra","floor":6,"key":"SMITH"},{"floor":12,"key":"REST"},{"floor":15,"key":"REST"},{"data":"DemoMod:FullFirepower","floor":23,"key":"SMITH"}],"circlet_count":0,"master_deck":["DemoMod:Strike_Huntress","DemoMod:Strike_Huntress","DemoMod:Strike_Huntress","DemoMod:Defend_Huntress","DemoMod:Defend_Huntress","DemoMod:Defend_Huntress","DemoMod:Defend_Huntress","DemoMod:Roll","DemoMod:ManualReload","DemoMod:RustySidearm","DemoMod:CrossBow","DemoMod:DoubleSwitch","DemoMod:TableSutra+1","DemoMod:CombinedRifle","DemoMod:GunShield","DemoMod:StickyCrossBow","DemoMod:ConditionalReflex","DemoMod:AbyssalTentacle","DemoMod:Unity","DemoMod:AWP","hubris:NaturalOne","DemoMod:FullFirepower+1","DemoMod:FortunesFavor","Apotheosis","DemoMod:TableSutra+1","DemoMod:SniperShot","DemoMod:ShadowBullets","DemoMod:ShadowBullets"],"relics":["DemoMod:Dog","hubris:Icosahedron","Dota2Spire:CrimsonGuard","Dota2Spire:BladeMail","ReplayFunnel","Runic Pyramid"],"acts_visited":["Exordium","TheCity"],"potions_floor_usage":[10,16,18,24],"damage_taken":[{"damage":1,"enemies":"Jaw Worm","floor":1,"turns":5},{"damage":5,"enemies":"Small Slimes","floor":3,"turns":5},{"damage":4,"enemies":"Cultist","floor":5,"turns":6},{"damage":4,"enemies":"Blue Slaver","floor":8,"turns":4},{"damage":0,"enemies":"Exordium Wildlife","floor":10,"turns":5},{"damage":54,"enemies":"Gremlin Nob","floor":11,"turns":6},{"damage":0,"enemies":"Red Slaver","floor":13,"turns":4},{"damage":6,"enemies":"Replay:BlueRogue","floor":14,"turns":5},{"damage":10,"enemies":"Hexaghost","floor":16,"turns":8},{"damage":0,"enemies":"Shell Parasite","floor":18,"turns":2},{"damage":10,"enemies":"Chosen","floor":21,"turns":3},{"damage":79,"enemies":"Slavers","floor":24,"turns":5}],"seed_played":"-4906746906955011193","potions_obtained":[{"floor":5,"key":"Dota2Spire:HealingSalve"},{"floor":10,"key":"blueLaboratory:EnragingPotion"},{"floor":13,"key":"Strength Potion"},{"floor":16,"key":"DistilledChaos"},{"floor":18,"key":"DuplicationPotion"},{"floor":21,"key":"blueLaboratory:RememoryPotion"}],"is_trial":false,"path_per_floor":["M","?","M","?","M","R","$","M","T","M","E","R","M","E","R","B",null,"M","$","?","M","$","R","E"],"character_chosen":"HUNTRESS","items_purchased":["DemoMod:GunShield","Apotheosis","DemoMod:ShadowBullets"],"campfire_rested":2,"item_purchase_floors":[7,19,22],"current_hp_per_floor":[74,74,69,69,65,65,65,61,61,64,10,32,32,26,48,38,75,75,75,75,65,65,65,0,0],"gold":58,"neow_bonus":"RANDOM_EVENT","is_daily":false,"chose_seed":false,"campfire_upgraded":2,"win_rate":0.0,"timestamp":1610565321,"path_taken":["M","?","M","?","M","R","$","M","T","M","E","R","M","E","R","BOSS","M","$","?","M","?","R","E"],"items_purchased_type":["Card","Card","Card"],"build_version":"2020-12-22","purchased_purges":0,"victory":false,"max_hp_per_floor":[75,75,75,75,75,75,75,75,75,75,75,75,75,75,75,75,75,75,75,75,75,75,75,75,75],"relic_stats":{"counters":[12,57],"obtain_stats":[{"ReplayFunnel":24,"hubris:Icosahedron":2,"DemoMod:Dog":0,"Dota2Spire:CrimsonGuard":9,"DemoMod:WeirdEgg":14,"Dota2Spire:BladeMail":11,"DemoMod:GlassGuonStoneRelic":8,"Runic Pyramid":17},{"ReplayFunnel":12,"hubris:Icosahedron":1,"DemoMod:Dog":0,"Dota2Spire:CrimsonGuard":4,"DemoMod:WeirdEgg":8,"Dota2Spire:BladeMail":6,"DemoMod:GlassGuonStoneRelic":4,"Runic Pyramid":9},{"ReplayFunnel":53,"hubris:Icosahedron":5,"DemoMod:Dog":0,"Dota2Spire:CrimsonGuard":20,"DemoMod:WeirdEgg":40,"Dota2Spire:BladeMail":31,"DemoMod:GlassGuonStoneRelic":20,"Runic Pyramid":48}]},"card_choices":[{"not_picked":["DemoMod:HardPowerCard","DemoMod:ConditionalReflex"],"picked":"DemoMod:DoubleSwitch","floor":1},{"not_picked":["DemoMod:CursedBullets","DemoMod:SAA"],"picked":"DemoMod:TableSutra","floor":3},{"not_picked":["DemoMod:MachoBrace","DemoMod:FastSwitch"],"picked":"DemoMod:CombinedRifle","floor":5},{"not_picked":["DemoMod:ConditionalReflex","DemoMod:BalloonGun"],"picked":"DemoMod:StickyCrossBow","floor":8},{"not_picked":["DemoMod:FeignSurrender","DemoMod:BoxingGlove"],"picked":"DemoMod:ConditionalReflex","floor":10},{"not_picked":["DemoMod:SAA","DemoMod:BlackHoleGun"],"picked":"DemoMod:AbyssalTentacle","floor":11},{"not_picked":["DemoMod:EasyReloadBullets","DemoMod:JK47"],"picked":"DemoMod:Unity","floor":13},{"not_picked":["DemoMod:Unity","DemoMod:BoxingGlove"],"picked":"DemoMod:AWP","floor":14},{"not_picked":["DemoMod:BlackHoleGun","DemoMod:FightSabre"],"picked":"DemoMod:FullFirepower","floor":16},{"not_picked":["DemoMod:FastSwitch","DemoMod:PracticeMakesPerfect"],"picked":"DemoMod:FortunesFavor","floor":18},{"not_picked":["DemoMod:BoxingGlove+1","DemoMod:HardPowerCard"],"picked":"DemoMod:SniperShot","floor":21}],"player_experience":120742,"relics_obtained":[{"floor":9,"key":"Dota2Spire:CrimsonGuard"},{"floor":11,"key":"Dota2Spire:BladeMail"},{"floor":14,"key":"DemoMod:WeirdEgg"}],"event_choices":[{"damage_healed":0,"gold_gain":0,"player_choice":"Donut","damage_taken":0,"max_hp_gain":5,"max_hp_loss":0,"event_name":"Big Fish","floor":0,"gold_loss":0},{"damage_healed":0,"gold_gain":0,"player_choice":"Leave","damage_taken":0,"max_hp_gain":0,"max_hp_loss":0,"event_name":"The Cleric","floor":4,"gold_loss":0},{"damage_healed":0,"gold_gain":0,"player_choice":"Copied","damage_taken":0,"max_hp_gain":0,"max_hp_loss":0,"event_name":"Duplicator","floor":20,"gold_loss":0,"cards_obtained":["DemoMod:TableSutra"]}],"is_beta":false,"boss_relics":[{"not_picked":["Replay:Wanted Poster","Philosopher\u0027s Stone"],"picked":"Runic Pyramid"}],"items_purged_floors":[],"is_endless":false,"potions_floor_spawned":[5,10,13,16,18,21],"killed_by":"Slavers","ascension_level":0}}