{"host":"i9h64q9gphvrup4n","time":1610563061,"event":{"mods":["2.2 Compatiblity","AchievementEnabler","Aspiration","Astrologer","Bard","BaseMod","Beaked The Cultist","BetterRewards","Colored Powertips","Conspire","Downfall","Gremlin Mod","Hermit","Hubris","Infinite Spire","Jorbs\u0027s Wanderer Trilogy","Minty Spire (QoL Compilation)","Replay The Spire","Shop Mod","StSLib","SuperFastMode","The Blackbeard","The Bladedancer","The Bug Knight","The Construct","The Cursed","The Disciple","The Hierophant","The Jungle","The Necromancer","The Runesmith","The Wild Card","slay the spire mod where everything is the same but ironclad has a cowboy hat","vexMod"],"gold_per_floor":[16,16,16,36,48,48,82,82,105,158,158,171,171,216,216,335,335,383,413,436,496,547,601,601],"floor_reached":23,"language":"ENG","playtime":1188,"items_purged":[],"score":373,"play_id":"4be587e4-0913-4fff-bfa2-f2e104076453","local_time":"20210113123741","is_ascension_mode":true,"campfire_choices":[{"floor":6,"key":"REST"},{"floor":8,"key":"REST"}],"circlet_count":0,"master_deck":["AscendersBane","Strike_W","Strike_W","Strike_W","Defend_W","Defend_W","Negative_Energy_Arrows+1","Bone_Wall","Negative_Energy_Javelin","Negative_Energy_Sphere","Summon_Undead","Negative_Energy_Sphere","Negative_Energy_Bomb","Negative_Energy_Sphere","Death_March_Dance","Pain","Summon_Vampire_Lady","Shade_Step+1","Spectral_Walk+1","Chill_Blood+1","Vampiric_Strike+1","Chill_Blood+1","Toxic_Smoke_Screen","Skeleton_Dragon"],"relics":["Vampire_Amulet","The Courier","vexMod:ConsolationPrize","Vajra","Blood Vial","WarpedTongs","Astrolabe"],"acts_visited":["Exordium","TheCity"],"potions_floor_usage":[7,12,20,21,21,23],"damage_taken":[{"damage":2,"enemies":"Small Slimes","floor":1,"turns":5},{"damage":4,"enemies":"Jaw Worm","floor":4,"turns":5},{"damage":1,"enemies":"conspire:RoseBush","floor":5,"turns":5},{"damage":10,"enemies":"HollowMod:MossKnight","floor":7,"turns":16},{"damage":27,"enemies":"Replay:BlueRogue","floor":10,"turns":7},{"damage":0,"enemies":"Lots of Slimes","floor":12,"turns":2},{"damage":20,"enemies":"HollowMod:MossKnight","floor":14,"turns":10},{"damage":45,"enemies":"Hexaghost","floor":16,"turns":11},{"damage":28,"enemies":"Spheric Guardian","floor":18,"turns":5},{"damage":15,"enemies":"3 Byrds","floor":19,"turns":5},{"damage":12,"enemies":"Snecko","floor":20,"turns":4},{"damage":48,"enemies":"Centurion and Healer","floor":21,"turns":13},{"damage":41,"enemies":"conspire:HollyBat","floor":22,"turns":10},{"damage":64,"enemies":"Slavers","floor":23,"turns":3}],"seed_played":"-55719313708257058","potions_obtained":[{"floor":5,"key":"Adrenaline Potion"},{"floor":7,"key":"Fire Potion"},{"floor":10,"key":"Adrenaline Potion"},{"floor":16,"key":"Explosive Potion"},{"floor":19,"key":"Fire Potion"},{"floor":20,"key":"AttackPotion"},{"floor":22,"key":"ColorlessPotion"}],"is_trial":false,"path_per_floor":["M","?","?","M","M","R","E","R","T","E","?","M","$","E","R","B",null,"M","M","M","M","M","E"],"character_chosen":"NECROMANCER","items_purchased":[],"campfire_rested":2,"item_purchase_floors":[],"current_hp_per_floor":[80,35,35,33,34,59,55,80,80,70,70,80,80,82,82,65,80,56,56,54,43,50,0,0],"gold":601,"neow_bonus":"TWENTY_PERCENT_HP_BONUS","is_daily":false,"chose_seed":false,"campfire_upgraded":0,"win_rate":0.0,"timestamp":1610563061,"path_taken":["M","?","?","M","M","R","E","R","T","E","?","?","?","E","R","BOSS","M","M","M","M","M","E"],"items_purchased_type":[],"build_version":"2020-12-22","purchased_purges":0,"victory":false,"max_hp_per_floor":[85,85,85,85,85,85,85,85,85,85,85,85,85,85,85,85,85,85,85,85,85,85,85,85],"card_choices":[{"not_picked":["Bone_Spikes","Epidemic"],"picked":"Negative_Energy_Javelin","floor":1},{"not_picked":["Shackles_Of_Pain","Blood_Curse"],"picked":"Negative_Energy_Sphere","floor":4},{"not_picked":["Bone_Shift","Bone_Armor"],"picked":"Summon_Undead","floor":5},{"not_picked":["Consume_Illness","Finger_Of_Death"],"picked":"Negative_Energy_Sphere","floor":7},{"not_picked":["Epidemic","Bone_Armor"],"picked":"Negative_Energy_Bomb","floor":10},{"not_picked":["Negative_Energy_Shield","Bone_Spikes"],"picked":"Negative_Energy_Sphere","floor":12},{"not_picked":["Vampiric_Strike","Death_Knell"],"picked":"Death_March_Dance","floor":14},{"not_picked":["Grasp_Heart","Cloudkill"],"picked":"Summon_Vampire_Lady","floor":16},{"not_picked":["Necrotic_Claws","Bone_Bullets"],"picked":"Vampiric_Strike+1","floor":18},{"not_picked":["Bone_Bullets","Shackles_Of_Pain"],"picked":"Chill_Blood+1","floor":19},{"not_picked":["Thousand_Bone_Knives","Blood_Curse+1"],"picked":"Toxic_Smoke_Screen","floor":20},{"not_picked":["Scare","Blood_Whip","Bones_to_Steel"],"picked":"SKIP","floor":21},{"not_picked":["Bone_Bullets","Blood_for_Blood"],"picked":"Skeleton_Dragon","floor":22}],"player_experience":726404,"relics_obtained":[{"floor":7,"key":"vexMod:ConsolationPrize"},{"floor":9,"key":"Vajra"},{"floor":14,"key":"Blood Vial"}],"event_choices":[{"damage_healed":0,"gold_gain":0,"player_choice":"Success","damage_taken":45,"relics_obtained":["The Courier"],"max_hp_gain":0,"max_hp_loss":0,"event_name":"Scrap Ooze","floor":2,"gold_loss":0},{"damage_healed":0,"gold_gain":0,"player_choice":"Upgraded","damage_taken":0,"max_hp_gain":0,"max_hp_loss":0,"event_name":"Upgrade Shrine","floor":11,"gold_loss":0,"cards_upgraded":["Negative_Energy_Arrows"]},{"damage_healed":0,"gold_gain":0,"player_choice":"Rummage","damage_taken":0,"relics_obtained":["WarpedTongs"],"max_hp_gain":0,"max_hp_loss":0,"event_name":"Accursed Blacksmith","floor":15,"gold_loss":0,"cards_obtained":["Pain"]}],"is_beta":false,"boss_relics":[{"not_picked":["Runesmith:UraniumAnvil","aspiration:SilentSkillbook"],"picked":"Astrolabe"}],"items_purged_floors":[],"is_endless":false,"potions_floor_spawned":[5,7,10,16,19,20,22],"killed_by":"Slavers","ascension_level":15}}