{"host":"Planeswalker","time":1610576347,"event":{"mods":["BaseMod","Downfall","GifTheSpireLib","Hermit","Minty Spire (QoL Compilation)","Replay The Spire","SOS???????","Shop Mod","StSLib","The Bladedancer","The Mystic"],"gold_per_floor":[117,217,233,243,256,256,256],"floor_reached":6,"language":"ENG","playtime":349,"items_purged":[],"score":38,"play_id":"b7489159-f2fa-4b9e-b69b-9115377cbd02","local_time":"20210113151907","is_ascension_mode":false,"campfire_choices":[],"circlet_count":0,"master_deck":["hermit:Strike_Hermit","hermit:Strike_Hermit","hermit:Strike_Hermit","hermit:Strike_Hermit","hermit:Defend_Hermit","hermit:Defend_Hermit","hermit:Defend_Hermit","hermit:Defend_Hermit","hermit:Snapshot","hermit:Covet","hermit:TrackingShot","hermit:Horror","hermit:Roulette","hermit:BodyArmor"],"relics":["hermit:Momento"],"acts_visited":["Exordium"],"potions_floor_usage":[],"damage_taken":[{"damage":7,"enemies":"Small Slimes","floor":1,"turns":3},{"damage":11,"enemies":"Cultist","floor":3,"turns":5},{"damage":9,"enemies":"2 Louse","floor":4,"turns":3},{"damage":27,"enemies":"Exordium Wildlife","floor":5,"turns":3},{"damage":32,"enemies":"Gremlin Nob","floor":6,"turns":4}],"seed_played":"-4089709309154823270","potions_obtained":[{"floor":1,"key":"Cursed Concoction"},{"floor":3,"key":"Elixir"},{"floor":4,"key":"hermit:BlackBile"},{"floor":5,"key":"FearPotion"}],"is_trial":false,"path_per_floor":["M","?","M","M","M","E"],"character_chosen":"HERMIT","items_purchased":[],"campfire_rested":0,"item_purchase_floors":[],"current_hp_per_floor":[75,75,64,55,28,0,0],"gold":256,"neow_bonus":"TEN_PERCENT_HP_BONUS","is_daily":false,"chose_seed":false,"campfire_upgraded":0,"win_rate":0.0,"timestamp":1610576347,"path_taken":["M","?","M","?","M","E"],"items_purchased_type":[],"build_version":"2020-11-17","purchased_purges":0,"victory":false,"max_hp_per_floor":[82,82,82,82,82,82,82],"card_choices":[{"not_picked":["hermit:Brawl","hermit:HoleUp"],"picked":"hermit:TrackingShot","floor":1},{"not_picked":["hermit:Desperado","hermit:Headshot"],"picked":"hermit:Horror","floor":3},{"not_picked":["hermit:Snipe","hermit:Adapt"],"picked":"hermit:Roulette","floor":4},{"not_picked":["hermit:Desperado","hermit:HighCaliber"],"picked":"hermit:BodyArmor","floor":5}],"player_experience":1327,"relics_obtained":[],"event_choices":[{"damage_healed":0,"gold_gain":100,"player_choice":"Pray","damage_taken":0,"max_hp_gain":0,"max_hp_loss":0,"event_name":"Golden Shrine","floor":2,"gold_loss":0}],"is_beta":true,"boss_relics":[],"items_purged_floors":[],"is_endless":false,"potions_floor_spawned":[1,3,4,5],"killed_by":"Gremlin Nob","ascension_level":0}}