{"host":"qie2g20yrau14p9p","time":1610504476,"event":{"mods":["BaseMod","Downfall","Minty Spire (QoL Compilation)","Replay The Spire","StSLib","The Cursed","The Necromancer","The Runesmith"],"gold_per_floor":[118,118,118,143,157,185,185,17,17,17,29,44,63,77,77,172,172,183,183,98,115,115,115],"floor_reached":22,"playtime":15167,"items_purged":[],"score":211,"play_id":"b98f166f-bcc1-46f4-a155-8f29516b6cb1","local_time":"20210112202116","is_ascension_mode":false,"campfire_choices":[{"data":"Survivor","floor":7,"key":"SMITH"},{"floor":15,"key":"REST"}],"circlet_count":0,"master_deck":["Strike_G","Strike_G+1","Strike_G","Strike_G","Strike_G","Defend_G+1","Defend_G+1","Defend_G+1","Defend_G+1","Defend_G+1","Survivor+1","Neutralize","Flying Knee","Distraction","Endless Agony","Well Laid Plans","Finesse","Deadly Poison","Blade Dance","Outmaneuver","Riddle With Holes","Eviscerate","ReplayTheSpireMod:Necrosis","Skewer","Draining Mist+1"],"relics":["Ring of the Snake","NeowsBlessing","Potion Belt","Replay:Bottled Snecko","CaptainsWheel","Black Star","Replay:Bottled Eggs"],"acts_visited":["Exordium","TheCity"],"potions_floor_usage":[12,14,14,21,22,22],"damage_taken":[{"damage":0,"enemies":"2 Louse","floor":1,"turns":1},{"damage":0,"enemies":"Jaw Worm","floor":5,"turns":1},{"damage":0,"enemies":"3 Sentries","floor":6,"turns":2},{"damage":0,"enemies":"Cultist","floor":11,"turns":5},{"damage":3,"enemies":"3 Louse","floor":12,"turns":3},{"damage":1,"enemies":"Exordium Wildlife","floor":13,"turns":5},{"damage":3,"enemies":"Exordium Thugs","floor":14,"turns":3},{"damage":63,"enemies":"The Guardian","floor":16,"turns":15},{"damage":25,"enemies":"Chosen","floor":18,"turns":7},{"damage":0,"enemies":"3 Byrds","floor":21,"turns":6},{"damage":45,"enemies":"Cultist and Chosen","floor":22,"turns":6}],"seed_played":"-6366079342734650409","potions_obtained":[{"floor":5,"key":"ColorlessPotion"},{"floor":12,"key":"Adrenaline Potion"},{"floor":13,"key":"FearPotion"},{"floor":16,"key":"CultistPotion"},{"floor":18,"key":"Explosive Potion"},{"floor":21,"key":"champ:CounterPotion"}],"is_trial":false,"path_per_floor":["M","?","?","T","M","E","R","$","T","$","M","M","M","M","R","B",null,"M","?","?","M","M"],"character_chosen":"THE_SILENT","items_purchased":["Well Laid Plans","Finesse","Deadly Poison"],"campfire_rested":1,"item_purchase_floors":[8,8,8],"current_hp_per_floor":[70,70,70,70,70,70,70,70,70,70,70,67,66,63,70,7,70,45,45,45,45,0,0],"gold":115,"neow_bonus":"THREE_ENEMY_KILL","is_daily":false,"chose_seed":false,"campfire_upgraded":1,"win_rate":0.0,"timestamp":1610504476,"path_taken":["M","?","?","?","M","E","R","?","T","?","M","?","M","M","R","BOSS","M","?","?","M","M"],"items_purchased_type":["Card","Card","Card"],"build_version":"2020-12-13","purchased_purges":0,"victory":false,"max_hp_per_floor":[70,70,70,70,70,70,70,70,70,70,70,70,70,70,70,70,70,70,70,70,70,70,70],"card_choices":[{"not_picked":["Draining Mist","PiercingWail"],"picked":"Flying Knee","floor":1},{"not_picked":["Terror","Quick Slash"],"picked":"Distraction","floor":5},{"not_picked":["ReplayTheSpireMod:The Works","Expertise"],"picked":"Endless Agony","floor":6},{"not_picked":["Quick Slash","Acrobatics"],"picked":"Blade Dance","floor":11},{"not_picked":["Caltrops","Flying Knee"],"picked":"Outmaneuver","floor":12},{"not_picked":["Backflip","Blade Dance"],"picked":"Riddle With Holes","floor":13},{"not_picked":["Flechettes","Well Laid Plans"],"picked":"Eviscerate","floor":14},{"not_picked":["Wraith Form v2","Glass Knife"],"picked":"ReplayTheSpireMod:Necrosis","floor":16},{"not_picked":["Flying Knee","Outmaneuver"],"picked":"Skewer","floor":18},{"not_picked":["Endless Agony","Prepared"],"picked":"Draining Mist+1","floor":21}],"player_experience":4993,"relics_obtained":[{"floor":4,"key":"Potion Belt"},{"floor":6,"key":"Replay:Bottled Snecko"},{"floor":9,"key":"CaptainsWheel"}],"event_choices":[{"damage_healed":0,"gold_gain":0,"player_choice":"Ignored","damage_taken":0,"max_hp_gain":0,"max_hp_loss":0,"event_name":"Golden Wing","floor":3,"gold_loss":0},{"damage_healed":0,"gold_gain":0,"player_choice":"Ignored","damage_taken":0,"max_hp_gain":0,"max_hp_loss":0,"event_name":"Beggar","floor":19,"gold_loss":0},{"damage_healed":0,"gold_gain":0,"player_choice":"Obtained Relic","damage_taken":0,"relics_obtained":["Replay:Bottled Eggs"],"max_hp_gain":0,"max_hp_loss":0,"event_name":"Addict","floor":20,"gold_loss":85}],"is_beta":false,"boss_relics":[{"not_picked":["ReplayTheSpireMod:DimensionalGlitch","Replay:Grab Bag"],"picked":"Black Star"}],"items_purged_floors":[],"is_endless":false,"potions_floor_spawned":[5,12,13,16,18,21],"killed_by":"Cultist and Chosen","ascension_level":0}}