{"host":"l60rmjjsfi0fipmi","time":1610555917,"event":{"mods":["BaseMod","Colored Map","DeckTracker","Hermit","Highlight Path","Jorbs\u0027s Wanderer Trilogy","Minty Spire (QoL Compilation)","StSLib","The Cursed"],"gold_per_floor":[117,117,130,130,12,12,42,55,55,80,80,110,110,137,137,237,237,248,347,34,29,47,47,81,8,95,107,119,151,163,203,215,324,336,364,376,407,438,450,462,474,474],"floor_reached":41,"language":"ENG","playtime":2443,"items_purged":["Strike_R"],"score":554,"play_id":"e289ae66-5833-4938-928e-8ddd44a10bb0","local_time":"20210113113837","is_ascension_mode":true,"campfire_choices":[{"data":"Uppercut","floor":6,"key":"SMITH"},{"floor":11,"key":"REST"},{"floor":15,"key":"REST"},{"data":"Thunderclap","floor":23,"key":"SMITH"},{"floor":27,"key":"REST"},{"floor":30,"key":"REST"},{"floor":32,"key":"REST"},{"floor":40,"key":"REST"}],"circlet_count":0,"master_deck":["Strike_R","Strike_R","Strike_R","Defend_R+1","Defend_R","Defend_R","Defend_R","Bash","Exhume","Iron Wave+1","Evolve","Uppercut+1","Feel No Pain","Thunderclap+1","Twin Strike","Flame Barrier+1","Disarm","Demon Form","Wild Strike+1","Shrug It Off","Iron Wave","Heavy Blade+1","Limit Break","Reaper","Thunderclap+1"],"relics":["Black Blood","Champion Belt","Peace Pipe","Kunai","Juzu Bracelet","Red Skull","War Paint","Sozu","InkBottle","MawBank","Toy Ornithopter","Sundial","Tiny Chest"],"acts_visited":["Exordium","TheCity","TheBeyond"],"potions_floor_usage":[24,39],"damage_taken":[{"damage":7,"enemies":"Small Slimes","floor":1,"turns":4},{"damage":4,"enemies":"2 Louse","floor":3,"turns":4},{"damage":24,"enemies":"Lagavulin","floor":7,"turns":9},{"damage":4,"enemies":"Jaw Worm","floor":8,"turns":3},{"damage":22,"enemies":"Gremlin Nob","floor":10,"turns":4},{"damage":42,"enemies":"Lagavulin","floor":12,"turns":10},{"damage":6,"enemies":"Gremlin Nob","floor":14,"turns":3},{"damage":34,"enemies":"Hexaghost","floor":16,"turns":14},{"damage":10,"enemies":"Chosen","floor":18,"turns":6},{"damage":26,"enemies":"2 Thieves","floor":21,"turns":5},{"damage":26,"enemies":"Snake Plant","floor":22,"turns":5},{"damage":13,"enemies":"Book of Stabbing","floor":24,"turns":5},{"damage":13,"enemies":"Snecko","floor":29,"turns":4},{"damage":42,"enemies":"Gremlin Leader","floor":31,"turns":8},{"damage":18,"enemies":"Champ","floor":33,"turns":11},{"damage":6,"enemies":"3 Shapes","floor":35,"turns":6},{"damage":31,"enemies":"Orb Walker","floor":37,"turns":5},{"damage":41,"enemies":"3 Darklings","floor":38,"turns":6},{"damage":39,"enemies":"Transient","floor":39,"turns":5},{"damage":61,"enemies":"Reptomancer","floor":41,"turns":2}],"seed_played":"8891410971761195970","potions_obtained":[{"floor":1,"key":"Ancient Potion"},{"floor":14,"key":"Swift Potion"},{"floor":16,"key":"SmokeBomb"}],"is_trial":false,"path_per_floor":["M","?","M","?","$","R","E","M","T","E","R","E","?","E","R","B",null,"M","?","$","M","M","R","E","?","T","R","?","M","R","E","R","B",null,"M","?","M","M","M","R","E"],"character_chosen":"IRONCLAD","items_purchased":["Uppercut","Feel No Pain","InkBottle"],"campfire_rested":6,"item_purchase_floors":[5,5,20],"current_hp_per_floor":[79,72,74,56,56,56,38,40,40,24,48,12,38,38,62,34,80,76,76,76,56,36,36,29,29,29,53,38,31,56,20,45,33,85,85,85,72,43,21,46,0,0],"gold":474,"neow_bonus":"ONE_RANDOM_RARE_CARD","is_daily":false,"chose_seed":false,"campfire_upgraded":2,"win_rate":0.0,"timestamp":1610555917,"path_taken":["M","?","M","?","$","R","E","M","T","E","R","E","?","E","R","BOSS","M","?","$","M","M","R","E","?","T","R","?","M","R","E","R","BOSS","M","?","M","M","M","R","E"],"items_purchased_type":["Card","Card","Relic"],"build_version":"2020-12-22","purchased_purges":1,"victory":false,"max_hp_per_floor":[80,80,80,80,80,80,80,80,80,80,80,80,80,80,80,80,80,80,80,80,80,80,80,80,80,80,80,85,85,85,85,85,85,85,85,85,85,85,85,85,85,85],"card_choices":[{"not_picked":["Dropkick","Clash"],"picked":"Iron Wave","floor":1},{"not_picked":["Anger","Armaments"],"picked":"Evolve","floor":3},{"not_picked":["True Grit","Rupture"],"picked":"Thunderclap","floor":7},{"not_picked":["Entrench","Heavy Blade"],"picked":"Twin Strike","floor":8},{"not_picked":["Fire Breathing","Twin Strike"],"picked":"Flame Barrier","floor":10},{"not_picked":["Feel No Pain","Exhume","Warcry"],"picked":"SKIP","floor":12},{"not_picked":["Cleave","Inflame"],"picked":"Disarm","floor":14},{"not_picked":["Immolate","Impervious"],"picked":"Demon Form","floor":16},{"not_picked":["Wild Strike","Clothesline","Iron Wave"],"picked":"SKIP","floor":18},{"not_picked":["Perfected Strike+1","Dual Wield"],"picked":"Wild Strike+1","floor":21},{"not_picked":["Clothesline","Clash"],"picked":"Shrug It Off","floor":22},{"not_picked":["Twin Strike","Havoc+1"],"picked":"Iron Wave","floor":24},{"not_picked":["Body Slam","Second Wind"],"picked":"Heavy Blade+1","floor":29},{"not_picked":["Thunderclap","Headbutt+1"],"picked":"Limit Break","floor":31},{"not_picked":["Immolate","Feed"],"picked":"Reaper","floor":33},{"not_picked":["Combust","Whirlwind+1","Body Slam"],"picked":"SKIP","floor":35},{"not_picked":["Shrug It Off","Sever Soul+1"],"picked":"Thunderclap+1","floor":37},{"not_picked":["Iron Wave","Twin Strike+1","Anger"],"picked":"SKIP","floor":38}],"player_experience":371025,"relics_obtained":[{"floor":7,"key":"Peace Pipe"},{"floor":9,"key":"Kunai"},{"floor":10,"key":"Juzu Bracelet"},{"floor":12,"key":"Red Skull"},{"floor":14,"key":"War Paint"},{"floor":24,"key":"MawBank"},{"floor":26,"key":"Sundial"},{"floor":31,"key":"Tiny Chest"}],"event_choices":[{"cards_removed":["Strike_R"],"damage_healed":0,"gold_gain":0,"player_choice":"Card Removal","damage_taken":7,"max_hp_gain":0,"max_hp_loss":0,"event_name":"Golden Wing","floor":2,"gold_loss":0},{"damage_healed":0,"gold_gain":0,"player_choice":"Success","damage_taken":18,"relics_obtained":["Champion Belt"],"max_hp_gain":0,"max_hp_loss":0,"event_name":"Scrap Ooze","floor":4,"gold_loss":0},{"damage_healed":26,"gold_gain":0,"player_choice":"Banana","damage_taken":0,"max_hp_gain":0,"max_hp_loss":0,"event_name":"Big Fish","floor":13,"gold_loss":0},{"damage_healed":0,"gold_gain":99,"player_choice":"Stole From Cult","damage_taken":0,"max_hp_gain":0,"max_hp_loss":0,"event_name":"Nest","floor":19,"gold_loss":0},{"damage_healed":0,"gold_gain":0,"player_choice":"Obtained Relic","damage_taken":0,"relics_obtained":["Toy Ornithopter"],"max_hp_gain":0,"max_hp_loss":0,"event_name":"Addict","floor":25,"gold_loss":85},{"damage_healed":0,"gold_gain":0,"player_choice":"Shed Blood","damage_taken":20,"max_hp_gain":5,"max_hp_loss":0,"event_name":"Forgotten Altar","floor":28,"gold_loss":0},{"damage_healed":0,"gold_gain":0,"player_choice":"Upgraded","damage_taken":0,"max_hp_gain":0,"max_hp_loss":0,"event_name":"Upgrade Shrine","floor":36,"gold_loss":0,"cards_upgraded":["Iron Wave"]}],"is_beta":false,"boss_relics":[{"not_picked":["Philosopher\u0027s Stone","Pandora\u0027s Box"],"picked":"Sozu"},{"not_picked":["Runic Dome","Snecko Eye"],"picked":"Black Blood"}],"items_purged_floors":[20],"is_endless":false,"potions_floor_spawned":[1,14,16,29,33,38,39],"killed_by":"Reptomancer","ascension_level":3}}