{"host":"jwbw4f4imxd0v0b0","time":1610499105,"event":{"mods":["BaseMod","Colored Map","Highlight Path","Minty Spire (QoL Compilation)","Relic Stats","StSLib"],"gold_per_floor":[114,189,204,4,19,49,64,94,94,109,109,124,139,154,154,254,254,269,61,76,91,106,136,136,166,175,175,190,205,235,244,253,371,371,386,401,416,86,86,116,116,116,175,205,205,220,545,595,595,604],"floor_reached":51,"language":"ENG","playtime":1457,"items_purged":["Writhe","Writhe"],"score":1256,"play_id":"95c8f3c5-5722-4c67-a560-08fe62da55cf","local_time":"20210112185145","daily_mods":["Cursed Run","Vintage","Lethality"],"is_ascension_mode":false,"campfire_choices":[{"data":"Eruption","floor":15.0,"key":"SMITH"},{"data":"Ragnarok","floor":24,"key":"SMITH"},{"data":"CrushJoints","floor":27,"key":"SMITH"},{"floor":32,"key":"REST"},{"floor":41,"key":"REST"},{"floor":49,"key":"REST"}],"circlet_count":0,"master_deck":["Strike_P","Strike_P","Strike_P","Defend_P","Defend_P","Defend_P+1","Defend_P","Eruption+1","Vigilance+1","CrushJoints+1","EmptyFist","Regret","Ragnarok+1","Doubt","Decay","Protect+1","Doubt","Scrawl+1","Decay","Writhe"],"relics":["Cursed Key","Darkstone Periapt","Du-Vu Doll","Pen Nib","Happy Flower","ClockworkSouvenir","PreservedInsect","Potion Belt","Meat on the Bone","Orichalcum","White Beast Statue","Bottled Flame","Smiling Mask","War Paint","Blue Candle","Pantograph","SacredBark","Blood Vial","CeramicFish","Centennial Puzzle","Bronze Scales","Juzu Bracelet","Dream Catcher","Gremlin Horn","Bag of Marbles","InkBottle","Toxic Egg 2","Black Star","Ginger","The Courier","Akabeko","FossilizedHelix","Vajra","Dead Branch","Bag of Preparation","Yang","Mercury Hourglass","Ancient Tea Set","Old Coin","Thread and Needle"],"acts_visited":["Exordium","TheCity","TheBeyond"],"potions_floor_usage":[23,23,25,28,33,33,33,36,44,44,47,47,48,50,50,50,50],"damage_taken":[{"damage":0.0,"enemies":"Cultist","floor":1.0,"turns":2.0},{"damage":0.0,"enemies":"Jaw Worm","floor":3.0,"turns":2.0},{"damage":0.0,"enemies":"2 Louse","floor":5.0,"turns":1.0},{"damage":0.0,"enemies":"Gremlin Nob","floor":6.0,"turns":2.0},{"damage":0.0,"enemies":"Exordium Thugs","floor":7.0,"turns":2.0},{"damage":0.0,"enemies":"Lagavulin","floor":8.0,"turns":3.0},{"damage":0.0,"enemies":"Exordium Wildlife","floor":10.0,"turns":2.0},{"damage":3.0,"enemies":"Looter","floor":12.0,"turns":2.0},{"damage":2.0,"enemies":"Large Slime","floor":13.0,"turns":2.0},{"damage":0.0,"enemies":"Red Slaver","floor":14.0,"turns":1.0},{"damage":1.0,"enemies":"Slime Boss","floor":16.0,"turns":2.0},{"damage":0.0,"enemies":"Shell Parasite","floor":18.0,"turns":2.0},{"damage":0.0,"enemies":"Spheric Guardian","floor":20.0,"turns":1.0},{"damage":0.0,"enemies":"Snecko","floor":21.0,"turns":1.0},{"damage":0.0,"enemies":"Snake Plant","floor":22.0,"turns":1.0},{"damage":0,"enemies":"Slavers","floor":23,"turns":1},{"damage":0,"enemies":"Gremlin Leader","floor":25,"turns":1},{"damage":17,"enemies":"Centurion and Healer","floor":28,"turns":2},{"damage":0,"enemies":"Snecko","floor":29,"turns":2},{"damage":0,"enemies":"Book of Stabbing","floor":30,"turns":1},{"damage":24,"enemies":"Collector","floor":33,"turns":6},{"damage":0,"enemies":"Orb Walker","floor":35,"turns":1},{"damage":7,"enemies":"3 Darklings","floor":36,"turns":2},{"damage":0,"enemies":"Writhing Mass","floor":37,"turns":1},{"damage":0,"enemies":"Reptomancer","floor":40,"turns":1},{"damage":0,"enemies":"Giant Head","floor":44,"turns":3},{"damage":0,"enemies":"Jaw Worm Horde","floor":46,"turns":1},{"damage":0,"enemies":"2 Orb Walkers","floor":47,"turns":1},{"damage":0,"enemies":"Mind Bloom Boss Battle","floor":48,"turns":1},{"damage":35,"enemies":"Donu and Deca","floor":50,"turns":3}],"seed_played":"-4624312993155624390","potions_obtained":[{"floor":3.0,"key":"Ambrosia"},{"floor":6.0,"key":"FearPotion"},{"floor":7.0,"key":"FearPotion"},{"floor":8.0,"key":"StancePotion"},{"floor":10.0,"key":"DistilledChaos"},{"floor":12.0,"key":"Fire Potion"},{"floor":13.0,"key":"Strength Potion"},{"floor":14.0,"key":"Ancient Potion"},{"floor":16.0,"key":"Weak Potion"},{"floor":18.0,"key":"GamblersBrew"},{"floor":20.0,"key":"PowerPotion"},{"floor":21.0,"key":"AttackPotion"},{"floor":23,"key":"BottledMiracle"},{"floor":25,"key":"SpeedPotion"},{"floor":28,"key":"BlessingOfTheForge"},{"floor":29,"key":"BlessingOfTheForge"},{"floor":33,"key":"Explosive Potion"},{"floor":35,"key":"Weak Potion"},{"floor":36,"key":"ColorlessPotion"},{"floor":37,"key":"PowerPotion"},{"floor":42,"key":"Swift Potion"},{"floor":42,"key":"Block Potion"},{"floor":44,"key":"ColorlessPotion"},{"floor":46,"key":"GamblersBrew"},{"floor":47,"key":"StancePotion"},{"floor":48,"key":"ColorlessPotion"}],"is_trial":false,"path_per_floor":["M","?","M","$","M","E","M","E","T","M","?","M","M","M","R","B",null,"M","$","M","M","M","E","R","E","T","R","M","M","E","?","R","B",null,"M","M","M","$","?","E","R","?","T","E","?","M","?","?","R","B",null],"character_chosen":"WATCHER","items_purchased":["ClockworkSouvenir","Fire Potion","Ragnarok","FossilizedHelix","Dexterity Potion"],"campfire_rested":3,"item_purchase_floors":[4,4,19,38,38],"current_hp_per_floor":[72,61,61,61,61,61,61,61,67,67,73,70,68,68,68,89,90,90,90,90,90,90,90,90,90,96,96,79,81,83,89,102,84,108,108,101,103,103,103,105,108,108,114,114,108,108,108,108,108,79],"gold":604,"neow_bonus":"","is_daily":true,"chose_seed":false,"campfire_upgraded":3,"win_rate":0.0,"timestamp":1610499105,"path_taken":["M","?","M","$","M","E","M","E","T","M","?","M","M","M","R","BOSS","M","$","M","M","M","E","R","E","T","R","M","M","E","?","R","BOSS","M","M","M","$","?","E","R","?","T","E","?","M","?","?","R","BOSS"],"items_purchased_type":["Relic","Potion","Card","Relic","Potion"],"build_version":"2020-12-22","purchased_purges":2,"victory":true,"max_hp_per_floor":[72,72,72,72,72,72,72,72,78,78,84,84,84,84,84,90,90,90,90,90,90,90,90,90,90,96,96,96,96,96,102,102,108,108,108,108,108,108,108,108,108,108,114,114,108,108,108,108,108,114],"relic_stats":{"Darkstone Periapt":48,"Gremlin Horn":[9,10],"CeramicFish":63,"Yang":[19],"Juzu Bracelet":1,"Bag of Preparation":[10],"Ginger":[7],"Cursed Key":3,"Smiling Mask":55,"Blood Vial":8,"Centennial Puzzle":[12],"Dream Catcher":3,"Pantograph":16,"InkBottle":[6],"Happy Flower":[16],"counters":[30,53],"Blue Candle":[1],"Dead Branch":[6],"Pen Nib":[11],"PreservedInsect":362,"Orichalcum":[30],"War Paint":["Defend_P","Vigilance"],"Mercury Hourglass":[21],"Bronze Scales":[30],"Black Star":2,"obtain_stats":[{"Darkstone Periapt":0,"Gremlin Horn":26,"SacredBark":17,"CeramicFish":20,"Vajra":40,"Yang":44,"Juzu Bracelet":23,"Bag of Preparation":43,"Ginger":35,"Cursed Key":0,"Smiling Mask":11,"Ancient Tea Set":46,"ClockworkSouvenir":4,"Old Coin":47,"Blood Vial":18,"Centennial Puzzle":21,"Dream Catcher":25,"Pantograph":14,"Toxic Egg 2":30,"InkBottle":29,"Potion Belt":6,"Happy Flower":3,"Blue Candle":13,"Dead Branch":40,"Thread and Needle":48,"Pen Nib":1,"PreservedInsect":5,"The Courier":36,"Orichalcum":8,"War Paint":12,"White Beast Statue":9,"Akabeko":37,"Mercury Hourglass":44,"Du-Vu Doll":0,"Bottled Flame":10,"Bronze Scales":22,"Bag of Marbles":28,"Black Star":34,"FossilizedHelix":38,"Meat on the Bone":7},{"Darkstone Periapt":0,"Gremlin Horn":17,"SacredBark":11,"CeramicFish":13,"Vajra":25,"Yang":26,"Juzu Bracelet":16,"Bag of Preparation":25,"Ginger":22,"Cursed Key":0,"Smiling Mask":7,"Ancient Tea Set":27,"ClockworkSouvenir":2,"Old Coin":28,"Blood Vial":12,"Centennial Puzzle":14,"Dream Catcher":17,"Pantograph":10,"Toxic Egg 2":20,"InkBottle":19,"Potion Belt":4,"Happy Flower":2,"Blue Candle":9,"Dead Branch":25,"Thread and Needle":29,"Pen Nib":1,"PreservedInsect":3,"The Courier":23,"Orichalcum":6,"War Paint":8,"White Beast Statue":6,"Akabeko":24,"Mercury Hourglass":26,"Du-Vu Doll":0,"Bottled Flame":7,"Bronze Scales":15,"Bag of Marbles":18,"Black Star":21,"FossilizedHelix":24,"Meat on the Bone":5},{"Darkstone Periapt":0,"Gremlin Horn":28,"SacredBark":21,"CeramicFish":24,"Vajra":44,"Yang":47,"Juzu Bracelet":27,"Bag of Preparation":44,"Ginger":40,"Cursed Key":0,"Smiling Mask":14,"Ancient Tea Set":48,"ClockworkSouvenir":4,"Old Coin":49,"Blood Vial":23,"Centennial Puzzle":25,"Dream Catcher":28,"Pantograph":19,"Toxic Egg 2":33,"InkBottle":32,"Potion Belt":7,"Happy Flower":4,"Blue Candle":18,"Dead Branch":44,"Thread and Needle":50,"Pen Nib":2,"PreservedInsect":5,"The Courier":42,"Orichalcum":12,"War Paint":16,"White Beast Statue":12,"Akabeko":43,"Mercury Hourglass":47,"Du-Vu Doll":0,"Bottled Flame":14,"Bronze Scales":26,"Bag of Marbles":30,"Black Star":39,"FossilizedHelix":43,"Meat on the Bone":9}],"Meat on the Bone":0},"card_choices":[{"not_picked":["Halt","LikeWater"],"picked":"CrushJoints","floor":6.0},{"not_picked":["EmptyMind","FollowUp"],"picked":"EmptyFist","floor":8.0},{"not_picked":["Protect","JustLucky","EmptyFist+1"],"picked":"SKIP","floor":23},{"not_picked":["Wish","Study","CutThroughFate"],"picked":"SKIP","floor":25},{"not_picked":["Collect+1","EmptyFist","Sanctity+1"],"picked":"SKIP","floor":30},{"not_picked":["EmptyBody+1","FlurryOfBlows"],"picked":"Protect+1","floor":32},{"not_picked":["SpiritShield+1","Blasphemy+1"],"picked":"Scrawl+1","floor":33},{"not_picked":["EmptyBody+1","JustLucky","CutThroughFate+1"],"picked":"SKIP","floor":40},{"not_picked":["SashWhip+1","WreathOfFlame+1","JustLucky+1"],"picked":"SKIP","floor":44}],"player_experience":1038214,"relics_obtained":[{"floor":1.0,"key":"Pen Nib"},{"floor":3.0,"key":"Happy Flower"},{"floor":5.0,"key":"PreservedInsect"},{"floor":6.0,"key":"Potion Belt"},{"floor":7.0,"key":"Meat on the Bone"},{"floor":8.0,"key":"Orichalcum"},{"floor":9.0,"key":"White Beast Statue"},{"floor":10.0,"key":"Bottled Flame"},{"floor":12.0,"key":"War Paint"},{"floor":13.0,"key":"Blue Candle"},{"floor":14.0,"key":"Pantograph"},{"floor":18.0,"key":"Blood Vial"},{"floor":20.0,"key":"CeramicFish"},{"floor":21.0,"key":"Centennial Puzzle"},{"floor":22.0,"key":"Bronze Scales"},{"floor":23,"key":"Juzu Bracelet"},{"floor":25,"key":"Dream Catcher"},{"floor":26,"key":"Gremlin Horn"},{"floor":28,"key":"Bag of Marbles"},{"floor":29,"key":"InkBottle"},{"floor":30,"key":"Toxic Egg 2"},{"floor":35,"key":"Ginger"},{"floor":36,"key":"The Courier"},{"floor":37,"key":"Akabeko"},{"floor":40,"key":"Vajra"},{"floor":40,"key":"Dead Branch"},{"floor":43,"key":"Bag of Preparation"},{"floor":44,"key":"Yang"},{"floor":44,"key":"Mercury Hourglass"},{"floor":46,"key":"Ancient Tea Set"},{"floor":47,"key":"Old Coin"},{"floor":48,"key":"Thread and Needle"}],"event_choices":[{"damage_healed":0.0,"max_hp_gain":0.0,"max_hp_loss":0.0,"gold_gain":75.0,"event_name":"World of Goop","player_choice":"Gather Gold","floor":2.0,"gold_loss":0.0,"damage_taken":11.0},{"damage_healed":0.0,"max_hp_gain":0.0,"max_hp_loss":0.0,"gold_gain":0.0,"event_name":"Big Fish","player_choice":"Box","floor":11.0,"gold_loss":0.0,"damage_taken":0.0,"relics_obtained":["Smiling Mask"],"cards_obtained":["Regret"]},{"damage_healed":0,"gold_gain":0,"player_choice":"Smashed Altar","damage_taken":0,"max_hp_gain":0,"max_hp_loss":0,"event_name":"Forgotten Altar","floor":31,"gold_loss":0,"cards_obtained":["Decay"]},{"cards_removed":["Strike_P"],"damage_healed":0,"gold_gain":0,"player_choice":"Removed Attack","damage_taken":0,"max_hp_gain":0,"max_hp_loss":0,"event_name":"Falling","floor":39,"gold_loss":0},{"damage_healed":0,"gold_gain":0,"player_choice":"Got Potions","damage_taken":0,"max_hp_gain":0,"max_hp_loss":0,"event_name":"Lab","floor":42,"gold_loss":0},{"damage_healed":0,"gold_gain":0,"player_choice":"Max HP","damage_taken":0,"max_hp_gain":0,"max_hp_loss":6,"event_name":"Winding Halls","floor":45,"gold_loss":0},{"damage_healed":0,"gold_gain":0,"player_choice":"Fight","damage_taken":0,"max_hp_gain":0,"max_hp_loss":0,"event_name":"Mysterious Sphere","floor":47,"gold_loss":0},{"damage_healed":0,"gold_gain":0,"player_choice":"Fight","damage_taken":0,"max_hp_gain":0,"max_hp_loss":0,"event_name":"MindBloom","floor":48,"gold_loss":0}],"is_beta":false,"boss_relics":[{"not_picked":["Ectoplasm","Empty Cage"],"picked":"SacredBark"},{"not_picked":["Tiny House","Velvet Choker"],"picked":"Black Star"}],"items_purged_floors":[19,38],"is_endless":false,"potions_floor_spawned":[3,6,7,8,10,12,13,14,16,18,20,21,22,23,25,28,29,30,33,35,36,37,40,44,46,47,48],"ascension_level":0}}