{"host":"ayh4nqhr0ddw4ozv","time":1610505279,"event":{"mods":["BaseMod","Minty Spire (QoL Compilation)","Relic Stats","Replay The Spire","Robot Space Explorer","StSLib"],"gold_per_floor":[115,34,54,70,81,116,116,132,132,159,179,149,181,194,194,267,267,284,296,314,329,341,341,341,341],"floor_reached":24,"language":"ENG","playtime":1968,"items_purged":[],"score":437,"play_id":"209f1fc7-4323-48fe-bf5a-86b410171bd7","local_time":"20210112183439","is_ascension_mode":true,"campfire_choices":[{"data":"RobotSpaceExplorer:Blitz","floor":7.0,"key":"SMITH"},{"data":"RobotSpaceExplorer:DroneSwarm","floor":15,"key":"SMITH"},{"data":"1","floor":23,"key":"LIFT"}],"circlet_count":0,"master_deck":["AscendersBane","RobotSpaceExplorer:Strike","RobotSpaceExplorer:Strike","RobotSpaceExplorer:Strike","RobotSpaceExplorer:Strike","RobotSpaceExplorer:Defend","RobotSpaceExplorer:Defend","RobotSpaceExplorer:Defend","RobotSpaceExplorer:Defend","RobotSpaceExplorer:Scan","RobotSpaceExplorer:MiniLasers","RobotSpaceExplorer:ShovelStrike","RobotSpaceExplorer:Blitz+1","RobotSpaceExplorer:IronShell","RobotSpaceExplorer:JunkDive+1","RobotSpaceExplorer:TurboDodge","RobotSpaceExplorer:MiniDrones","RobotSpaceExplorer:DroneSwarm+1","RobotSpaceExplorer:Blaster","RobotSpaceExplorer:ScrapShield","RobotSpaceExplorer:PowerGlove"],"relics":["RobotSpaceExplorer:TurboCore","Bag of Preparation","Replay:Wax Seal","Omamori","Replay:Bottled Eggs","Girya"],"acts_visited":["Exordium","TheCity"],"potions_floor_usage":[13,16,18,19,24],"damage_taken":[{"damage":0.0,"enemies":"Jaw Worm","floor":1.0,"turns":4.0},{"damage":0.0,"enemies":"Cultist","floor":3.0,"turns":3.0},{"damage":0.0,"enemies":"2 Louse","floor":4.0,"turns":2.0},{"damage":9.0,"enemies":"Lots of Slimes","floor":5.0,"turns":9.0},{"damage":6.0,"enemies":"Replay:BlueRogue","floor":6.0,"turns":13.0},{"damage":2.0,"enemies":"Exordium Wildlife","floor":8.0,"turns":8.0},{"damage":13.0,"enemies":"Lagavulin","floor":10.0,"turns":11.0},{"damage":1.0,"enemies":"Large Slime","floor":11.0,"turns":9.0},{"damage":4,"enemies":"Replay:BlueRogue","floor":13,"turns":10},{"damage":0,"enemies":"3 Louse","floor":14,"turns":4},{"damage":26,"enemies":"Slime Boss","floor":16,"turns":13},{"damage":4,"enemies":"3 Byrds","floor":18,"turns":6},{"damage":0,"enemies":"Chosen","floor":19,"turns":6},{"damage":3,"enemies":"3 Cultists","floor":20,"turns":5},{"damage":12,"enemies":"Chosen and Byrds","floor":21,"turns":6},{"damage":0,"enemies":"Snecko","floor":22,"turns":4},{"damage":43,"enemies":"Gremlin Leader","floor":24,"turns":7}],"seed_played":"-8417351172612285181","potions_obtained":[{"floor":3.0,"key":"Fruit Juice"},{"floor":4.0,"key":"Swift Potion"},{"floor":6.0,"key":"SteroidPotion"},{"floor":12.0,"key":"LiquidBronze"},{"floor":12.0,"key":"FearPotion"},{"floor":13,"key":"Adrenaline Potion"},{"floor":14,"key":"RobotSpaceExplorer:RecyclePotion"},{"floor":16,"key":"LifebloodPotion"},{"floor":18,"key":"Venom Potion"},{"floor":19,"key":"FearPotion"},{"floor":21,"key":"Weak Potion"}],"is_trial":false,"path_per_floor":["M","?","M","M","M","E","R","M","T","E","M","?","E","M","R","B",null,"M","M","M","M","M","R","E"],"character_chosen":"RobotSpaceExplorer","items_purchased":[],"campfire_rested":0,"item_purchase_floors":[],"current_hp_per_floor":[64,64,64,64,55,49,49,47,47,34,33,38,34,34,34,8,59,55,55,52,40,40,40,0,0],"gold":341,"neow_bonus":"THREE_CARDS","is_daily":false,"chose_seed":false,"campfire_upgraded":2,"win_rate":0.0,"timestamp":1610505279,"path_taken":["M","?","M","M","M","E","R","?","T","E","M","?","E","M","R","BOSS","M","M","?","M","M","R","E"],"items_purchased_type":[],"build_version":"2020-12-22","purchased_purges":0,"victory":false,"max_hp_per_floor":[71,71,71,71,71,71,71,71,71,71,71,76,76,76,76,76,76,76,76,76,76,76,76,76,76],"relic_stats":{"counters":[17,120],"Bag of Preparation":[32],"obtain_stats":[{"Girya":13,"RobotSpaceExplorer:RoboCore":0,"Bag of Preparation":2,"Omamori":9,"Replay:Wax Seal":6,"Replay:Bottled Eggs":10,"RobotSpaceExplorer:TurboCore":17},{"Girya":9,"RobotSpaceExplorer:RoboCore":0,"Bag of Preparation":1,"Omamori":6,"Replay:Wax Seal":5,"Replay:Bottled Eggs":7,"RobotSpaceExplorer:TurboCore":11},{"Girya":69,"RobotSpaceExplorer:RoboCore":0,"Bag of Preparation":4,"Omamori":39,"Replay:Wax Seal":31,"Replay:Bottled Eggs":50,"RobotSpaceExplorer:TurboCore":86}]},"card_choices":[{"not_picked":["RobotSpaceExplorer:Probe","RobotSpaceExplorer:Electropulse"],"picked":"RobotSpaceExplorer:ShovelStrike","floor":0.0},{"not_picked":["RobotSpaceExplorer:ToxicBomb","RobotSpaceExplorer:SlimeMissile"],"picked":"RobotSpaceExplorer:Blitz","floor":1.0},{"not_picked":["RobotSpaceExplorer:Pulsar","RobotSpaceExplorer:Calculate"],"picked":"RobotSpaceExplorer:IronShell","floor":3.0},{"not_picked":["RobotSpaceExplorer:StunGrenade","RobotSpaceExplorer:Probe"],"picked":"RobotSpaceExplorer:JunkDive","floor":4.0},{"not_picked":["RobotSpaceExplorer:Reload","RobotSpaceExplorer:Probe"],"picked":"RobotSpaceExplorer:TurboDodge","floor":5.0},{"not_picked":["RobotSpaceExplorer:ShockKick","RobotSpaceExplorer:Probe","RobotSpaceExplorer:LaserBurst"],"picked":"SKIP","floor":6.0},{"not_picked":["RobotSpaceExplorer:IronShell","RobotSpaceExplorer:MetalStrike","RobotSpaceExplorer:Probe"],"picked":"SKIP","floor":8.0},{"not_picked":["RobotSpaceExplorer:Arsenal","RobotSpaceExplorer:SwiftStep"],"picked":"RobotSpaceExplorer:MiniDrones","floor":10.0},{"not_picked":["RobotSpaceExplorer:MetalStrike","RobotSpaceExplorer:ScrapMissile","RobotSpaceExplorer:Probe"],"picked":"SKIP","floor":11.0},{"not_picked":["RobotSpaceExplorer:MetalStrike","RobotSpaceExplorer:StarLightning"],"picked":"RobotSpaceExplorer:DroneSwarm","floor":13},{"not_picked":["RobotSpaceExplorer:Pulsar","RobotSpaceExplorer:Probe","RobotSpaceExplorer:GlueSpray"],"picked":"SKIP","floor":14},{"not_picked":["RobotSpaceExplorer:HighVoltage","RobotSpaceExplorer:DroneSwarm"],"picked":"RobotSpaceExplorer:Blaster","floor":16},{"not_picked":["RobotSpaceExplorer:FrostMissile","RobotSpaceExplorer:SlimeMissile"],"picked":"RobotSpaceExplorer:ScrapShield","floor":18},{"not_picked":["RobotSpaceExplorer:MiniDrones","RobotSpaceExplorer:SelfCleaning","RobotSpaceExplorer:Probe"],"picked":"SKIP","floor":19},{"not_picked":["RobotSpaceExplorer:Counterblock","RobotSpaceExplorer:SlimeMissile","RobotSpaceExplorer:Pulsar"],"picked":"SKIP","floor":20},{"not_picked":["RobotSpaceExplorer:PowerCollector","RobotSpaceExplorer:Electropulse"],"picked":"RobotSpaceExplorer:PowerGlove","floor":21},{"not_picked":["RobotSpaceExplorer:Probe","RobotSpaceExplorer:Fix","RobotSpaceExplorer:DoubleFind+1"],"picked":"SKIP","floor":22}],"player_experience":335016,"relics_obtained":[{"floor":6.0,"key":"Replay:Wax Seal"},{"floor":9.0,"key":"Omamori"},{"floor":10.0,"key":"Replay:Bottled Eggs"},{"floor":13,"key":"Girya"}],"event_choices":[{"damage_healed":0.0,"max_hp_gain":0.0,"max_hp_loss":0.0,"gold_gain":0.0,"event_name":"WeMeetAgain","player_choice":"Paid Gold","floor":2.0,"gold_loss":81.0,"damage_taken":0.0,"relics_obtained":["Bag of Preparation"]},{"damage_healed":0.0,"max_hp_gain":0.0,"max_hp_loss":0.0,"gold_gain":0.0,"event_name":"The Woman in Blue","player_choice":"Bought 2 Potions","floor":12.0,"gold_loss":0.0,"damage_taken":0.0}],"is_beta":false,"boss_relics":[{"not_picked":["Snecko Heart","ReplayTheSpireMod:DimensionalGlitch"],"picked":"RobotSpaceExplorer:TurboCore"}],"items_purged_floors":[],"is_endless":false,"potions_floor_spawned":[3,4,6,13,14,16,18,19,21,22],"killed_by":"Gremlin Leader","ascension_level":19}}