{"host":"4g8vayc9pwrwu92h","time":1610549221,"event":{"mods":["Act Like it!","BaseMod","Downfall","Friendly Minions","Minty Spire (QoL Compilation)","Pale of the Ancients","StSLib","The Jungle"],"gold_per_floor":[3000,3010,3028,3045,3055,3078,3129,3147,2997,3097,3131,3152,2726,2744,2755,2866,2866,2791,2806,2806,2829,2829,2829,2856,2868,2868,2897,2897,2917,2945,2945,2962,3069,3069,3069,3081,3101,3101,3116,3141,3167,3187,3216,3216,3266,3284,3384,2625,2625,2625,2625],"floor_reached":49,"language":"ZHS","playtime":2294,"items_purged":[],"score":627,"play_id":"952d0f82-5b11-4070-afdc-f3ec86354daa","local_time":"20210113224701","is_ascension_mode":false,"campfire_choices":[{"floor":1,"key":"RECALL"},{"data":"hexamod:FastForward","floor":9,"key":"SMITH"},{"data":"hexamod:HexaLevel","floor":18,"key":"SMITH"},{"floor":26,"key":"REST"},{"floor":28,"key":"REST"},{"floor":35,"key":"REST"},{"floor":44,"key":"REST"}],"circlet_count":0,"master_deck":["hexamod:Strike+1","hexamod:Strike+1","hexamod:Strike+1","hexamod:Strike+1","hexamod:Defend+1","hexamod:Defend+1","hexamod:Defend+1","hexamod:Defend+1","hexamod:Sear+1","hexamod:Float+1","hexamod:RadiantFlame+1","hexamod:FourthSeal","hexamod:FastForward+1","hexamod:SecondSeal","hexamod:SixthSeal","hexamod:Hexaguard+1","hexamod:FirstSeal","hexamod:DynamicBlow+1","hexamod:SoulSteal+1","hexamod:BurningTouch+1","hexamod:Firestarter+1","hexamod:HexaLevel+1","hexamod:HauntingEcho+1","hexamod:HexaLevel+1","hexamod:ChargedBarrage+1","hexamod:TimeOfNeed+1","hexamod:ThirdSeal","hexamod:TimeOfNeed+1","hexamod:EmpoweredFlame+1","hexamod:HauntingEcho+1","hexamod:FirstSeal"],"relics":["hexamod:SpiritBrand","Ginger","Black Star","Dream Catcher","downfall:HeartBlessingRed","downfall:HeartBlessingBlue","Molten Egg 2","Potion Belt","Toxic Egg 2","SacredBark","downfall:HeartBlessingGreen","Nunchaku","Ancient Tea Set","Lantern","Sundial","Bottled Lightning","Smiling Mask","Centennial Puzzle","War Paint","Bag of Preparation","Prayer Wheel","Ice Cream","Blood Vial"],"acts_visited":["TheCity","TheBeyond"],"potions_floor_usage":[5,6,16,16,16,16,16,31,33,40,48],"damage_taken":[{"damage":0,"enemies":"Jaw Worm","floor":2,"turns":2},{"damage":0,"enemies":"Cultist","floor":3,"turns":3},{"damage":6,"enemies":"2 Louse","floor":4,"turns":3},{"damage":1,"enemies":"Blue Slaver","floor":5,"turns":3},{"damage":6,"enemies":"2 Fungi Beasts","floor":6,"turns":3},{"damage":20,"enemies":"Exordium Thugs","floor":8,"turns":4},{"damage":26,"enemies":"Gremlin Nob","floor":11,"turns":5},{"damage":2,"enemies":"Exordium Wildlife","floor":12,"turns":4},{"damage":4,"enemies":"downfall:FleeingMerchant","floor":13,"turns":4},{"damage":6,"enemies":"Exordium Thugs","floor":14,"turns":4},{"damage":12,"enemies":"Lots of Slimes","floor":15,"turns":4},{"damage":84,"enemies":"downfall:Defect","floor":16,"turns":7},{"damage":10,"enemies":"3 Byrds","floor":19,"turns":4},{"damage":15,"enemies":"Snecko","floor":21,"turns":6},{"damage":21,"enemies":"Snake Plant","floor":25,"turns":3},{"damage":31,"enemies":"Book of Stabbing","floor":27,"turns":5},{"damage":18,"enemies":"Sentry and Sphere","floor":29,"turns":6},{"damage":8,"enemies":"Cultist and Chosen","floor":30,"turns":5},{"damage":0,"enemies":"3 Cultists","floor":31,"turns":1},{"damage":47,"enemies":"Snecko","floor":32,"turns":6},{"damage":56,"enemies":"downfall:Watcher","floor":33,"turns":6},{"damage":28,"enemies":"3 Shapes","floor":36,"turns":4},{"damage":22,"enemies":"Orb Walker","floor":37,"turns":4},{"damage":81,"enemies":"Jaw Worm Horde","floor":39,"turns":5},{"damage":150,"enemies":"Reptomancer","floor":40,"turns":6},{"damage":4,"enemies":"Sphere and 2 Shapes","floor":42,"turns":3},{"damage":238,"enemies":"Nemesis","floor":43,"turns":13},{"damage":220,"enemies":"Mind Bloom Boss Battle","floor":45,"turns":6},{"damage":72,"enemies":"Maw","floor":46,"turns":9},{"damage":6,"enemies":"downfall:FleeingMerchant","floor":48,"turns":4},{"damage":31,"enemies":"Transient","floor":49,"turns":4}],"seed_played":"-5431513013681514496","potions_obtained":[{"floor":2,"key":"Strength Potion"},{"floor":4,"key":"Fruit Juice"},{"floor":4,"key":"SpeedPotion"},{"floor":6,"key":"BlessingOfTheForge"},{"floor":8,"key":"Weak Potion"},{"floor":11,"key":"CultistPotion"},{"floor":14,"key":"Fire Potion"},{"floor":16,"key":"SpeedPotion"},{"floor":16,"key":"SmokeBomb"},{"floor":21,"key":"EntropicBrew"},{"floor":25,"key":"Weak Potion"},{"floor":27,"key":"Fire Potion"},{"floor":33,"key":"Fruit Juice"},{"floor":33,"key":"champ:CounterPotion"},{"floor":37,"key":"AttackPotion"},{"floor":39,"key":"DuplicationPotion"},{"floor":46,"key":"DistilledChaos"}],"is_trial":false,"path_per_floor":["R","M","M","M","M","M","T","M","R","?","E","M","$","M","M","B",null,"R","M","?","M","?","T","T","M","R","E","R","M","M","M","M","B",null,"R","M","M","?","M","E","T","M","E","R","?","M","?","$","M"],"character_chosen":"THE_SPIRIT","items_purchased":["Toxic Egg 2","hexamod:DynamicBlow+1","hexamod:SoulSteal+1","hexamod:BurningTouch+1","Ice Cream","hexamod:FirstSeal","Blood Vial","Ancient Potion","PowerPotion","EssenceOfSteel"],"campfire_rested":4,"item_purchase_floors":[13,13,13,13,48,48,48,48,48,48],"current_hp_per_floor":[700,700,700,694,698,692,692,672,682,682,656,654,650,651,646,569,715,715,705,705,690,674,674,674,653,715,684,715,704,696,696,656,617,725,725,697,675,675,594,451,451,447,209,426,213,141,141,142,113,113,113],"gold":2625,"neow_bonus":"RANDOM_COMMON_RELIC","is_daily":false,"chose_seed":false,"campfire_upgraded":2,"win_rate":0.0,"timestamp":1610549221,"path_taken":["R","M","M","M","M","M","T","M","R","?","E","M","$","M","M","BOSS","R","M","?","?","?","?","T","M","R","E","R","M","M","M","M","BOSS","R","M","M","?","M","E","T","M","E","R","?","M","?","$","M"],"items_purchased_type":["Relic","Card","Card","Card","Relic","Card","Relic","Potion","Potion","Potion"],"build_version":"2020-12-22","purchased_purges":0,"victory":false,"max_hp_per_floor":[700,700,700,700,705,705,705,705,715,715,715,715,715,715,715,715,715,715,715,715,715,715,715,715,715,715,715,715,715,715,715,715,725,725,725,725,725,725,725,725,725,725,725,725,725,725,725,725,725,725,725],"card_choices":[{"not_picked":["hexamod:PhantomFireball","hexamod:GhostLash"],"picked":"hexamod:RadiantFlame","floor":2},{"not_picked":["hexamod:NightmareGuise","hexamod:SpectralAdrenaline"],"picked":"hexamod:FourthSeal","floor":3},{"not_picked":["hexamod:Incineration","hexamod:NightmareGuise"],"picked":"hexamod:FastForward","floor":4},{"not_picked":["hexamod:SpectersWail","hexamod:GhostLash"],"picked":"hexamod:SecondSeal","floor":5},{"not_picked":["hexamod:RainOfEmbers","hexamod:BacktrackSmack","hexamod:NecessarySacrifice"],"picked":"SKIP","floor":6},{"not_picked":["hexamod:BacktrackSmack","hexamod:SwordOfDarkness"],"picked":"hexamod:SixthSeal","floor":8},{"not_picked":["hexamod:Again","hexamod:CatchUp","hexamod:GhostLash+1"],"picked":"SKIP","floor":11},{"not_picked":["hexamod:BacktrackSmack+1","hexamod:Haunt"],"picked":"hexamod:Hexaguard","floor":12},{"not_picked":["hexamod:Again","hexamod:Rewind"],"picked":"hexamod:FirstSeal","floor":13},{"not_picked":["hexamod:NightmareStrike+1","hexamod:FastForward+1"],"picked":"hexamod:Firestarter+1","floor":14},{"not_picked":["hexamod:InspiringFlames+1","hexamod:BacktrackSmack+1","hexamod:RainOfEmbers+1"],"picked":"SKIP","floor":15},{"not_picked":["hexamod:CrushingStance+1","hexamod:TimeWarp+1"],"picked":"hexamod:HexaLevel","floor":16},{"not_picked":["hexamod:HauntingEcho+1","hexamod:Haunt+1","hexamod:Hexaguard+1"],"picked":"SKIP","floor":19},{"not_picked":["hexamod:GhostflameBarrier+1","hexamod:RetreatToShadows+1","hexamod:Hexaguard+1"],"picked":"SKIP","floor":21},{"not_picked":["hexamod:FastForward+1","hexamod:SpectralSpark+1","hexamod:BurningTouch+1"],"picked":"SKIP","floor":25},{"not_picked":["hexamod:SpectersWail+1","hexamod:CrushingStance+1","hexamod:SoulSteal+1"],"picked":"SKIP","floor":27},{"not_picked":["hexamod:EtherealExpedition+1","hexamod:RainOfEmbers+1","hexamod:Firestarter+1"],"picked":"SKIP","floor":29},{"not_picked":["hexamod:ThermalTransfer+1","hexamod:PhantomCloak"],"picked":"hexamod:HauntingEcho+1","floor":30},{"not_picked":["hexamod:SpectralAdrenaline+1","hexamod:BurningTouch+1","hexamod:FastForward+1"],"picked":"SKIP","floor":32},{"not_picked":["hexamod:ParanormalForm","hexamod:UnleashSpirits+1"],"picked":"hexamod:HexaLevel","floor":33},{"not_picked":["hexamod:BurningTouch+1","hexamod:Again+1","hexamod:InspiringFlames+1"],"picked":"SKIP","floor":36},{"not_picked":["hexamod:Incineration+1","hexamod:Again+1","hexamod:GhostShield+1"],"picked":"SKIP","floor":37},{"not_picked":["hexamod:Incineration+1","hexamod:InspiringFlames+1"],"picked":"hexamod:ChargedBarrage+1","floor":39},{"not_picked":["hexamod:HeatMetal+1","hexamod:Firestarter+1"],"picked":"hexamod:TimeOfNeed+1","floor":40},{"not_picked":["hexamod:FastForward+1","hexamod:CatchUp+1"],"picked":"hexamod:ThirdSeal","floor":42},{"not_picked":["hexamod:SoulSteal+1","hexamod:NightmareGuise+1","hexamod:PowerFromBeyond+1"],"picked":"SKIP","floor":43},{"not_picked":["hexamod:FlamesFromBeyond+1","hexamod:Hexaguard+1"],"picked":"hexamod:TimeOfNeed+1","floor":44},{"not_picked":["hexamod:RadiantFlame","hexamod:DynamicBlow+1"],"picked":"hexamod:EmpoweredFlame+1","floor":45},{"not_picked":["hexamod:FastForward+1","hexamod:ThermalTransfer+1"],"picked":"hexamod:HauntingEcho+1","floor":46},{"not_picked":["hexamod:GhostShield+1","hexamod:SuperheatedStrike+1","hexamod:SkipABeat+1"],"picked":"SKIP","floor":46},{"not_picked":["hexamod:Hexaguard+1","hexamod:BurningTouch+1","hexamod:BacktrackSmack+1"],"picked":"SKIP","floor":46},{"not_picked":["hexamod:SkipABeat+1","hexamod:Rewind+1","hexamod:NecessarySacrifice+1"],"picked":"SKIP","floor":48},{"not_picked":["hexamod:NightmareStrike+1","hexamod:FastForward+1","hexamod:CatchUp+1"],"picked":"SKIP","floor":48}],"player_experience":415671,"relics_obtained":[{"floor":11,"key":"Molten Egg 2"},{"floor":11,"key":"Potion Belt"},{"floor":23,"key":"Nunchaku"},{"floor":24,"key":"Ancient Tea Set"},{"floor":27,"key":"Lantern"},{"floor":27,"key":"Sundial"},{"floor":40,"key":"Bottled Lightning"},{"floor":40,"key":"Smiling Mask"},{"floor":41,"key":"Centennial Puzzle"},{"floor":43,"key":"War Paint"},{"floor":43,"key":"Bag of Preparation"},{"floor":45,"key":"Prayer Wheel"}],"event_choices":[{"damage_healed":0,"gold_gain":0,"player_choice":"Ignored","damage_taken":0,"max_hp_gain":0,"max_hp_loss":0,"event_name":"Purifier","floor":20,"gold_loss":0}],"is_beta":false,"boss_relics":[{"not_picked":["Runic Pyramid","Pandora\u0027s Box"],"picked":"SacredBark"},{"not_picked":["Calling Bell","Empty Cage","Sozu"]}],"items_purged_floors":[],"is_endless":false,"potions_floor_spawned":[2,4,5,8,14,16,25,27,32,33,37,39,40],"killed_by":"Transient","ascension_level":0}}