{"host":"ow66nzv2xecjoor3","time":1610523385,"event":{"mods":["BaseMod","Bestiary","Block Reminder","Colored Powertips","Curses Come First","Highlight Path","Keyboard Shortcuts","Minty Spire (QoL Compilation)","Permanent Neow","Relic Stats","StSLib","UnlockEverythingMod"],"gold_per_floor":[119,132,132,152,167,167,181,214,214,232,232,232,259,276,276,348,348,365,380,380,132,145,173,208,208,208,208,232,263,275,309,309,381,381,396,396,406,424,442,472,472,506,506,548,88,88,88,88,88,88,88,88,88,32,61,61],"floor_reached":57,"language":"ENG","playtime":3432,"items_purged":["Strike_G","Strike_G"],"score":2885,"play_id":"4aaaf673-2e9a-41fa-bcf8-0a48f9654b60","local_time":"20210113013625","is_ascension_mode":true,"campfire_choices":[{"data":"Cloak And Dagger","floor":6.0,"key":"SMITH"},{"floor":11.0,"key":"REST"},{"data":"Footwork","floor":15.0,"key":"SMITH"},{"floor":25.0,"key":"REST"},{"data":"Catalyst","floor":27.0,"key":"SMITH"},{"floor":32.0,"key":"REST"},{"floor":41.0,"key":"REST"},{"floor":46.0,"key":"RECALL"},{"floor":49.0,"key":"REST"},{"data":"Burst","floor":53.0,"key":"SMITH"}],"circlet_count":0,"master_deck":["AscendersBane","Defend_G","Defend_G","Defend_G","Defend_G","Survivor","Neutralize+1","A Thousand Cuts+1","Noxious Fumes+1","Well Laid Plans+1","Cloak And Dagger+1","Dagger Throw","Endless Agony","Flying Knee","Footwork+1","Backflip","Corpse Explosion","Catalyst+1","Cloak And Dagger","Ghostly","Ghostly","Ghostly","Malaise","Deadly Poison","Burst+1","Distraction+1","Acrobatics","Backflip","Escape Plan"],"relics":["Astrolabe","Art of War","WingedGreaves","The Specimen","SacredBark","ClockworkSouvenir","Gambling Chip","Ice Cream","Happy Flower","Shovel","PreservedInsect","Busted Crown","Pocketwatch","Sundial","MawBank","Ninja Scroll","TwistedFunnel","Bag of Marbles","Shuriken","Ginger"],"acts_visited":["Exordium","TheCity","TheBeyond","TheEnding"],"potions_floor_usage":[56,56],"damage_taken":[{"damage":2.0,"enemies":"Cultist","floor":1.0,"turns":5.0},{"damage":6.0,"enemies":"2 Louse","floor":2.0,"turns":3.0},{"damage":8.0,"enemies":"Jaw Worm","floor":4.0,"turns":4.0},{"damage":0.0,"enemies":"Blue Slaver","floor":5.0,"turns":6.0},{"damage":4.0,"enemies":"Exordium Wildlife","floor":7.0,"turns":4.0},{"damage":2.0,"enemies":"Lagavulin","floor":8.0,"turns":5.0},{"damage":13.0,"enemies":"Large Slime","floor":10.0,"turns":5.0},{"damage":3.0,"enemies":"3 Sentries","floor":13.0,"turns":5.0},{"damage":0.0,"enemies":"Blue Slaver","floor":14.0,"turns":2.0},{"damage":8.0,"enemies":"Slime Boss","floor":16.0,"turns":5.0},{"damage":15.0,"enemies":"Spheric Guardian","floor":18.0,"turns":5.0},{"damage":0.0,"enemies":"3 Byrds","floor":19.0,"turns":4.0},{"damage":5.0,"enemies":"Snake Plant","floor":22.0,"turns":5.0},{"damage":4.0,"enemies":"Book of Stabbing","floor":23.0,"turns":7.0},{"damage":6.0,"enemies":"Gremlin Leader","floor":24.0,"turns":7.0},{"damage":14.0,"enemies":"Book of Stabbing","floor":29.0,"turns":7.0},{"damage":2.0,"enemies":"Cultist and Chosen","floor":30.0,"turns":7.0},{"damage":4.0,"enemies":"Slavers","floor":31.0,"turns":5.0},{"damage":10.0,"enemies":"Collector","floor":33.0,"turns":6.0},{"damage":3.0,"enemies":"3 Darklings","floor":35.0,"turns":3.0},{"damage":16.0,"enemies":"Orb Walker","floor":37.0,"turns":4.0},{"damage":0.0,"enemies":"Maw","floor":38.0,"turns":5.0},{"damage":2.0,"enemies":"Sphere and 2 Shapes","floor":39.0,"turns":7.0},{"damage":3.0,"enemies":"Nemesis","floor":40.0,"turns":5.0},{"damage":1.0,"enemies":"Giant Head","floor":42.0,"turns":6.0},{"damage":0.0,"enemies":"Reptomancer","floor":44.0,"turns":4.0},{"damage":34.0,"enemies":"Time Eater","floor":50.0,"turns":9.0},{"damage":4.0,"enemies":"Donu and Deca","floor":51.0,"turns":7.0},{"damage":3,"enemies":"Shield and Spear","floor":55,"turns":5},{"damage":11,"enemies":"The Heart","floor":56,"turns":9}],"seed_played":"818804601258859392","potions_obtained":[{"floor":2.0,"key":"LiquidMemories"},{"floor":13.0,"key":"DistilledChaos"},{"floor":14.0,"key":"Dexterity Potion"},{"floor":29.0,"key":"SkillPotion"},{"floor":35.0,"key":"Swift Potion"},{"floor":39.0,"key":"GamblersBrew"},{"floor":42.0,"key":"SkillPotion"},{"floor":44.0,"key":"FairyPotion"}],"is_trial":false,"path_per_floor":["M","M","?","M","M","R","M","E","T","M","R","?","E","M","R","B",null,"M","M","?","$","M","E","E","R","T","R","T","E","M","E","R","B",null,"M","?","M","M","M","E","R","E","T","E","$","R","T","?","R","B","B",null,"R","$","E","B",null],"character_chosen":"THE_SILENT","items_purchased":["ClockworkSouvenir","TwistedFunnel","Escape Plan","Bag of Marbles","SpeedPotion"],"campfire_rested":5,"item_purchase_floors":[21,45,45,45,54],"current_hp_per_floor":[57,51,51,43,43,43,39,37,37,24,43,36,33,33,33,25,56,41,41,33,33,28,24,18,27,27,27,27,13,11,7,16,6,26,23,23,7,7,5,2,11,10,10,10,10,10,10,10,19,19,15,29,29,29,26,15],"gold":61,"neow_bonus":"BOSS_RELIC","is_daily":false,"chose_seed":false,"campfire_upgraded":4,"win_rate":0.0,"timestamp":1610523385,"path_taken":["M","M","?","M","?","R","M","E","T","M","R","?","E","M","R","BOSS","M","M","?","$","M","E","E","R","T","R","?","E","M","E","R","BOSS","M","?","M","M","M","E","R","E","T","E","$","R","?","?","R","BOSS","BOSS","R","$","E","BOSS"],"items_purchased_type":["Relic","Relic","Card","Relic","Potion"],"build_version":"2020-12-22","purchased_purges":2,"victory":true,"max_hp_per_floor":[66,66,66,66,66,66,66,66,66,66,66,66,66,66,66,66,66,66,66,33,33,33,33,33,33,33,33,33,33,33,33,33,33,33,33,33,33,33,33,33,33,33,33,33,33,33,33,33,33,33,33,33,33,33,33,33],"relic_stats":{"Happy Flower":[29],"counters":[30,161],"Astrolabe":["A Thousand Cuts","Noxious Fumes","Well Laid Plans"],"PreservedInsect":319,"Ginger":[2],"MawBank":24,"Shovel":0,"Busted Crown":18,"Sundial":[6],"Shuriken":[12],"Gambling Chip":[61],"Art of War":[46],"obtain_stats":[{"Ice Cream":24,"TwistedFunnel":45,"The Specimen":13,"Happy Flower":26,"Astrolabe":0,"SacredBark":17,"PreservedInsect":31,"Ginger":55,"MawBank":43,"ClockworkSouvenir":21,"Shovel":29,"Busted Crown":34,"Sundial":42,"Ninja Scroll":44,"Shuriken":47,"Gambling Chip":23,"WingedGreaves":9,"Art of War":8,"Bag of Marbles":45,"Ring of the Snake":0,"Pocketwatch":40},{"Ice Cream":15,"TwistedFunnel":26,"The Specimen":8,"Happy Flower":15,"Astrolabe":0,"SacredBark":10,"PreservedInsect":18,"Ginger":29,"MawBank":25,"ClockworkSouvenir":12,"Shovel":16,"Busted Crown":19,"Sundial":25,"Ninja Scroll":26,"Shuriken":26,"Gambling Chip":14,"WingedGreaves":6,"Art of War":6,"Bag of Marbles":26,"Ring of the Snake":0,"Pocketwatch":24},{"Ice Cream":72,"TwistedFunnel":131,"The Specimen":37,"Happy Flower":72,"Astrolabe":0,"SacredBark":44,"PreservedInsect":91,"Ginger":152,"MawBank":127,"ClockworkSouvenir":53,"Shovel":79,"Busted Crown":97,"Sundial":127,"Ninja Scroll":131,"Shuriken":131,"Gambling Chip":65,"WingedGreaves":27,"Art of War":27,"Bag of Marbles":131,"Ring of the Snake":0,"Pocketwatch":121}],"Pocketwatch":[48]},"card_choices":[{"not_picked":["PiercingWail","Distraction"],"picked":"Cloak And Dagger","floor":1.0},{"not_picked":["Cloak And Dagger","PiercingWail"],"picked":"Dagger Throw","floor":2.0},{"not_picked":["Terror","PiercingWail"],"picked":"Endless Agony","floor":4.0},{"not_picked":["Masterful Stab","Underhanded Strike"],"picked":"Flying Knee","floor":5.0},{"not_picked":["Flying Knee","Sucker Punch","Flechettes"],"picked":"SKIP","floor":7.0},{"not_picked":["Dagger Throw","Underhanded Strike"],"picked":"Footwork","floor":8.0},{"not_picked":["Flying Knee","Deadly Poison"],"picked":"Backflip","floor":10.0},{"not_picked":["Flying Knee","Deflect"],"picked":"Corpse Explosion","floor":13.0},{"not_picked":["Dagger Throw","Riddle With Holes"],"picked":"Catalyst","floor":14.0},{"not_picked":["Blade Dance","Deadly Poison"],"picked":"Cloak And Dagger","floor":18.0},{"not_picked":["Riddle With Holes+1","Cloak And Dagger","Acrobatics"],"picked":"SKIP","floor":19.0},{"not_picked":["Underhanded Strike","Bullet Time","Flechettes"],"picked":"SKIP","floor":22.0},{"not_picked":["Distraction","Infinite Blades","Dagger Throw"],"picked":"SKIP","floor":23.0},{"not_picked":["Deflect","Bane","Reflex"],"picked":"SKIP","floor":24.0},{"not_picked":["Flying Knee","Predator","Finisher+1"],"picked":"SKIP","floor":29.0},{"not_picked":["Eviscerate","Concentrate"],"picked":"Malaise","floor":30.0},{"not_picked":["Acrobatics","Calculated Gamble"],"picked":"Deadly Poison","floor":31.0},{"not_picked":["Grand Finale","Malaise"],"picked":"Burst","floor":33.0},{"not_picked":["Riddle With Holes+1"],"picked":"SKIP","floor":35.0},{"not_picked":["Dodge and Roll"],"picked":"SKIP","floor":37.0},{"not_picked":[],"picked":"Distraction+1","floor":38.0},{"not_picked":["Tactician"],"picked":"SKIP","floor":39.0},{"not_picked":["Acrobatics"],"picked":"SKIP","floor":40.0},{"not_picked":[],"picked":"Acrobatics","floor":40.0},{"not_picked":["Deadly Poison"],"picked":"SKIP","floor":42.0},{"not_picked":[],"picked":"Backflip","floor":44.0},{"not_picked":["Sucker Punch+1"],"picked":"SKIP","floor":55}],"player_experience":2698176,"relics_obtained":[{"floor":8.0,"key":"Art of War"},{"floor":9.0,"key":"WingedGreaves"},{"floor":13.0,"key":"The Specimen"},{"floor":23.0,"key":"Gambling Chip"},{"floor":24.0,"key":"Ice Cream"},{"floor":26.0,"key":"Happy Flower"},{"floor":29.0,"key":"Shovel"},{"floor":31.0,"key":"PreservedInsect"},{"floor":40.0,"key":"Pocketwatch"},{"floor":42.0,"key":"Sundial"},{"floor":43.0,"key":"MawBank"},{"floor":44.0,"key":"Ninja Scroll"},{"floor":47.0,"key":"Shuriken"},{"floor":55,"key":"Ginger"}],"event_choices":[{"damage_healed":0.0,"max_hp_gain":0.0,"max_hp_loss":0.0,"gold_gain":0.0,"event_name":"Upgrade Shrine","player_choice":"Upgraded","floor":3.0,"gold_loss":0.0,"damage_taken":0.0,"cards_upgraded":["Neutralize"]},{"cards_removed":["Strike_G"],"damage_healed":0.0,"max_hp_gain":0.0,"max_hp_loss":0.0,"gold_gain":0.0,"event_name":"Golden Wing","player_choice":"Card Removal","floor":12.0,"gold_loss":0.0,"damage_taken":7.0},{"damage_healed":0.0,"max_hp_gain":0.0,"max_hp_loss":33.0,"gold_gain":0.0,"event_name":"Ghosts","player_choice":"Became a Ghost","floor":20.0,"gold_loss":0.0,"damage_taken":0.0,"cards_obtained":["Ghostly","Ghostly","Ghostly"]},{"damage_healed":0.0,"max_hp_gain":0.0,"max_hp_loss":0.0,"gold_gain":0.0,"event_name":"Tomb of Lord Red Mask","player_choice":"Ignored","floor":36.0,"gold_loss":0.0,"damage_taken":0.0},{"damage_healed":0.0,"max_hp_gain":0.0,"max_hp_loss":0.0,"gold_gain":0.0,"event_name":"SensoryStone","player_choice":"Memory 1","floor":48.0,"gold_loss":0.0,"damage_taken":0.0}],"is_beta":false,"boss_relics":[{"not_picked":["HoveringKite","Snecko Eye"],"picked":"SacredBark"},{"not_picked":["Calling Bell","Tiny House"],"picked":"Busted Crown"}],"items_purged_floors":[21,45],"is_endless":false,"potions_floor_spawned":[2,13,14,18,22,29,35,39,42,44],"ascension_level":20}}