{"host":"l84l8xigz5v5foa2","time":1610535965,"event":{"mods":["2.2 Compatiblity","AchievementEnabler","BaseMod","Better Note","Better Vampires","Card Filter","Colored Map","DeckTracker","Downfall","Gremlin Skip","Highlight Path","Keyboard Shortcuts","Minty Spire (QoL Compilation)","Permanent Neow","Quick Restart","Relic Filter","Relic Stats","StSLib","SuperFastMode","Transform Curses","Unknown Chances"],"gold_per_floor":[99,117,27,27,27,46,46,63,63,63,97,97,97,111,129,208,208,208,221,239,255,205,64,64,90,75,100,100,100,25,125,140,213,213,213,227,219,519,448,473,500,533,546,576,590,200,50,50,63,63,63,95,17,17,17],"floor_reached":56,"language":"ENG","playtime":3828,"items_purged":["hexamod:Strike","hexamod:Strike","hexamod:Strike"],"score":2646,"play_id":"41a7c039-7458-405a-af85-c5e015cc6fdb","local_time":"20210113200605","is_ascension_mode":true,"campfire_choices":[{"data":"hexamod:Float","floor":1.0,"key":"SMITH"},{"data":"hexamod:FastForward","floor":13.0,"key":"SMITH"},{"data":"hexamod:ApocalypticArmor","floor":18.0,"key":"SMITH"},{"data":"hexamod:Rewind","floor":28.0,"key":"SMITH"},{"data":"hexamod:Incineration","floor":30.0,"key":"SMITH"},{"floor":35.0,"key":"RECALL"},{"data":"hexamod:GhostLash","floor":47.0,"key":"SMITH"},{"data":"hexamod:GhostOfSpirePast","floor":54.0,"key":"SMITH"}],"circlet_count":0,"master_deck":["AscendersBane","hexamod:Strike+1","hexamod:Defend+1","hexamod:Defend+1","hexamod:Defend+1","hexamod:Sear+1","hexamod:Float+1","hexamod:GhostLash+1","hexamod:HauntingEcho+1","hexamod:FastForward+1","hexamod:SkipABeat+1","hexamod:InspiringFlames+1","hexamod:ApocalypticArmor+1","hexamod:SpectersWail+1","hexamod:TimeWarp+1","hexamod:GhostShield+1","hexamod:Incineration+1","hexamod:NightmareGuise+1","hexamod:Rewind+1","hexamod:GiftsFromTheDead+1","hexamod:DynamicBlow+1","hexamod:SixthSeal","hexamod:ThirdSeal","hexamod:AdvancingGuard+1","hexamod:PhantomCloak+1","hexamod:NightmareGuise+1","hexamod:TimeWarp+1","hexamod:StepThrough+1","hexamod:Hexaguard+1","hexamod:Hexaguard+1","hexamod:AdvancingGuard+1","hexamod:RainOfEmbers+1","hexamod:GhostOfSpirePast+1"],"relics":["hexamod:SpiritBrand","Guardian:GemstoneGun","Juzu Bracelet","Boot","sneckomod:SneckoTalon","Gremlin Horn","Red Mask","downfall:HeartBlessingGreen","SlaversCollar","PreservedInsect","Toolbox","hexamod:TheBrokenSeal","Nunchaku","Thread and Needle","Prayer Wheel","Kunai","downfall:HeartBlessingRed","downfall:HeartBlessingBlue","Pear"],"acts_visited":["Exordium","TheCity","TheBeyond","TheEnding"],"potions_floor_usage":[55],"damage_taken":[{"damage":0.0,"enemies":"Cultist","floor":2.0,"turns":3.0},{"damage":0.0,"enemies":"downfall:FleeingMerchant","floor":3.0,"turns":4.0},{"damage":0.0,"enemies":"2 Louse","floor":6.0,"turns":3.0},{"damage":0.0,"enemies":"Jaw Worm","floor":8.0,"turns":2.0},{"damage":4.0,"enemies":"3 Sentries","floor":11.0,"turns":6.0},{"damage":0.0,"enemies":"2 Fungi Beasts","floor":14.0,"turns":3.0},{"damage":0.0,"enemies":"Red Slaver","floor":15.0,"turns":3.0},{"damage":0.0,"enemies":"downfall:Defect","floor":16.0,"turns":7.0},{"damage":0.0,"enemies":"Chosen","floor":19.0,"turns":3.0},{"damage":21.0,"enemies":"Snake Plant","floor":20.0,"turns":4.0},{"damage":2.0,"enemies":"Centurion and Healer","floor":21.0,"turns":4.0},{"damage":0.0,"enemies":"downfall:FleeingMerchant","floor":23.0,"turns":6.0},{"damage":5.0,"enemies":"Book of Stabbing","floor":25.0,"turns":5.0},{"damage":10.0,"enemies":"downfall:FleeingMerchant","floor":26.0,"turns":4.0},{"damage":10.0,"enemies":"Masked Bandits","floor":27.0,"turns":5.0},{"damage":14.0,"enemies":"Chosen and Byrds","floor":32.0,"turns":6.0},{"damage":20.0,"enemies":"downfall:Watcher","floor":33.0,"turns":9.0},{"damage":6.0,"enemies":"3 Shapes","floor":36.0,"turns":6.0},{"damage":2.0,"enemies":"downfall:FleeingMerchant","floor":39.0,"turns":4.0},{"damage":53.0,"enemies":"Orb Walker","floor":40.0,"turns":5.0},{"damage":0.0,"enemies":"Giant Head","floor":42.0,"turns":4.0},{"damage":0.0,"enemies":"3 Darklings","floor":43.0,"turns":4.0},{"damage":0.0,"enemies":"Reptomancer","floor":44.0,"turns":3.0},{"damage":0.0,"enemies":"Spire Growth","floor":45.0,"turns":6.0},{"damage":45.0,"enemies":"Jaw Worm Horde","floor":49.0,"turns":5.0},{"damage":0.0,"enemies":"downfall:Silent","floor":50.0,"turns":8.0},{"damage":21.0,"enemies":"downfall:CharBossMerchant","floor":52.0,"turns":7.0},{"damage":0,"enemies":"downfall:NeowBoss","floor":55,"turns":18}],"seed_played":"5634250792806830545","potions_obtained":[{"floor":5.0,"key":"Ancient Potion"},{"floor":5.0,"key":"hexamod:EctoCoolerPotion"},{"floor":6.0,"key":"Swift Potion"},{"floor":11.0,"key":"Slimebound:ThreeZeroPotion"},{"floor":15.0,"key":"Weak Potion"},{"floor":25.0,"key":"sneckomod:MuddlingPotion"},{"floor":27.0,"key":"DuplicationPotion"},{"floor":32.0,"key":"Strength Potion"},{"floor":33.0,"key":"Slimebound:ThreeZeroPotion"},{"floor":36.0,"key":"SteroidPotion"},{"floor":39.0,"key":"PowerPotion"},{"floor":42.0,"key":"LiquidMemories"}],"is_trial":false,"path_per_floor":["R","M","$","T","?","M","T","M","?","?","E","?","R","M","M","B",null,"R","M","M","M","?","$","T","E","$","?","R","?","R","?","M","B",null,"R","M","?","?","?","M","T","E","M","E","M","$","R","?","M","B",null,"E","$","R","B",null],"character_chosen":"THE_SPIRIT","items_purchased":["hexamod:Rewind","hexamod:FirstSeal","PreservedInsect","Toolbox","Kunai","hexamod:GhostOfSpirePast"],"campfire_rested":0,"item_purchase_floors":[23,23,39,39,46,53],"current_hp_per_floor":[42,42,42,42,42,42,42,42,47,47,43,43,43,43,43,43,62,62,62,41,39,68,68,68,68,65,62,62,62,62,62,55,42,62,62,63,63,63,68,52,52,52,52,52,52,52,62,62,17,17,70,59,59,59,59],"gold":17,"neow_bonus":"ONE_RARE_RELIC","is_daily":false,"chose_seed":false,"campfire_upgraded":7,"win_rate":0.0,"timestamp":1610535965,"path_taken":["R","M","$","?","?","M","T","M","?","?","E","?","R","M","M","BOSS","R","M","M","M","?","$","T","E","$","?","R","?","R","?","M","BOSS","R","M","?","?","?","M","T","E","M","E","M","$","R","?","M","BOSS","E","$","R","BOSS"],"items_purchased_type":["Card","Card","Relic","Relic","Relic","Card"],"build_version":"2020-12-22","purchased_purges":3,"victory":true,"max_hp_per_floor":[63,63,63,63,63,63,63,63,68,68,68,68,68,68,68,68,68,68,68,68,68,68,68,68,68,68,68,68,68,68,68,68,68,68,68,68,68,68,68,78,78,78,78,78,78,78,88,88,88,88,88,98,98,98,98],"relic_stats":{"Nunchaku":[16],"Gremlin Horn":[18,18],"counters":[28,147],"Prayer Wheel":2,"PreservedInsect":295,"Juzu Bracelet":2,"Kunai":[27],"Boot":[104],"obtain_stats":[{"Pear":52,"Gremlin Horn":25,"downfall:HeartBlessingRed":47,"Guardian:GemstoneGun":0,"hexamod:TheBrokenSeal":40,"downfall:HeartBlessingGreen":30,"Thread and Needle":42,"PreservedInsect":39,"Juzu Bracelet":7,"Boot":11,"sneckomod:SneckoTalon":17,"SlaversCollar":34,"Nunchaku":41,"downfall:HeartBlessingBlue":47,"Toolbox":39,"Prayer Wheel":44,"Red Mask":27,"Kunai":46,"hexamod:SpiritBrand":0},{"Pear":27,"Gremlin Horn":13,"downfall:HeartBlessingRed":24,"Guardian:GemstoneGun":0,"hexamod:TheBrokenSeal":20,"downfall:HeartBlessingGreen":15,"Thread and Needle":21,"PreservedInsect":19,"Juzu Bracelet":3,"Boot":5,"sneckomod:SneckoTalon":8,"SlaversCollar":17,"Nunchaku":20,"downfall:HeartBlessingBlue":24,"Toolbox":19,"Prayer Wheel":23,"Red Mask":15,"Kunai":24,"hexamod:SpiritBrand":0},{"Pear":129,"Gremlin Horn":53,"downfall:HeartBlessingRed":109,"Guardian:GemstoneGun":0,"hexamod:TheBrokenSeal":90,"downfall:HeartBlessingGreen":62,"Thread and Needle":96,"PreservedInsect":87,"Juzu Bracelet":10,"Boot":18,"sneckomod:SneckoTalon":31,"SlaversCollar":77,"Nunchaku":92,"downfall:HeartBlessingBlue":109,"Toolbox":87,"Prayer Wheel":103,"Red Mask":62,"Kunai":109,"hexamod:SpiritBrand":0}]},"card_choices":[{"not_picked":["hexamod:RetreatToShadows","hexamod:GhostShield"],"picked":"hexamod:GhostLash","floor":2.0},{"not_picked":["hexamod:GhostflameBarrier","hexamod:Firestarter"],"picked":"hexamod:HauntingEcho","floor":3.0},{"not_picked":["hexamod:ShieldOfDarkness","hexamod:BacktrackSmack"],"picked":"hexamod:FastForward","floor":6.0},{"not_picked":["hexamod:BacktrackSmack","hexamod:ThermalTransfer"],"picked":"hexamod:SkipABeat","floor":8.0},{"not_picked":["hexamod:FastForward","hexamod:GhostLash"],"picked":"hexamod:InspiringFlames","floor":11.0},{"not_picked":["hexamod:HauntingEcho","hexamod:Firestarter"],"picked":"hexamod:ApocalypticArmor","floor":14.0},{"not_picked":["hexamod:InspiringFlames","hexamod:BurningTouch"],"picked":"hexamod:SpectersWail","floor":15.0},{"not_picked":["hexamod:VolcanoVisage","hexamod:UnleashSpirits"],"picked":"hexamod:TimeWarp","floor":16.0},{"not_picked":["hexamod:BurningTouch","hexamod:FastForward+1"],"picked":"hexamod:GhostShield+1","floor":19.0},{"not_picked":["hexamod:GhostOfSpirePresent","hexamod:Hexaguard+1"],"picked":"hexamod:Incineration","floor":20.0},{"not_picked":["hexamod:RetreatToShadows","hexamod:NightmareStrike","hexamod:FastForward"],"picked":"SKIP","floor":21.0},{"not_picked":["hexamod:SwordOfDarkness","hexamod:RainOfEmbers"],"picked":"hexamod:NightmareGuise+1","floor":23.0},{"not_picked":["hexamod:InspiringFlames","hexamod:BurningTouch"],"picked":"hexamod:SixthSeal","floor":25.0},{"not_picked":["hexamod:SwordOfDarkness","hexamod:Firestarter"],"picked":"hexamod:GiftsFromTheDead","floor":26.0},{"not_picked":["hexamod:NightmareGuise","hexamod:HeatCrush+1","hexamod:InspiringFlames+1"],"picked":"SKIP","floor":32.0},{"not_picked":["hexamod:Haunt","hexamod:InspiringFlames","hexamod:GiftsFromTheDead"],"picked":"SKIP","floor":32.0},{"not_picked":["hexamod:VolcanoVisage","hexamod:SearingWound"],"picked":"hexamod:FifthSeal","floor":33.0},{"not_picked":["hexamod:FirstSeal","hexamod:SecondSeal"],"picked":"hexamod:FourthSeal","floor":36.0},{"not_picked":["hexamod:GhostflameBarrier","hexamod:Incineration","hexamod:DynamicBlow+1"],"picked":"SKIP","floor":36.0},{"not_picked":["hexamod:BurningTouch+1","hexamod:GhostShield","hexamod:ThermalTransfer"],"picked":"SKIP","floor":36.0},{"not_picked":["hexamod:GhostflameBarrier","hexamod:Incineration"],"picked":"hexamod:DynamicBlow+1","floor":36.0},{"not_picked":["hexamod:BurningTouch+1","hexamod:GhostShield","hexamod:ThermalTransfer"],"picked":"SKIP","floor":36.0},{"not_picked":["hexamod:FirstSeal","hexamod:SecondSeal"],"picked":"hexamod:SixthSeal","floor":39.0},{"not_picked":["hexamod:SecondSeal","hexamod:FourthSeal"],"picked":"hexamod:ThirdSeal","floor":39.0},{"not_picked":["hexamod:BacktrackSmack+1","hexamod:PhantomCloak+1","hexamod:ShieldOfDarkness"],"picked":"SKIP","floor":39.0},{"not_picked":["hexamod:RainOfEmbers","hexamod:ChargedBarrage+1"],"picked":"hexamod:AdvancingGuard+1","floor":40.0},{"not_picked":["hexamod:SpectersWail","hexamod:RetreatToShadows","hexamod:InspiringFlames"],"picked":"SKIP","floor":40.0},{"not_picked":["hexamod:ApocalypticArmor","hexamod:CrushingStance","hexamod:InspiringFlames"],"picked":"SKIP","floor":42.0},{"not_picked":["hexamod:Toasty","hexamod:SpectersWail","hexamod:ExtraCrispy+1"],"picked":"SKIP","floor":42.0},{"not_picked":["hexamod:InspiringFlames+1","hexamod:GhostLash+1"],"picked":"hexamod:PhantomCloak+1","floor":43.0},{"not_picked":["hexamod:GhostShield","hexamod:AdvancingGuard"],"picked":"hexamod:NightmareGuise+1","floor":43.0},{"not_picked":["hexamod:SkipABeat","hexamod:ShieldOfDarkness+1"],"picked":"hexamod:TimeWarp","floor":44.0},{"not_picked":["hexamod:SkipABeat","hexamod:EtherealExpedition","hexamod:GhostLash"],"picked":"SKIP","floor":44.0},{"not_picked":["hexamod:GhostflameBarrier+1","hexamod:FirstSeal"],"picked":"hexamod:StepThrough+1","floor":45.0},{"not_picked":["hexamod:NightmareStrike","hexamod:Firestarter"],"picked":"hexamod:Hexaguard+1","floor":45.0},{"not_picked":["hexamod:InspiringFlames","hexamod:SwordOfDarkness+1","hexamod:DynamicBlow"],"picked":"SKIP","floor":45.0},{"not_picked":["hexamod:ThermalTransfer","hexamod:GhostShield"],"picked":"hexamod:Hexaguard","floor":49.0},{"not_picked":["hexamod:GhostLash","hexamod:Firestarter"],"picked":"hexamod:AdvancingGuard","floor":49.0},{"not_picked":["hexamod:RainOfEmbers+1","hexamod:SwordOfDarkness","hexamod:Again"],"picked":"SKIP","floor":49.0},{"not_picked":["hexamod:RadiantFlame","hexamod:ParanormalForm"],"picked":"hexamod:RainOfEmbers+1","floor":52.0},{"not_picked":["hexamod:GhostShield+1","hexamod:GhostLash","hexamod:SwordOfDarkness+1"],"picked":"SKIP","floor":52.0}],"player_experience":3152446,"relics_obtained":[{"floor":7.0,"key":"Juzu Bracelet"},{"floor":11.0,"key":"Boot"},{"floor":25.0,"key":"Gremlin Horn"},{"floor":27.0,"key":"Red Mask"},{"floor":41.0,"key":"Nunchaku"},{"floor":42.0,"key":"Thread and Needle"},{"floor":44.0,"key":"Prayer Wheel"},{"floor":52.0,"key":"Pear"}],"event_choices":[{"damage_healed":0.0,"max_hp_gain":0.0,"max_hp_loss":0.0,"gold_gain":0.0,"event_name":"Lab","player_choice":"Got Potions","floor":5.0,"gold_loss":0.0,"damage_taken":0.0},{"damage_healed":0.0,"max_hp_gain":5.0,"max_hp_loss":0.0,"gold_gain":0.0,"event_name":"Big Fish","player_choice":"Donut","floor":9.0,"gold_loss":0.0,"damage_taken":0.0},{"cards_removed":["hexamod:Defend"],"damage_healed":0.0,"max_hp_gain":0.0,"max_hp_loss":0.0,"gold_gain":0.0,"event_name":"The Cleric","player_choice":"Card Removal","floor":12.0,"gold_loss":0.0,"damage_taken":0.0},{"damage_healed":0.0,"max_hp_gain":0.0,"max_hp_loss":0.0,"gold_gain":0.0,"event_name":"Masked Bandits","player_choice":"Fought Bandits","floor":27.0,"gold_loss":0.0,"damage_taken":0.0},{"damage_healed":0.0,"max_hp_gain":0.0,"max_hp_loss":0.0,"gold_gain":0.0,"event_name":"The Library","player_choice":"Read","floor":29.0,"gold_loss":0.0,"damage_taken":0.0,"cards_obtained":["hexamod:ThirdSeal"]},{"damage_healed":0.0,"max_hp_gain":0.0,"max_hp_loss":0.0,"gold_gain":300.0,"event_name":"Wheel of Change","player_choice":"Gold","floor":38.0,"gold_loss":0.0,"damage_taken":0.0}],"is_beta":false,"boss_relics":[{"not_picked":["Sozu","Runic Pyramid"],"picked":"sneckomod:SneckoTalon"},{"not_picked":["Calling Bell","SacredBark"],"picked":"SlaversCollar"}],"items_purged_floors":[3,39,46],"is_endless":false,"potions_floor_spawned":[6,8,11,15,25,27,32,33,36,42],"ascension_level":20}}