{"host":"mdbnki27vzqujy5q","time":1610517830,"event":{"mods":["BaseMod","Better Note","Better Skull","Colored Map","Colored Powertips","DeckTracker","Highlight Path","Minty Spire (QoL Compilation)","Quick Restart","Rare Cards Sparkle","StSLib"],"gold_per_floor":[115,138,65,79,97,123,123,143,143,143,154,179,198,224,224,319,319,335,335,335,335,346,381,296,296,296,38,58,32,32,32,32],"floor_reached":31,"language":"ENG","playtime":1205,"items_purged":["Defend_G+1"],"score":325,"play_id":"d52ef958-20a5-4638-99c9-6484e57bb843","local_time":"20210112220350","is_ascension_mode":true,"campfire_choices":[{"data":"Backstab","floor":7.0,"key":"SMITH"},{"data":"Eviscerate","floor":10.0,"key":"SMITH"},{"floor":15.0,"key":"REST"},{"floor":25,"key":"REST"}],"circlet_count":0,"master_deck":["Strike_G+1","Strike_G+1","Strike_G+1","Strike_G+1","Strike_G+1","Defend_G+1","Defend_G+1","Defend_G+1","Defend_G+1","Survivor","Neutralize","Flying Knee+1","Underhanded Strike","Heel Hook","Backstab+1","Eviscerate+1","Quick Slash","Flying Knee","Noxious Fumes","Tools of the Trade","Burst","Cloak And Dagger+1","Armaments+1","Caltrops+1","Underhanded Strike","Infinite Blades","Blur+1"],"relics":["Ring of the Snake","NeowsBlessing","Whetstone","Orichalcum","Lantern","Pear","The Courier","Pantograph","WristBlade","Ornamental Fan","InkBottle","Toxic Egg 2","Meat on the Bone","MutagenicStrength"],"acts_visited":["Exordium","TheCity"],"potions_floor_usage":[23,23],"damage_taken":[{"damage":0.0,"enemies":"Cultist","floor":1.0,"turns":1.0},{"damage":0.0,"enemies":"Jaw Worm","floor":4.0,"turns":1.0},{"damage":0.0,"enemies":"Small Slimes","floor":5.0,"turns":1.0},{"damage":28.0,"enemies":"Lagavulin","floor":6.0,"turns":7.0},{"damage":3.0,"enemies":"Looter","floor":8.0,"turns":2.0},{"damage":0.0,"enemies":"3 Louse","floor":11.0,"turns":2.0},{"damage":3.0,"enemies":"3 Sentries","floor":12.0,"turns":6.0},{"damage":0.0,"enemies":"Large Slime","floor":13.0,"turns":3.0},{"damage":20.0,"enemies":"Lagavulin","floor":14.0,"turns":4.0},{"damage":38.0,"enemies":"The Guardian","floor":16.0,"turns":10.0},{"damage":29.0,"enemies":"3 Byrds","floor":18.0,"turns":3.0},{"damage":0,"enemies":"Chosen","floor":22,"turns":3},{"damage":51,"enemies":"Gremlin Leader","floor":23,"turns":7},{"damage":19,"enemies":"Sentry and Sphere","floor":28,"turns":4},{"damage":23,"enemies":"Snecko","floor":31,"turns":3}],"seed_played":"-2544520123551400060","potions_obtained":[{"floor":4.0,"key":"BlessingOfTheForge"},{"floor":8.0,"key":"CunningPotion"},{"floor":11.0,"key":"LiquidBronze"},{"floor":12.0,"key":"Swift Potion"},{"floor":14.0,"key":"Fruit Juice"},{"floor":18.0,"key":"Explosive Potion"},{"floor":22,"key":"Block Potion"}],"is_trial":false,"path_per_floor":["M","T","?","M","M","E","R","M","T","R","M","E","M","E","R","B",null,"M","?","?","?","M","E","?","R","T","$","M","$","?","M"],"character_chosen":"THE_SILENT","items_purchased":["Meat on the Bone","Blur+1"],"campfire_rested":2,"item_purchase_floors":[27,29],"current_hp_per_floor":[70,70,70,70,70,42,42,39,49,49,49,46,46,31,56,43,85,56,56,56,56,56,5,5,30,30,30,23,23,23,0,0],"gold":32,"neow_bonus":"THREE_ENEMY_KILL","is_daily":false,"chose_seed":false,"campfire_upgraded":2,"win_rate":0.0,"timestamp":1610517830,"path_taken":["M","?","?","M","?","E","R","M","T","R","M","E","?","E","R","BOSS","M","?","?","?","M","E","?","R","T","$","M","?","?","M"],"items_purchased_type":["Relic","Card"],"build_version":"2020-12-22","purchased_purges":1,"victory":false,"max_hp_per_floor":[70,70,70,70,70,70,70,70,80,80,80,80,80,85,85,85,85,85,85,85,85,85,85,85,85,85,85,85,85,85,85,85],"card_choices":[{"not_picked":["Blade Dance","Escape Plan"],"picked":"Flying Knee","floor":1.0},{"not_picked":["Flying Knee","Catalyst"],"picked":"Underhanded Strike","floor":4.0},{"not_picked":["Deflect","Die Die Die"],"picked":"Heel Hook","floor":5.0},{"not_picked":["Bullet Time","Heel Hook"],"picked":"Backstab","floor":6.0},{"not_picked":["Finisher","Underhanded Strike"],"picked":"Eviscerate","floor":8.0},{"not_picked":["Dodge and Roll","Underhanded Strike"],"picked":"Quick Slash","floor":11.0},{"not_picked":["Eviscerate","Bane"],"picked":"Flying Knee","floor":12.0},{"not_picked":["Dagger Throw","Skewer"],"picked":"Noxious Fumes","floor":13.0},{"not_picked":["Terror","Backflip"],"picked":"Tools of the Trade","floor":14.0},{"not_picked":["Bullet Time","Venomology"],"picked":"Burst","floor":16.0},{"not_picked":["Sucker Punch","Poisoned Stab"],"picked":"Cloak And Dagger+1","floor":18.0},{"not_picked":["Bane","Dagger Throw"],"picked":"Caltrops+1","floor":22},{"not_picked":["Dagger Spray","Skewer"],"picked":"Underhanded Strike","floor":23},{"not_picked":["Flying Knee","Dagger Spray"],"picked":"Infinite Blades","floor":28}],"player_experience":75687,"relics_obtained":[{"floor":2.0,"key":"Whetstone"},{"floor":6.0,"key":"Lantern"},{"floor":9.0,"key":"Pear"},{"floor":12.0,"key":"The Courier"},{"floor":14.0,"key":"Pantograph"},{"floor":23,"key":"Ornamental Fan"},{"floor":26,"key":"Toxic Egg 2"}],"event_choices":[{"damage_healed":0.0,"max_hp_gain":0.0,"max_hp_loss":0.0,"gold_gain":0.0,"event_name":"WeMeetAgain","player_choice":"Paid Gold","floor":3.0,"gold_loss":73.0,"damage_taken":0.0,"relics_obtained":["Orichalcum"]},{"cards_removed":["Burst"],"damage_healed":0.0,"max_hp_gain":0.0,"max_hp_loss":0.0,"gold_gain":0.0,"event_name":"betterNote:BetterNote","player_choice":"Take \u0026 Give","floor":19.0,"gold_loss":0.0,"damage_taken":0.0,"cards_obtained":["Armaments"]},{"damage_healed":0,"gold_gain":0,"player_choice":"Ignored","damage_taken":0,"max_hp_gain":0,"max_hp_loss":0,"event_name":"Cursed Tome","floor":20,"gold_loss":0},{"damage_healed":0,"gold_gain":0,"player_choice":"Simplicity","damage_taken":0,"max_hp_gain":0,"max_hp_loss":0,"event_name":"Back to Basics","floor":21,"gold_loss":0,"cards_upgraded":["Strike_G","Strike_G","Strike_G","Strike_G","Defend_G","Defend_G","Defend_G","Defend_G","Defend_G"]},{"damage_healed":0,"gold_gain":0,"player_choice":"Obtained Relic","damage_taken":0,"relics_obtained":["InkBottle"],"max_hp_gain":0,"max_hp_loss":0,"event_name":"Addict","floor":24,"gold_loss":85},{"damage_healed":0,"gold_gain":0,"player_choice":"Inject Mutagens","damage_taken":0,"relics_obtained":["MutagenicStrength"],"max_hp_gain":0,"max_hp_loss":0,"event_name":"Drug Dealer","floor":30,"gold_loss":0}],"is_beta":false,"boss_relics":[{"not_picked":["Fusion Hammer","Philosopher\u0027s Stone"],"picked":"WristBlade"}],"items_purged_floors":[27],"is_endless":false,"potions_floor_spawned":[4,8,11,12,14,18,22],"killed_by":"Snecko","ascension_level":2}}