{"host":"2xjkbrmvrd7iq7pu","time":1610521589,"event":{"mods":["AchievementEnabler","Act Like it!","Arknights The Spire","BaseMod","Downfall","Gensokyo","Gremlin Mod","GungeonMod","KinomotoSakuraMod(ƒæ÷Æ±æ”£)","Lobotomy","Minty Spire (QoL Compilation)","Reimu£®≤©¿ˆ¡È√Œ£©","Replay The Spire","StSLib","The Alterego","The Bug Knight","The Cursed","Yakumo Yukari mod"],"gold_per_floor":[110,285,304,304,318,318,329,329,329,329,329,329],"floor_reached":11,"language":"ZHS","playtime":394,"items_purged":[],"score":66,"play_id":"05045b8a-7ea7-4448-a84d-c9195b90fde6","local_time":"20210113150629","is_ascension_mode":true,"campfire_choices":[{"data":"ats:Emotion Absorption","floor":6,"key":"SMITH"},{"data":"ats:Neurotoxin","floor":8,"key":"SMITH"}],"circlet_count":0,"master_deck":["ats:Strike C","ats:Strike G","ats:Strike S","ats:Strike V","ats:Armor Crushing Shot","ats:Defend","ats:Defend+1","ats:Defend","ats:Defend","ats:Emotion Absorption+1","ats:Wolf Pack+1","Doubt","ats:Curse Doll","ats:Neurotoxin+1"],"relics":["ats:Sanity","DemoMod:Antibody","Bottled Lightning"],"acts_visited":["Exordium"],"potions_floor_usage":[],"damage_taken":[{"damage":5,"enemies":"Small Slimes","floor":1,"turns":5},{"damage":14,"enemies":"Jaw Worm","floor":3,"turns":8},{"damage":4,"enemies":"Cultist","floor":5,"turns":4},{"damage":5,"enemies":"Lots of Slimes","floor":7,"turns":6},{"damage":27,"enemies":"Gremlin Nob","floor":11,"turns":4}],"seed_played":"-6862854801683515169","potions_obtained":[{"floor":1,"key":"Dexterity Potion"},{"floor":3,"key":"Death Potion"}],"is_trial":false,"path_per_floor":["M","?","M","?","M","R","M","R","T","T","E"],"character_chosen":"DOCTOR_CLASS","items_purchased":[],"campfire_rested":0,"item_purchase_floors":[],"current_hp_per_floor":[60,60,46,33,29,29,24,24,24,24,0,0],"gold":329,"neow_bonus":"THREE_RARE_CARDS","is_daily":false,"chose_seed":false,"campfire_upgraded":2,"win_rate":0.0,"timestamp":1610521589,"path_taken":["M","?","M","?","M","R","M","R","T","?","E"],"items_purchased_type":[],"build_version":"2020-12-22","purchased_purges":0,"victory":false,"max_hp_per_floor":[65,65,65,65,65,65,65,65,65,65,65,65],"card_choices":[{"not_picked":["ats:Rat Pack","ats:Durian"],"picked":"ats:Wolf Pack","floor":0},{"not_picked":["ats:Poison Spread","ats:Childhood Dance","ats:Revitalization"],"picked":"SKIP","floor":1},{"not_picked":["ats:Leaping Hammer","ats:Guardian Obelisk"],"picked":"ats:Curse Doll","floor":3},{"not_picked":["ats:Shell Defense","ats:Cat Scratch","ats:Explosion Area Strengthen"],"picked":"SKIP","floor":5},{"not_picked":["ats:Guardian Obelisk","ats:Composite Medical Shells"],"picked":"ats:Neurotoxin","floor":7}],"player_experience":692234,"relics_obtained":[{"floor":9,"key":"DemoMod:Antibody"},{"floor":10,"key":"Bottled Lightning"}],"event_choices":[{"damage_healed":0,"gold_gain":175,"player_choice":"AGREE","damage_taken":0,"max_hp_gain":0,"max_hp_loss":0,"event_name":"Liars Game","floor":2,"gold_loss":0,"cards_obtained":["Doubt"]},{"damage_healed":0,"gold_gain":0,"player_choice":"Entered Light","damage_taken":13,"max_hp_gain":0,"max_hp_loss":0,"event_name":"Shining Light","floor":4,"gold_loss":0,"cards_upgraded":["ats:Wolf Pack","ats:Defend"]}],"is_beta":false,"boss_relics":[],"items_purged_floors":[],"is_endless":false,"potions_floor_spawned":[1,3],"killed_by":"Gremlin Nob","ascension_level":1}}