{"host":"os7ajuuouznx3pj7","time":1610513292,"event":{"mods":["AchievementEnabler","BaseMod","Bestiary","Block Reminder","Colored Map","Colored Powertips","Keyboard Shortcuts","Minty Spire (QoL Compilation)","Quick Restart","Relic Sorter","Relic Stats","SuperFastMode"],"gold_per_floor":[111,130,140,140,158,186,186,200,200,230,242,280,257,308,320,456,468,503,539,564,142,142,142,185,185,185,226,241,260,273,314,314,442,442,463,423,438,501,501,539,271,271,317,150,150,166,187,211,211,211,211,211,11,11,11],"floor_reached":54,"language":"ENG","playtime":15404,"items_purged":["Strike_B","Defend_B","Defend_B","Rebound"],"score":1151,"play_id":"7f9dce27-53b4-4efc-a52a-8552d68fb717","local_time":"20210113024812","is_ascension_mode":true,"campfire_choices":[{"data":"Dualcast","floor":7.0,"key":"SMITH"},{"data":"Double Energy","floor":15.0,"key":"SMITH"},{"data":"Fission","floor":23.0,"key":"SMITH"},{"data":"Double Energy","floor":25.0,"key":"SMITH"},{"data":"Creative AI","floor":32.0,"key":"SMITH"},{"data":"Apotheosis","floor":45.0,"key":"SMITH"},{"floor":49,"key":"RECALL"},{"data":"Panache","floor":52,"key":"SMITH"}],"circlet_count":0,"master_deck":["Zap+1","Dualcast+1","Compile Driver","Undo","Cold Snap","Compile Driver","Turbo","Machine Learning","Double Energy+1","Doom and Gloom","Echo Form","Hologram","Self Repair+1","Compile Driver","Auto Shields+1","White Noise+1","Force Field","Leap","Fission+1","Heatsinks","Double Energy+1","White Noise","Static Discharge","Creative AI+1","Lockon+1","Conserve Battery+1","Seek","Fission+1","Darkness+1","White Noise+1","Force Field+1","Heatsinks","Stack+1","Chaos+1","Apotheosis+1","Panache+1","Impatience","Echo Form","Tempest","Stack+1","Meteor Strike"],"relics":["FrozenCore","Turnip","Smiling Mask","MawBank","Golden Idol","Odd Mushroom","Mummified Hand","Orrery","Darkstone Periapt","Ornamental Fan","Art of War","Question Card","Astrolabe","Girya","Gremlin Horn","Membership Card","Lantern","DollysMirror","FossilizedHelix"],"acts_visited":["Exordium","TheCity","TheBeyond","TheEnding"],"potions_floor_usage":[],"damage_taken":[{"damage":0.0,"enemies":"2 Louse","floor":1.0,"turns":2.0},{"damage":0.0,"enemies":"Cultist","floor":2.0,"turns":4.0},{"damage":0.0,"enemies":"Small Slimes","floor":3.0,"turns":3.0},{"damage":13.0,"enemies":"Blue Slaver","floor":5.0,"turns":2.0},{"damage":14.0,"enemies":"Gremlin Nob","floor":6.0,"turns":4.0},{"damage":5.0,"enemies":"Lots of Slimes","floor":8.0,"turns":4.0},{"damage":15.0,"enemies":"Lagavulin","floor":10.0,"turns":8.0},{"damage":8.0,"enemies":"The Mushroom Lair","floor":12.0,"turns":4.0},{"damage":18.0,"enemies":"Gremlin Nob","floor":14.0,"turns":4.0},{"damage":7.0,"enemies":"The Guardian","floor":16.0,"turns":8.0},{"damage":0.0,"enemies":"Shell Parasite","floor":18.0,"turns":7.0},{"damage":10.0,"enemies":"3 Byrds","floor":19.0,"turns":6.0},{"damage":8.0,"enemies":"Centurion and Healer","floor":20.0,"turns":7.0},{"damage":0.0,"enemies":"Book of Stabbing","floor":24.0,"turns":5.0},{"damage":27.0,"enemies":"Slavers","floor":27.0,"turns":7.0},{"damage":0.0,"enemies":"3 Cultists","floor":28.0,"turns":7.0},{"damage":18.0,"enemies":"Shelled Parasite and Fungi","floor":29.0,"turns":5.0},{"damage":25.0,"enemies":"Snake Plant","floor":30.0,"turns":4.0},{"damage":0.0,"enemies":"Book of Stabbing","floor":31.0,"turns":4.0},{"damage":0.0,"enemies":"Champ","floor":33.0,"turns":8.0},{"damage":4.0,"enemies":"3 Darklings","floor":35.0,"turns":3.0},{"damage":0.0,"enemies":"Orb Walker","floor":37.0,"turns":4.0},{"damage":0.0,"enemies":"Mind Bloom Boss Battle","floor":38.0,"turns":5.0},{"damage":21.0,"enemies":"Reptomancer","floor":40.0,"turns":7.0},{"damage":0.0,"enemies":"Maw","floor":46.0,"turns":3.0},{"damage":1.0,"enemies":"3 Darklings","floor":47.0,"turns":4.0},{"damage":0.0,"enemies":"Spire Growth","floor":48.0,"turns":4.0},{"damage":23,"enemies":"Awakened One","floor":50,"turns":7},{"damage":87,"enemies":"Shield and Spear","floor":54,"turns":3}],"seed_played":"6644660853383594274","potions_obtained":[{"floor":2.0,"key":"PowerPotion"},{"floor":5.0,"key":"GamblersBrew"},{"floor":10.0,"key":"SneckoOil"},{"floor":12.0,"key":"Strength Potion"},{"floor":14.0,"key":"BlessingOfTheForge"},{"floor":18.0,"key":"Regen Potion"},{"floor":24.0,"key":"Fire Potion"},{"floor":27.0,"key":"DuplicationPotion"},{"floor":30.0,"key":"SteroidPotion"},{"floor":36.0,"key":"Ancient Potion"},{"floor":36.0,"key":"FocusPotion"},{"floor":37.0,"key":"PotionOfCapacity"},{"floor":40.0,"key":"EssenceOfSteel"},{"floor":48.0,"key":"FearPotion"}],"is_trial":false,"path_per_floor":["M","M","M","?","M","E","R","M","T","E","?","?","?","E","R","B",null,"M","M","M","$","?","R","E","R","T","E","M","M","M","E","R","B",null,"M","?","M","?","?","E","$","?","T","$","R","M","M","M","R","B",null,"R","$","E"],"character_chosen":"DEFECT","items_purchased":["Orrery","Heatsinks","Double Energy","White Noise","Membership Card","Lantern","DollysMirror","Tempest","FossilizedHelix"],"campfire_rested":0,"item_purchase_floors":[21,21,21,21,41,41,44,44,53],"current_hp_per_floor":[68,68,68,68,55,41,41,36,36,21,21,13,28,10,10,3,48,48,53,63,63,63,63,63,63,63,56,63,63,58,63,63,63,63,63,63,63,63,63,62,62,52,52,52,52,52,63,63,63,60,62,62,62,0,0],"gold":11,"neow_bonus":"REMOVE_TWO","is_daily":false,"chose_seed":false,"campfire_upgraded":7,"win_rate":0.0,"timestamp":1610513292,"path_taken":["M","M","M","?","?","E","R","M","T","E","?","?","?","E","R","BOSS","M","M","M","$","?","R","E","R","T","E","M","M","M","E","R","BOSS","M","?","?","?","?","E","$","?","T","$","R","M","M","M","R","BOSS","R","$","E"],"items_purchased_type":["Relic","Card","Card","Card","Relic","Relic","Relic","Card","Relic"],"build_version":"2020-12-22","purchased_purges":4,"victory":false,"max_hp_per_floor":[68,68,68,68,68,68,68,68,68,68,63,63,63,63,63,63,63,63,63,63,63,63,63,63,63,63,63,63,63,63,63,63,63,63,63,63,63,63,63,63,63,63,63,63,63,63,63,63,63,63,63,63,63,63,63],"relic_stats":{"Darkstone Periapt":0,"Gremlin Horn":[3,3],"counters":[29,143],"Golden Idol":177,"Astrolabe":["Fission","Darkness","White Noise"],"Smiling Mask":63,"MawBank":132,"Question Card":11,"FrozenCore":[56],"Mummified Hand":[266],"Ornamental Fan":[120],"Turnip":[13],"Art of War":[17],"obtain_stats":[{"Darkstone Periapt":24,"Girya":38,"Lantern":41,"Gremlin Horn":40,"Golden Idol":11,"Astrolabe":34,"Odd Mushroom":12,"Smiling Mask":9,"MawBank":10,"Question Card":31,"FrozenCore":17,"Mummified Hand":14,"Ornamental Fan":26,"DollysMirror":44,"Orrery":21,"Turnip":6,"Art of War":27,"Membership Card":41,"Cracked Core":0,"FossilizedHelix":53},{"Darkstone Periapt":14,"Girya":23,"Lantern":24,"Gremlin Horn":24,"Golden Idol":7,"Astrolabe":20,"Odd Mushroom":8,"Smiling Mask":6,"MawBank":7,"Question Card":19,"FrozenCore":10,"Mummified Hand":9,"Ornamental Fan":14,"DollysMirror":24,"Orrery":13,"Turnip":5,"Art of War":15,"Membership Card":24,"Cracked Core":0,"FossilizedHelix":28},{"Darkstone Periapt":68,"Girya":115,"Lantern":122,"Gremlin Horn":122,"Golden Idol":27,"Astrolabe":103,"Odd Mushroom":31,"Smiling Mask":19,"MawBank":27,"Question Card":95,"FrozenCore":43,"Mummified Hand":35,"Ornamental Fan":68,"DollysMirror":122,"Orrery":63,"Turnip":15,"Art of War":75,"Membership Card":122,"Cracked Core":0,"FossilizedHelix":140}]},"card_choices":[{"not_picked":["Redo","Capacitor"],"picked":"Rebound","floor":1.0},{"not_picked":["Beam Cell","Coolheaded"],"picked":"Compile Driver","floor":2.0},{"not_picked":["Ball Lightning","Steam Power"],"picked":"Undo","floor":3.0},{"not_picked":["Redo","BootSequence"],"picked":"Cold Snap","floor":5.0},{"not_picked":["Beam Cell","Amplify"],"picked":"Compile Driver","floor":6.0},{"not_picked":["Doom and Gloom","Steam"],"picked":"Turbo","floor":8.0},{"not_picked":["Rebound","Gash"],"picked":"Machine Learning","floor":10.0},{"not_picked":["Steam Power","Hologram"],"picked":"Double Energy","floor":12.0},{"not_picked":["Force Field","Sweeping Beam"],"picked":"Doom and Gloom","floor":14.0},{"not_picked":["Core Surge","All For One"],"picked":"Echo Form","floor":16.0},{"not_picked":["Stack","Rebound"],"picked":"Hologram","floor":18.0},{"not_picked":["Redo","Ball Lightning"],"picked":"Self Repair+1","floor":19.0},{"not_picked":["Cold Snap","Gash+1"],"picked":"Compile Driver","floor":20.0},{"not_picked":["Beam Cell","Machine Learning"],"picked":"Auto Shields+1","floor":21.0},{"not_picked":["Melter+1","Ball Lightning"],"picked":"White Noise+1","floor":21.0},{"not_picked":["Beam Cell","Tempest"],"picked":"Force Field","floor":21.0},{"not_picked":["Rip and Tear","Go for the Eyes"],"picked":"Leap","floor":21.0},{"not_picked":["Conserve Battery","Gash"],"picked":"Fission","floor":21.0},{"not_picked":["Heatsinks","Leap"],"picked":"Static Discharge","floor":24.0},{"not_picked":["Defragment","Steam+1"],"picked":"Creative AI","floor":27.0},{"not_picked":["Compile Driver","Redo+1"],"picked":"Lockon+1","floor":28.0},{"not_picked":["Turbo","Cold Snap"],"picked":"Conserve Battery+1","floor":29.0},{"not_picked":["Go for the Eyes+1","Undo"],"picked":"Stack","floor":30.0},{"not_picked":["Beam Cell","Hello World","Redo"],"picked":"SKIP","floor":31.0},{"not_picked":["Thunder Strike","Hyperbeam","Echo Form"],"picked":"Seek","floor":33.0},{"not_picked":["Hologram","Chill","Beam Cell"],"picked":"Force Field+1","floor":35.0},{"not_picked":["Steam","Coolheaded","Turbo"],"picked":"Heatsinks","floor":37.0},{"not_picked":["Barrage","Redo+1","Ball Lightning"],"picked":"Stack+1","floor":38.0},{"not_picked":["Machine Learning","Beam Cell+1","FTL+1"],"picked":"Chaos+1","floor":40.0},{"not_picked":["Swift Strike","Magnetism","Trip"],"picked":"Apotheosis","floor":42.0},{"not_picked":["Apotheosis","Finesse","Secret Technique"],"picked":"Panache","floor":42.0},{"not_picked":["Magnetism","PanicButton","Finesse"],"picked":"Impatience","floor":42.0},{"not_picked":["Ball Lightning+1","Sweeping Beam","Tempest"],"picked":"Stack+1","floor":46.0},{"not_picked":["Scrape","Cold Snap","Beam Cell","Ball Lightning+1"],"picked":"SKIP","floor":47.0},{"not_picked":["FTL+1","Sunder","Reprogram+1","Streamline+1"],"picked":"SKIP","floor":48.0}],"player_experience":934064,"relics_obtained":[{"floor":6.0,"key":"Turnip"},{"floor":9.0,"key":"Smiling Mask"},{"floor":10.0,"key":"MawBank"},{"floor":12.0,"key":"Odd Mushroom"},{"floor":14.0,"key":"Mummified Hand"},{"floor":24.0,"key":"Darkstone Periapt"},{"floor":26.0,"key":"Ornamental Fan"},{"floor":27.0,"key":"Art of War"},{"floor":31.0,"key":"Question Card"},{"floor":38.0,"key":"Girya"},{"floor":40.0,"key":"Gremlin Horn"}],"event_choices":[{"damage_healed":0.0,"max_hp_gain":0.0,"max_hp_loss":0.0,"gold_gain":0.0,"event_name":"Upgrade Shrine","player_choice":"Upgraded","floor":4.0,"gold_loss":0.0,"damage_taken":0.0,"cards_upgraded":["Zap"]},{"damage_healed":0.0,"max_hp_gain":0.0,"max_hp_loss":5.0,"gold_gain":0.0,"event_name":"Golden Idol","player_choice":"Lose Max HP","floor":11.0,"gold_loss":0.0,"damage_taken":0.0,"relics_obtained":["Golden Idol"]},{"damage_healed":0.0,"max_hp_gain":0.0,"max_hp_loss":0.0,"gold_gain":0.0,"event_name":"Mushrooms","player_choice":"Fought Mushrooms","floor":12.0,"gold_loss":0.0,"damage_taken":0.0},{"damage_healed":15.0,"max_hp_gain":0.0,"max_hp_loss":0.0,"gold_gain":0.0,"event_name":"The Cleric","player_choice":"Healed","floor":13.0,"gold_loss":35.0,"damage_taken":0.0},{"damage_healed":0.0,"max_hp_gain":0.0,"max_hp_loss":0.0,"gold_gain":0.0,"event_name":"Ghosts","player_choice":"Ignored","floor":22.0,"gold_loss":0.0,"damage_taken":0.0},{"damage_healed":0.0,"max_hp_gain":0.0,"max_hp_loss":0.0,"gold_gain":0.0,"event_name":"The Woman in Blue","player_choice":"Bought 3 Potions","floor":36.0,"gold_loss":0.0,"damage_taken":0.0},{"damage_healed":0.0,"max_hp_gain":0.0,"max_hp_loss":0.0,"gold_gain":0.0,"event_name":"MindBloom","player_choice":"Fight","floor":38.0,"gold_loss":0.0,"damage_taken":0.0},{"cards_removed":["Stack"],"damage_healed":0.0,"max_hp_gain":0.0,"max_hp_loss":0.0,"gold_gain":0.0,"event_name":"Falling","player_choice":"Removed Skill","floor":39.0,"gold_loss":0.0,"damage_taken":0.0},{"damage_healed":0.0,"max_hp_gain":0.0,"max_hp_loss":0.0,"gold_gain":0.0,"event_name":"SensoryStone","player_choice":"Memory 3","floor":42.0,"gold_loss":0.0,"damage_taken":10.0}],"is_beta":false,"boss_relics":[{"not_picked":["Philosopher\u0027s Stone","SlaversCollar"],"picked":"FrozenCore"},{"not_picked":["Nuclear Battery","Sozu"],"picked":"Astrolabe"}],"items_purged_floors":[21,41,44,53],"is_endless":false,"potions_floor_spawned":[2,5,10,12,14,18,24,27,30,37,38,40,48],"killed_by":"Shield and Spear","ascension_level":6}}