{"host":"u9xtr94typ21duox","time":1610517102,"event":{"mods":["BaseMod","Key Reminder","KinomotoSakuraMod(木之本樱)","LagranYue(拉格朗・月)","Marisa（F雨　魔理沙）","Minty Spire (QoL Compilation)","Reimu（博丽灵梦）","Remilia（蕾米莉亚）","Replay The Spire","StSLib","Td1madao Mod","The Administrix","The Bladedancer","The Bug Knight","The Construct","The Cursed","The Gatherer","The Runesmith","The Servant 0.9.4","WarShipGirlsR/战舰少女R mod","Youmu（魂魄妖梦）","vexMod"],"gold_per_floor":[112,112,122,25,25,25,77,118,165,200,200,200],"floor_reached":11,"language":"ZHS","playtime":270,"items_purged":[],"score":113,"play_id":"fb1c3c53-bc18-4b52-aa1f-05b6bb135489","local_time":"20210113135142","is_ascension_mode":true,"campfire_choices":[{"data":"WitchOfGreed","floor":6,"key":"SMITH"}],"circlet_count":0,"master_deck":["Strike_MRS","Strike_MRS","Strike_MRS","Strike_MRS","Defend_MRS","Defend_MRS","Defend_MRS","Defend_MRS","MasterSpark","UpSweep","Acceleration","WitchOfGreed+1","Acceleration","ShootingEcho","ChargingUp"],"relics":["MiniHakkero","LagranYue:RandomDrawCardRelic","NeowsBlessing","vexMod:MemoryStick","keyreminder:keyreminder"],"acts_visited":["Exordium"],"potions_floor_usage":[10,11],"damage_taken":[{"damage":0,"enemies":"Jaw Worm","floor":1,"turns":1},{"damage":0,"enemies":"Small Slimes","floor":3,"turns":1},{"damage":0,"enemies":"Gremlin Nob","floor":7,"turns":1},{"damage":0,"enemies":"2 Louse","floor":8,"turns":4},{"damage":6,"enemies":"Exordium Thugs","floor":10,"turns":5},{"damage":11,"enemies":"Replay:BlueRogue","floor":11,"turns":2}],"seed_played":"4561677032781987077","potions_obtained":[{"floor":1,"key":"Energy Potion"},{"floor":8,"key":"ColorlessPotion"},{"floor":10,"key":"FearPotion"}],"is_trial":false,"path_per_floor":["M","?","M","$","?","R","E","M","T","M","E"],"character_chosen":"MARISA","items_purchased":["WitchOfGreed","Acceleration"],"campfire_rested":0,"item_purchase_floors":[4,4],"current_hp_per_floor":[75,80,80,80,80,80,80,80,80,74,63,63],"gold":200,"neow_bonus":"THREE_ENEMY_KILL","is_daily":false,"chose_seed":false,"campfire_upgraded":1,"win_rate":0.0,"timestamp":1610517102,"path_taken":["M","?","M","$","?","R","E","M","T","M","E"],"items_purchased_type":["Card","Card"],"build_version":"2020-12-22","purchased_purges":0,"victory":false,"max_hp_per_floor":[75,80,80,80,80,80,80,80,80,80,80,80],"card_choices":[{"not_picked":["DarkSpark","NonDirectionalLaser","MysteriousBeam"],"picked":"SKIP","floor":1},{"not_picked":["GravityBeat","MysteriousBeam"],"picked":"Acceleration","floor":3},{"not_picked":["WitchOfGreed","StarDustReverie","GravityBeat"],"picked":"SKIP","floor":7},{"not_picked":["6A","GravityBeat"],"picked":"ShootingEcho","floor":8},{"not_picked":["MagicChant","MeteoricShower"],"picked":"ChargingUp","floor":10}],"player_experience":296165,"relics_obtained":[{"floor":7,"key":"vexMod:MemoryStick"}],"event_choices":[{"damage_healed":0,"gold_gain":0,"player_choice":"Donut","damage_taken":0,"max_hp_gain":5,"max_hp_loss":0,"event_name":"Big Fish","floor":2,"gold_loss":0}],"is_beta":false,"boss_relics":[],"items_purged_floors":[],"is_endless":false,"potions_floor_spawned":[1,8,10],"killed_by":"Replay:BlueRogue","ascension_level":3}}