{"host":"3y2rtlgteqp2nuo3","time":1610502963,"event":{"mods":["2.2 Compatiblity","AchievementEnabler","BaseMod","Colored Map","DeckTracker","Highlight Path","Keyboard Shortcuts","Minty Spire (QoL Compilation)","Permanent Neow","Quick Restart","StSLib","SuperFastMode","everything is the same but u backflip on backflip"],"gold_per_floor":[113,133,153,164,164,164,180,180,206,216,216,216,196,216,216,316,316,291,301,400,417,111,111,146,1,27,27,44,144,144,144,144,144,144],"floor_reached":33,"playtime":1075,"items_purged":["Strike_G","Strike_G"],"score":411,"play_id":"f044934e-7ce7-47c2-87c2-d3a64da2918f","local_time":"20210113105603","is_ascension_mode":true,"campfire_choices":[{"data":"Riddle With Holes","floor":6.0,"key":"SMITH"},{"data":"Sucker Punch","floor":8.0,"key":"SMITH"},{"data":"Dodge and Roll","floor":12,"key":"SMITH"},{"data":"Blade Dance","floor":15,"key":"SMITH"},{"data":"Footwork","floor":23,"key":"SMITH"},{"data":"Deadly Poison","floor":27,"key":"SMITH"},{"floor":32,"key":"REST"}],"circlet_count":0,"master_deck":["AscendersBane","Strike_G+1","Strike_G+1","Defend_G+1","Defend_G+1","Defend_G+1","Defend_G+1","Defend_G+1","Survivor","Neutralize+1","Sucker Punch+1","Dodge and Roll+1","Riddle With Holes+1","Blade Dance+1","Heel Hook","After Image","Dagger Spray+1","Footwork+1","Heel Hook","Deadly Poison+1","Deadly Poison+1","Footwork","Decay"],"relics":["Ring of the Serpent","Oddly Smooth Stone","Lee\u0027s Waffle","Nunchaku","Smiling Mask","Mango","Gremlin Horn"],"acts_visited":["Exordium","TheCity"],"potions_floor_usage":[16,19,21,24,29],"damage_taken":[{"damage":0.0,"enemies":"Jaw Worm","floor":1.0,"turns":7.0},{"damage":0.0,"enemies":"2 Louse","floor":2.0,"turns":4.0},{"damage":2.0,"enemies":"Cultist","floor":3.0,"turns":4.0},{"damage":1.0,"enemies":"2 Fungi Beasts","floor":4.0,"turns":4.0},{"damage":1.0,"enemies":"Looter","floor":7.0,"turns":3.0},{"damage":7.0,"enemies":"Large Slime","floor":10.0,"turns":11.0},{"damage":0,"enemies":"3 Louse","floor":14,"turns":3},{"damage":44,"enemies":"Slime Boss","floor":16,"turns":10},{"damage":23,"enemies":"2 Thieves","floor":18,"turns":5},{"damage":3,"enemies":"Shell Parasite","floor":19,"turns":6},{"damage":25,"enemies":"Shelled Parasite and Fungi","floor":21,"turns":5},{"damage":35,"enemies":"Gremlin Leader","floor":24,"turns":10},{"damage":5,"enemies":"Sentry and Sphere","floor":28,"turns":8},{"damage":8,"enemies":"Colosseum Slavers","floor":29,"turns":6},{"damage":25,"enemies":"Colosseum Nobs","floor":29,"turns":6},{"damage":37,"enemies":"Champ","floor":33,"turns":11}],"seed_played":"-7489641539350767593","potions_obtained":[{"floor":1.0,"key":"SpeedPotion"},{"floor":3.0,"key":"GamblersBrew"},{"floor":13,"key":"Fire Potion"},{"floor":16,"key":"Regen Potion"},{"floor":19,"key":"Fire Potion"},{"floor":21,"key":"DuplicationPotion"},{"floor":28,"key":"SpeedPotion"}],"is_trial":false,"path_per_floor":["M","M","M","M","?","R","M","R","T","M","?","R","?","M","R","B",null,"M","M","?","M","$","R","E","$","T","R","M","?","?","?","R","B"],"character_chosen":"THE_SILENT","items_purchased":["Lee\u0027s Waffle","Heel Hook","Deadly Poison"],"campfire_rested":1,"item_purchase_floors":[22,22,25],"current_hp_per_floor":[63,63,61,60,53,53,52,52,52,45,45,45,45,45,45,1,53,30,42,42,17,77,77,42,42,42,42,37,18,18,18,45,8,8],"gold":144,"neow_bonus":"UPGRADE_CARD","is_daily":false,"chose_seed":false,"campfire_upgraded":6,"win_rate":0.0,"timestamp":1610502963,"path_taken":["M","M","M","M","?","R","M","R","T","M","?","R","?","M","R","BOSS","M","M","?","M","$","R","E","$","T","R","M","?","?","?","R","BOSS"],"items_purchased_type":["Relic","Card","Card"],"build_version":"2020-12-22","purchased_purges":2,"victory":false,"max_hp_per_floor":[70,70,70,70,70,70,70,70,70,70,70,70,70,70,70,70,70,70,70,70,70,77,77,77,77,77,77,77,91,91,91,91,91,91],"card_choices":[{"not_picked":["Eviscerate","Outmaneuver"],"picked":"Sucker Punch","floor":1.0},{"not_picked":["Cloak And Dagger","Expertise"],"picked":"Dodge and Roll","floor":2.0},{"not_picked":["Sucker Punch","Caltrops","Prepared"],"picked":"SKIP","floor":3.0},{"not_picked":["Prepared","Blur"],"picked":"Riddle With Holes","floor":4.0},{"not_picked":["Setup","Masterful Stab","Catalyst"],"picked":"SKIP","floor":7.0},{"not_picked":["Quick Slash","Dash"],"picked":"Blade Dance","floor":10.0},{"not_picked":["Cloak And Dagger","Terror"],"picked":"Heel Hook","floor":14},{"not_picked":["A Thousand Cuts","Corpse Explosion"],"picked":"After Image","floor":16},{"not_picked":["Prepared","Flying Knee","Underhanded Strike"],"picked":"SKIP","floor":18},{"not_picked":["Outmaneuver","Choke"],"picked":"Dagger Spray+1","floor":19},{"not_picked":["Predator","Endless Agony"],"picked":"Footwork","floor":21},{"not_picked":["Flying Knee+1","Tactician"],"picked":"Deadly Poison+1","floor":24},{"not_picked":["Outmaneuver","Sucker Punch","Prepared"],"picked":"SKIP","floor":28},{"not_picked":["Quick Slash+1","Choke"],"picked":"Footwork","floor":29}],"player_experience":683573,"relics_obtained":[{"floor":9.0,"key":"Oddly Smooth Stone"},{"floor":24,"key":"Nunchaku"},{"floor":26,"key":"Smiling Mask"},{"floor":29,"key":"Mango"},{"floor":29,"key":"Gremlin Horn"}],"event_choices":[{"cards_removed":["Strike_G"],"damage_healed":0.0,"max_hp_gain":0.0,"max_hp_loss":0.0,"gold_gain":0.0,"event_name":"Golden Wing","player_choice":"Card Removal","floor":5.0,"gold_loss":0.0,"damage_taken":7.0},{"damage_healed":0,"gold_gain":0,"player_choice":"Ignored","damage_taken":0,"max_hp_gain":0,"max_hp_loss":0,"event_name":"Shining Light","floor":11,"gold_loss":0},{"damage_healed":0,"gold_gain":0,"player_choice":"Bought 1 Potion","damage_taken":0,"max_hp_gain":0,"max_hp_loss":0,"event_name":"The Woman in Blue","floor":13,"gold_loss":0},{"damage_healed":0,"gold_gain":99,"player_choice":"Stole From Cult","damage_taken":0,"max_hp_gain":0,"max_hp_loss":0,"event_name":"Nest","floor":20,"gold_loss":0},{"damage_healed":0,"gold_gain":0,"player_choice":"Fight","damage_taken":0,"max_hp_gain":0,"max_hp_loss":0,"event_name":"Colosseum","floor":29,"gold_loss":0},{"damage_healed":0,"gold_gain":0,"player_choice":"Fled From Nobs","damage_taken":0,"max_hp_gain":0,"max_hp_loss":0,"event_name":"Colosseum","floor":29,"gold_loss":0},{"damage_healed":0,"gold_gain":0,"player_choice":"Fought Nobs","damage_taken":0,"max_hp_gain":0,"max_hp_loss":0,"event_name":"Colosseum","floor":29,"gold_loss":0},{"damage_healed":0,"gold_gain":0,"player_choice":"Simplicity","damage_taken":0,"max_hp_gain":0,"max_hp_loss":0,"event_name":"Back to Basics","floor":30,"gold_loss":0,"cards_upgraded":["Strike_G","Strike_G","Defend_G","Defend_G","Defend_G","Defend_G","Defend_G"]},{"damage_healed":0,"gold_gain":0,"player_choice":"Smashed Altar","damage_taken":0,"max_hp_gain":0,"max_hp_loss":0,"event_name":"Forgotten Altar","floor":31,"gold_loss":0,"cards_obtained":["Decay"]}],"is_beta":false,"boss_relics":[{"not_picked":["HoveringKite","Runic Pyramid"],"picked":"Ring of the Serpent"}],"items_purged_floors":[22,25],"is_endless":false,"potions_floor_spawned":[1,3,14,16,19,21,28,29],"killed_by":"Champ","ascension_level":10}}