{"host":"ij84le5dz5iaw1mq","time":1610550892,"event":{"mods":["AchievementEnabler","BaseMod","Better Altar","Better Match","Better Note","Better Sensory Stone","Better Skull","Better Third Choice","BetterRewards","Colored Map","Colored Powertips","DeckTracker","Downfall","Hermit","Hubris","Infinite Spire","Minty Spire (QoL Compilation)","Permanent Neow","Quick Restart","Rare Cards Sparkle","Replay The Spire","Shop Mod","StSLib","The Cursed","The Disciple","The Elementalist","The Runesmith","The Spell Scribe"],"gold_per_floor":[114,133,133,145,156,156,176,226,226,226,241,267,267,297,297,405,505,521,550,4018,4018,4038,4038,4049,4049,4074,4107,4105,4105,4139,4152,4152,4251,4251,4261,4261,4275,4292,4292,4321,4321,4398,4398,4398,4398,4430,4430,4005,4005,4005],"floor_reached":51,"language":"ENG","playtime":4674,"items_purged":["Runesmith:Strike_RS","Runesmith:Strike_RS","Runesmith:Strike_RS","Runesmith:Strike_RS","Runesmith:Defend_RS","Runesmith:Defend_RS","Runesmith:Defend_RS","Runesmith:Defend_RS","Runesmith:CraftFirestone","Runesmith:LastStand","Runesmith:HammerThrow","Runesmith:RuneHurl","Runesmith:OneForEveryone","Runesmith:ArcReactor","Decay"],"score":1620,"play_id":"337298c6-72be-4047-b058-92c130fa05a9","local_time":"20210113101452","is_ascension_mode":false,"campfire_choices":[{"data":"Runesmith:LithiumIon","floor":6,"key":"SMITH"},{"data":"Runesmith:Firestorm","floor":6,"key":"SMITH"},{"data":"Runesmith:LithiumIon","floor":13,"key":"SMITH"},{"data":"Runesmith:Supernova","floor":13,"key":"SMITH"},{"data":"Runesmith:Fortify","floor":15,"key":"SMITH"},{"data":"Runesmith:ElementalConversion","floor":15,"key":"SMITH"},{"data":"Runesmith:Supernova","floor":23,"key":"SMITH"},{"data":"Runesmith:Fortify","floor":23,"key":"SMITH"},{"data":"Runesmith:Terraform","floor":25,"key":"SMITH"},{"data":"Runesmith:LithiumIon","floor":25,"key":"SMITH"},{"data":"Runesmith:Prism","floor":29,"key":"SMITH"},{"data":"Runesmith:PerfectChisel","floor":29,"key":"SMITH"},{"data":"Runesmith:CraftMagma","floor":32,"key":"SMITH"},{"data":"Runesmith:CraftMagma","floor":32,"key":"SMITH"},{"data":"Runesmith:CraftProtectio","floor":41,"key":"SMITH"},{"data":"Runesmith:CraftProtectio","floor":41,"key":"SMITH"},{"data":"Runesmith:CraftIncendium","floor":45,"key":"SMITH"},{"data":"Runesmith:CraftIndustria","floor":45,"key":"SMITH"},{"data":"Runesmith:EarthShield","floor":47,"key":"SMITH"},{"data":"Runesmith:EarthShield","floor":47,"key":"SMITH"},{"floor":49,"key":"DIG"}],"circlet_count":0,"master_deck":["Runesmith:Fortify+1","Runesmith:CraftMagma+1","Runesmith:CraftProtectio+1","Runesmith:ChiselStab","Runesmith:FrozenChisel+1","Runesmith:CraftMagma+1","Runesmith:Permafrost+1","Runesmith:ChiselStab","Runesmith:LithiumIon+1","Runesmith:CraftSpiculum","Runesmith:CraftMagma+1","Runesmith:EnergizedChisel","Runesmith:CraftPrismatica+1","Runesmith:EarthShield+1","Runesmith:Firestorm+1","Runesmith:EarthShield+1","Runesmith:CraftProtectio+1","Runesmith:EnergizedChisel","Runesmith:Terraform+1","Runesmith:RuneHurl","Runesmith:RuneHurl","Runesmith:LithiumIon+1","Runesmith:ElementalConversion+1","Runesmith:EarthShield+1","Runesmith:Terraform+1","Runesmith:UnlimitedPower+1","Runesmith:EnergizedChisel","Runesmith:EarthShield","Runesmith:EarthShield","Runesmith:Supernova+1","Runesmith:HeatedChisel","Runesmith:HeatedChisel","Runesmith:Fortify+1","Runesmith:CraftIncendium+1","Runesmith:PerfectChisel+1","Runesmith:Supernova+1","Runesmith:CraftIndustria+1","Runesmith:Prism+1","Runesmith:LithiumIon+1"],"relics":["Runesmith:BrokenRuby","TheAbacus","Runesmith:AutoHammer","MerchantsRug","hubris:FunFungus","Runesmith:MiniCore","Happy Flower","Mercury Hourglass","Lizard Tail","infinitespire:Joker Card","infinitespire:Beetle Shell","Thread and Needle","hubris:MysteriousPyramids","Replay:Arrowhead","Pondfish Scales","StoneCalendar","Runesmith:Nanobots","Bird Faced Urn","Lantern","Bag of Marbles","ReplayFunnel","Pantograph","Mummified Hand","Replay:Wanted Poster","Blood Vial","Bottled Flame","Bottled Lightning","Replay:Rubber Ducky"],"acts_visited":["Exordium","TheCity","TheBeyond"],"potions_floor_usage":[18,50],"damage_taken":[{"damage":0,"enemies":"2 Louse","floor":1,"turns":2},{"damage":0,"enemies":"Cultist","floor":2,"turns":4},{"damage":4,"enemies":"infinitespire:Voidling","floor":4,"turns":3},{"damage":0,"enemies":"Large Slime","floor":5,"turns":3},{"damage":0,"enemies":"2 Fungi Beasts","floor":7,"turns":2},{"damage":0,"enemies":"Gremlin Gang","floor":11,"turns":3},{"damage":0,"enemies":"3 Sentries","floor":12,"turns":2},{"damage":0,"enemies":"Exordium Thugs","floor":14,"turns":3},{"damage":0,"enemies":"Hexaghost","floor":16,"turns":4},{"damage":0,"enemies":"2 Thieves","floor":18,"turns":3},{"damage":0,"enemies":"Chosen","floor":19,"turns":4},{"damage":0,"enemies":"Snake Plant","floor":22,"turns":3},{"damage":0,"enemies":"Chosen and Byrds","floor":24,"turns":5},{"damage":0,"enemies":"Replay:Snechameleon","floor":27,"turns":5},{"damage":0,"enemies":"Slavers","floor":30,"turns":4},{"damage":0,"enemies":"3 Cultists","floor":31,"turns":5},{"damage":2,"enemies":"Pondfish","floor":33,"turns":7},{"damage":0,"enemies":"Orb Walker","floor":35,"turns":4},{"damage":0,"enemies":"3 Darklings","floor":37,"turns":2},{"damage":0,"enemies":"Jaw Worm Horde","floor":38,"turns":4},{"damage":0,"enemies":"Reptomancer","floor":40,"turns":6},{"damage":0,"enemies":"Nemesis","floor":46,"turns":5},{"damage":0,"enemies":"infinitespire:MassOfShapes","floor":50,"turns":8}],"seed_played":"-3641914431463606140","potions_obtained":[{"floor":1,"key":"PowerPotion"},{"floor":12,"key":"Guardian:BlockOnCardUsePotion"},{"floor":22,"key":"Energy Potion"}],"is_trial":false,"path_per_floor":["M","M","?","M","M","R","M","?","T","?","M","E","R","M","R","B",null,"M","M","$","?","M","R","M","R","T","E","$","R","E","M","R","B",null,"M","?","M","M","?","E","R","T","T","?","R","E","R","$","R_BF","B",null],"character_chosen":"RUNESMITH_CLASS","items_purchased":["PowerPotion","Doom Potion","infinitespire:Broken Mirror","TheAbacus","Runesmith:CraftMagma","Runesmith:CraftProtectio","Runesmith:ChiselStab","Runesmith:FrozenChisel+1","Runesmith:CraftMagma","Runesmith:Permafrost","Runesmith:AutoHammer","MerchantsRug","Runesmith:ChiselStab","Runesmith:LithiumIon","Runesmith:CraftSpiculum","Runesmith:OneForEveryone","Runesmith:CraftMagma","Runesmith:EnergizedChisel","Runesmith:CraftPrismatica","hubris:FunFungus","Runesmith:EarthShield","Runesmith:MiniCore","Happy Flower","Runesmith:Firestorm","Orrery","Runesmith:Terraform+1","Runesmith:RuneHurl","Mercury Hourglass","Lizard Tail","Runesmith:RuneHurl","Runesmith:LithiumIon","Runesmith:ElementalConversion","infinitespire:Joker Card","Runesmith:EarthShield","Runesmith:Terraform","Runesmith:UnlimitedPower","Runesmith:RuneHurl","Lee\u0027s Waffle","Runesmith:EnergizedChisel","infinitespire:Beetle Shell","Runesmith:EarthShield","Potion Belt","FairyPotion","Guide Book","Strawberry","CaptainsWheel","hubris:MysteriousPyramids","Replay:Arrowhead","Runesmith:EarthShield","War Paint","StoneCalendar","Runesmith:Nanobots","Runesmith:Supernova","Mango","Lantern","Runesmith:ArcReactor","Bag of Marbles","ReplayFunnel","Runesmith:HeatedChisel","Runesmith:HeatedChisel","DollysMirror","Toxic Egg 2","Pantograph","hexamod:EctoCoolerPotion","EntropicBrew"],"campfire_rested":0,"item_purchase_floors":[0,0,0,0,0,0,0,0,0,0,0,0,0,0,0,0,0,0,0,0,0,0,0,0,0,0,0,0,0,0,0,0,0,0,0,0,0,0,0,0,0,0,0,0,0,0,0,0,0,0,0,0,0,0,0,0,0,0,0,0,0,0,0,20,28],"current_hp_per_floor":[98,98,98,98,98,98,98,98,98,98,98,98,98,98,98,98,98,98,98,98,73,91,91,98,98,98,98,98,98,98,98,98,98,98,98,98,98,98,98,98,98,98,98,98,98,98,98,98,98,98],"gold":4005,"neow_bonus":"","is_daily":false,"chose_seed":false,"campfire_upgraded":20,"win_rate":0.0,"timestamp":1610550892,"path_taken":["M","M","?","?","?","R","M","?","T","?","M","E","R","M","R","BOSS","M","?","$","?","M","R","M","R","T","E","?","R","E","M","R","BOSS","M","?","M","M","?","E","R","?","T","?","R","E","R","$","R_BF","BOSS"],"items_purchased_type":["Potion","Potion","Relic","Relic","Card","Card","Card","Card","Card","Card","Relic","Relic","Card","Card","Card","Card","Card","Card","Card","Relic","Card","Relic","Relic","Card","Relic","Card","Card","Relic","Relic","Card","Card","Card","Relic","Card","Card","Card","Card","Relic","Card","Relic","Card","Relic","Potion","Relic","Relic","Relic","Relic","Relic","Card","Relic","Relic","Relic","Card","Relic","Relic","Card","Relic","Relic","Card","Card","Relic","Relic","Relic","Potion","Potion"],"build_version":"2020-12-22","purchased_purges":15,"victory":true,"max_hp_per_floor":[98,98,98,98,98,98,98,98,98,98,98,98,98,98,98,98,98,98,98,98,98,98,98,98,98,98,98,98,98,98,98,98,98,98,98,98,98,98,98,98,98,98,98,98,98,98,98,98,98,98],"card_choices":[{"not_picked":["Runesmith:PoweredAnvil","Runesmith:HeatedChisel"],"picked":"Runesmith:EarthShield","floor":0},{"not_picked":["Runesmith:Accelerate","Runesmith:ReplicatingBarrier"],"picked":"Runesmith:CraftProtectio","floor":0},{"not_picked":["Runesmith:UnstableHammer","Runesmith:CraftMedicinae"],"picked":"Runesmith:EnergizedChisel","floor":0},{"not_picked":["Runesmith:Attraction","Runesmith:GrandSlam"],"picked":"Runesmith:HammerThrow","floor":0},{"not_picked":["Runesmith:UnstableHammer","Runesmith:ShiftingStrike"],"picked":"Runesmith:LastStand","floor":0},{"not_picked":["Runesmith:RuneHurl","Runesmith:EnergizedChisel","Runesmith:Firestorm"],"picked":"SKIP","floor":1},{"not_picked":["Runesmith:Grindstone","Runesmith:EarthShield"],"picked":"Runesmith:CraftIncendium","floor":2},{"not_picked":["Runesmith:ChiselStab","Runesmith:Grindstone"],"picked":"Runesmith:PerfectChisel","floor":4},{"not_picked":["Runesmith:UnstableHammer","Runesmith:ElementalConversion"],"picked":"Runesmith:Supernova","floor":5},{"not_picked":["Runesmith:NegativeSpace","Runesmith:HeatExchange","Runesmith:MakeshiftArmor"],"picked":"SKIP","floor":7},{"not_picked":["Runesmith:WhiteBalance","Runesmith:ChargedHammer","Runesmith:HammerThrow"],"picked":"SKIP","floor":11},{"not_picked":["Runesmith:Malloc","Runesmith:Repurpose","Runesmith:CraftSpiculum"],"picked":"SKIP","floor":12},{"not_picked":["Runesmith:BackupBattery","Runesmith:StaticCage","Runesmith:HammerThrow"],"picked":"SKIP","floor":14},{"not_picked":["Runesmith:ArcReactor","Runesmith:MetallurgicalResearch"],"picked":"Runesmith:CraftIndustria","floor":16},{"not_picked":["Runesmith:HeatExchange+1","Runesmith:ChiselStab+1","Runesmith:ShiftingStrike"],"picked":"SKIP","floor":18},{"not_picked":["Runesmith:CraftMagma","Runesmith:CraftProtectio"],"picked":"Runesmith:Prism","floor":19},{"not_picked":["Runesmith:Grindstone+1","Runesmith:HeatExchange","Runesmith:HeatedChisel"],"picked":"SKIP","floor":22},{"not_picked":["Runesmith:ShiftingStrike","Runesmith:ElementalConversion+1"],"picked":"Runesmith:LithiumIon","floor":24},{"not_picked":["Runesmith:EnergizedChisel","Runesmith:ChiselStab","Runesmith:ElementalConversion"],"picked":"SKIP","floor":27},{"not_picked":["Runesmith:HeatExchange","Runesmith:EnergizedChisel","Runesmith:Terraform"],"picked":"SKIP","floor":30},{"not_picked":["Runesmith:Overpower","Runesmith:HammerThrow+1","Runesmith:CraftVitae"],"picked":"SKIP","floor":31},{"not_picked":["Runesmith:RuneHurl+1","Runesmith:UnstableHammer","Runesmith:Refine"],"picked":"SKIP","floor":35},{"not_picked":["Runesmith:DoubleUp","Runesmith:Overpower+1","Runesmith:Repurpose"],"picked":"SKIP","floor":37},{"not_picked":["Runesmith:RuneHurl","Runesmith:CraftPrismatica","Runesmith:Superposition"],"picked":"SKIP","floor":38},{"not_picked":["Runesmith:HammerAndChisel+1","Runesmith:Grindstone+1","Runesmith:HeatExchange+1"],"picked":"SKIP","floor":40},{"not_picked":["Runesmith:CraftProtectio","Runesmith:HammerThrow+1","Runesmith:EarthShield"],"picked":"SKIP","floor":46}],"player_experience":149150,"relics_obtained":[{"floor":9,"key":"Mummified Hand"},{"floor":12,"key":"Replay:Bandana"},{"floor":40,"key":"Bottled Flame"},{"floor":43,"key":"Bottled Lightning"},{"floor":46,"key":"Replay:Rubber Ducky"}],"event_choices":[{"damage_healed":0,"gold_gain":0,"player_choice":"Ignored","damage_taken":0,"max_hp_gain":0,"max_hp_loss":0,"event_name":"betterNote:BetterNote","floor":3,"gold_loss":0,"cards_obtained":["Strike_R"]},{"damage_healed":0,"gold_gain":0,"player_choice":"Forge","damage_taken":0,"max_hp_gain":0,"max_hp_loss":0,"event_name":"Accursed Blacksmith","floor":10,"gold_loss":0,"cards_upgraded":["Runesmith:Permafrost"]},{"damage_healed":0,"gold_gain":0,"player_choice":" Vial ","damage_taken":25,"relics_obtained":["Blood Vial"],"max_hp_gain":98,"max_hp_loss":73,"event_name":"betterAltar:BetterAltar","floor":21,"potions_obtained":[],"relics_lost":[],"gold_loss":0},{"damage_healed":0,"gold_gain":0,"player_choice":"Cursed","damage_taken":0,"max_hp_gain":0,"max_hp_loss":0,"event_name":"Wheel of Change","floor":44,"gold_loss":0,"cards_obtained":["Decay"]}],"is_beta":false,"boss_relics":[{"not_picked":["ChewingGum","hubris:BlackHole"],"picked":"Replay:Wanted Poster"},{"not_picked":["Black Star","hubris:ScarierMask","Runesmith:PocketReactor"]}],"items_purged_floors":[0,0,0,0,0,0,0,0,0,0,0,0,0,20,48],"is_endless":false,"potions_floor_spawned":[1,7,12,14,22,27,35,46],"ascension_level":0}}