{"host":"hbwa3kjetxrogfq8","time":1610561209,"event":{"mods":["AchievementEnabler","BaseMod","Block Reminder","Colored Map","Colored Powertips","Dark Map","Highlight Path","Minty Spire (QoL Compilation)","Rare Cards Sparkle","Relic Stats","StSLib","Synergy Search"],"gold_per_floor":[118,132,151,170,190,190,208,208,289,322,5,5,5,20,20,124,124,142,161,176,77,88,88,115,115,161,161,161,172,172,44,44,44,44],"floor_reached":33,"language":"ENG","playtime":3343,"items_purged":["Strike_G"],"score":363,"play_id":"5b4d436a-773c-45b0-8549-581a6b7f7f44","local_time":"20210113190649","is_ascension_mode":true,"campfire_choices":[{"data":"Neutralize","floor":6.0,"key":"SMITH"},{"floor":8.0,"key":"REST"},{"data":"Terror","floor":12.0,"key":"SMITH"},{"data":"Calculated Gamble","floor":15.0,"key":"SMITH"},{"floor":23.0,"key":"REST"},{"floor":25.0,"key":"REST"},{"data":"Glass Knife","floor":27.0,"key":"SMITH"},{"floor":32.0,"key":"REST"}],"circlet_count":0,"master_deck":["Strike_G","Strike_G","Strike_G","Strike_G","Defend_G","Defend_G","Defend_G","Defend_G","Defend_G","Survivor","Neutralize+1","Underhanded Strike","Leg Sweep","Terror+1","Backflip","Dagger Throw","Dagger Spray","Expertise","Calculated Gamble+1","Glass Knife+1","Sucker Punch","Caltrops+1","Dodge and Roll","Noxious Fumes","Poisoned Stab","Dagger Spray","Dash+1","Pain","Quick Slash","Flying Knee"],"relics":["SlaversCollar","Darkstone Periapt","Question Card","Ninja Scroll","Cursed Key","Dead Branch","MealTicket","MutagenicStrength","Nilry\u0027s Codex"],"acts_visited":["TheCity"],"potions_floor_usage":[33,33],"damage_taken":[{"damage":0.0,"enemies":"2 Louse","floor":1.0,"turns":4.0},{"damage":2.0,"enemies":"Cultist","floor":2.0,"turns":4.0},{"damage":1.0,"enemies":"Jaw Worm","floor":3.0,"turns":5.0},{"damage":15.0,"enemies":"3 Louse","floor":4.0,"turns":5.0},{"damage":0.0,"enemies":"2 Fungi Beasts","floor":5.0,"turns":7.0},{"damage":0.0,"enemies":"Blue Slaver","floor":7.0,"turns":7.0},{"damage":17.0,"enemies":"Gremlin Nob","floor":10.0,"turns":4.0},{"damage":10.0,"enemies":"3 Louse","floor":14.0,"turns":6.0},{"damage":10.0,"enemies":"The Guardian","floor":16.0,"turns":16.0},{"damage":0.0,"enemies":"Chosen","floor":18.0,"turns":4.0},{"damage":5.0,"enemies":"2 Thieves","floor":19.0,"turns":3.0},{"damage":18.0,"enemies":"Shelled Parasite and Fungi","floor":20.0,"turns":7.0},{"damage":18.0,"enemies":"Snake Plant","floor":22.0,"turns":4.0},{"damage":20.0,"enemies":"Gremlin Leader","floor":24.0,"turns":5.0},{"damage":5.0,"enemies":"Centurion and Healer","floor":29.0,"turns":3.0},{"damage":86,"enemies":"Collector","floor":33,"turns":6}],"seed_played":"7076538902335164183","potions_obtained":[{"floor":2.0,"key":"Ancient Potion"},{"floor":7.0,"key":"CunningPotion"},{"floor":10.0,"key":"SpeedPotion"},{"floor":13.0,"key":"EntropicBrew"},{"floor":13.0,"key":"Regen Potion"},{"floor":29.0,"key":"AttackPotion"}],"is_trial":false,"path_per_floor":["M","M","M","M","M","R","M","R","T","E","$","R","?","M","R","B",null,"M","M","M","$","M","R","E","R","T","R","?","M","?","$","R","B"],"character_chosen":"THE_SILENT","items_purchased":["Ninja Scroll","Expertise","Noxious Fumes","Poisoned Stab","Flying Knee"],"campfire_rested":4,"item_purchase_floors":[11,11,21,21,31],"current_hp_per_floor":[63,61,60,45,45,45,45,66,66,49,49,49,49,54,54,44,64,64,59,41,41,23,44,24,45,51,51,51,46,30,45,67,0,0],"gold":44,"neow_bonus":"BOSS_RELIC","is_daily":false,"chose_seed":false,"campfire_upgraded":4,"win_rate":0.0,"timestamp":1610561209,"path_taken":["M","M","M","M","M","R","M","R","T","E","$","R","?","M","R","BOSS","M","M","M","?","?","R","E","R","T","R","?","M","?","$","R","BOSS"],"items_purchased_type":["Relic","Card","Card","Card","Card"],"build_version":"2020-12-22","purchased_purges":1,"victory":false,"max_hp_per_floor":[70,70,70,70,70,70,70,70,70,70,70,70,70,70,70,70,70,70,70,70,70,70,70,70,70,76,76,76,76,76,76,76,76,76],"relic_stats":{"Darkstone Periapt":6,"counters":[16,90],"Dead Branch":[9],"MealTicket":15,"Question Card":8,"Cursed Key":1,"obtain_stats":[{"Darkstone Periapt":9,"SlaversCollar":0,"Ninja Scroll":11,"Nilry\u0027s Codex":30,"Dead Branch":24,"MutagenicStrength":28,"MealTicket":26,"Question Card":10,"Cursed Key":17,"Ring of the Snake":0},{"Darkstone Periapt":6,"SlaversCollar":0,"Ninja Scroll":7,"Nilry\u0027s Codex":15,"Dead Branch":14,"MutagenicStrength":14,"MealTicket":14,"Question Card":7,"Cursed Key":9,"Ring of the Snake":0},{"Darkstone Periapt":32,"SlaversCollar":0,"Ninja Scroll":36,"Nilry\u0027s Codex":84,"Dead Branch":81,"MutagenicStrength":81,"MealTicket":81,"Question Card":36,"Cursed Key":58,"Ring of the Snake":0}]},"card_choices":[{"not_picked":["Dodge and Roll","Outmaneuver"],"picked":"Underhanded Strike","floor":1.0},{"not_picked":["Dagger Throw","Endless Agony"],"picked":"Leg Sweep","floor":2.0},{"not_picked":["Underhanded Strike","Acrobatics"],"picked":"Terror","floor":3.0},{"not_picked":["Eviscerate","Dodge and Roll"],"picked":"Backflip","floor":4.0},{"not_picked":["Predator","Underhanded Strike","PiercingWail"],"picked":"SKIP","floor":5.0},{"not_picked":["Cloak And Dagger","Underhanded Strike"],"picked":"Dagger Throw","floor":7.0},{"not_picked":["Sucker Punch","Wraith Form v2"],"picked":"Dagger Spray","floor":10.0},{"not_picked":["Footwork","Deadly Poison","Leg Sweep"],"picked":"Calculated Gamble","floor":14.0},{"not_picked":["Burst","Phantasmal Killer","Doppelganger"],"picked":"Glass Knife","floor":16.0},{"not_picked":["Bane+1","Dagger Throw+1","Finisher"],"picked":"Sucker Punch","floor":18.0},{"not_picked":["Backflip","Dagger Throw","Concentrate"],"picked":"Caltrops+1","floor":19.0},{"not_picked":["Dagger Spray+1","Sucker Punch+1","PiercingWail+1"],"picked":"Dodge and Roll","floor":20.0},{"not_picked":["Bouncing Flask","Glass Knife","Expertise+1"],"picked":"Dagger Spray","floor":22.0},{"not_picked":["Bouncing Flask+1","Bane+1","Flechettes+1"],"picked":"Dash+1","floor":24.0},{"not_picked":["Dash","Dodge and Roll+1","Distraction"],"picked":"Quick Slash","floor":29.0}],"player_experience":633658,"relics_obtained":[{"floor":9.0,"key":"Darkstone Periapt"},{"floor":10.0,"key":"Question Card"},{"floor":24.0,"key":"Dead Branch"},{"floor":26.0,"key":"MealTicket"},{"floor":30.0,"key":"Nilry\u0027s Codex"}],"event_choices":[{"damage_healed":0.0,"max_hp_gain":0.0,"max_hp_loss":0.0,"gold_gain":0.0,"event_name":"Lab","player_choice":"Got Potions","floor":13.0,"gold_loss":0.0,"damage_taken":0.0},{"damage_healed":0.0,"max_hp_gain":0.0,"max_hp_loss":0.0,"gold_gain":0.0,"event_name":"Drug Dealer","player_choice":"Inject Mutagens","floor":28.0,"gold_loss":0.0,"damage_taken":0.0,"relics_obtained":["MutagenicStrength"]},{"damage_healed":0.0,"max_hp_gain":0.0,"max_hp_loss":0.0,"gold_gain":0.0,"event_name":"Cursed Tome","player_choice":"Obtained Book","floor":30.0,"gold_loss":0.0,"damage_taken":16.0}],"is_beta":false,"boss_relics":[{"not_picked":["Astrolabe","Tiny House"],"picked":"Cursed Key"}],"items_purged_floors":[31],"is_endless":false,"potions_floor_spawned":[2,7,10,16,29],"killed_by":"Collector","ascension_level":7}}