{"host":"65jin1tlag1hqw3w","time":1610510902,"event":{"mods":["BaseMod","Colored Map","Downfall","Hermit","Minty Spire (QoL Compilation)","StSLib","The Cursed"],"gold_per_floor":[109,128,145,155,155,186,203,203,255,281,295,295,106,126,126,231,231,246,258,277,289,289,316,316,316,316,316,12,12,12,45,45,146,146,161,178,178,78,128,128,155,155,200,129,143,154,154,173,173,173,173],"floor_reached":50,"language":"ENG","playtime":2721,"items_purged":["Bash","Dual Wield"],"score":825,"play_id":"a8869fb1-b608-4110-b6f0-4f1285f92936","local_time":"20210112220822","is_ascension_mode":true,"campfire_choices":[{"data":"Metamorphosis","floor":8,"key":"SMITH"},{"data":"Offering","floor":12,"key":"SMITH"},{"data":"Perfected Strike","floor":15,"key":"SMITH"},{"floor":24,"key":"REST"},{"floor":27,"key":"RECALL"},{"data":"Demon Form","floor":32,"key":"SMITH"},{"data":"Perfected Strike","floor":40,"key":"SMITH"},{"data":"Perfected Strike","floor":42,"key":"SMITH"},{"data":"Perfected Strike","floor":47,"key":"SMITH"},{"floor":49,"key":"REST"}],"circlet_count":0,"master_deck":["Strike_R+1","Strike_R+1","Strike_R+1","Strike_R+1","Strike_R+1","Defend_R+1","Defend_R+1","Defend_R+1","Defend_R+1","Metamorphosis+1","Battle Trance","Metallicize","Shockwave","Perfected Strike+1","Offering+1","Perfected Strike+1","Ghostly Armor","Inflame","Demon Form+1","Battle Trance","Shrug It Off+1","Impervious","Reaper","Perfected Strike+1","Perfected Strike+1","Limit Break","Perfected Strike+1"],"relics":["Black Blood","Akabeko","Boot","StrikeDummy","Sozu","Blood Vial","Matryoshka","Incense Burner","Red Mask","StoneCalendar","Girya","Nunchaku"],"acts_visited":["Exordium","TheCity","TheBeyond"],"potions_floor_usage":[2,4,14,16,16,18,23],"damage_taken":[{"damage":0,"enemies":"Small Slimes","floor":1,"turns":3},{"damage":8,"enemies":"2 Louse","floor":2,"turns":2},{"damage":5,"enemies":"Jaw Worm","floor":3,"turns":5},{"damage":7,"enemies":"Exordium Thugs","floor":4,"turns":5},{"damage":21,"enemies":"Gremlin Nob","floor":6,"turns":4},{"damage":22,"enemies":"Large Slime","floor":7,"turns":6},{"damage":23,"enemies":"Lagavulin","floor":10,"turns":5},{"damage":0,"enemies":"Exordium Wildlife","floor":11,"turns":2},{"damage":11,"enemies":"Lots of Slimes","floor":14,"turns":6},{"damage":8,"enemies":"Slime Boss","floor":16,"turns":4},{"damage":13,"enemies":"Shell Parasite","floor":18,"turns":3},{"damage":8,"enemies":"Chosen","floor":19,"turns":3},{"damage":29,"enemies":"Shelled Parasite and Fungi","floor":20,"turns":4},{"damage":6,"enemies":"3 Cultists","floor":21,"turns":3},{"damage":11,"enemies":"Book of Stabbing","floor":23,"turns":3},{"damage":29,"enemies":"Masked Bandits","floor":31,"turns":4},{"damage":43,"enemies":"Automaton","floor":33,"turns":9},{"damage":14,"enemies":"Orb Walker","floor":35,"turns":4},{"damage":26,"enemies":"3 Darklings","floor":36,"turns":4},{"damage":31,"enemies":"Mind Bloom Boss Battle","floor":39,"turns":6},{"damage":36,"enemies":"Reptomancer","floor":41,"turns":7},{"damage":18,"enemies":"Spire Growth","floor":45,"turns":5},{"damage":11,"enemies":"4 Shapes","floor":46,"turns":7},{"damage":25,"enemies":"Writhing Mass","floor":48,"turns":5},{"damage":97,"enemies":"Awakened One","floor":50,"turns":10}],"seed_played":"-6401513424839566497","potions_obtained":[{"floor":1,"key":"sneckomod:MuddlingPotion"},{"floor":2,"key":"BloodPotion"},{"floor":3,"key":"DistilledChaos"},{"floor":10,"key":"ColorlessPotion"},{"floor":14,"key":"EssenceOfSteel"},{"floor":16,"key":"Block Potion"}],"is_trial":false,"path_per_floor":["M","M","M","M","?","E","M","R","T","E","M","R","$","M","R","B",null,"M","M","M","M","?","E","R","?","T","R","$","?","?","?","R","B",null,"M","M","?","$","?","R","E","R","T","$","M","M","R","M","R","B"],"character_chosen":"IRONCLAD","items_purchased":["Ghostly Armor","Regen Potion","Incense Burner","Limit Break"],"campfire_rested":2,"item_purchase_floors":[13,13,28,44],"current_hp_per_floor":[57,71,72,71,76,61,45,45,45,28,34,34,34,44,44,42,74,67,65,42,42,26,21,48,48,48,48,48,78,78,57,57,22,73,73,73,73,73,62,62,58,58,58,58,54,69,69,58,85,0,0],"gold":173,"neow_bonus":"RANDOM_COLORLESS_2","is_daily":false,"chose_seed":false,"campfire_upgraded":7,"win_rate":0.0,"timestamp":1610510902,"path_taken":["M","M","M","M","?","E","M","R","T","E","M","R","$","M","R","BOSS","M","M","M","M","?","E","R","?","T","R","$","?","?","?","R","BOSS","M","M","?","?","?","R","E","R","T","$","M","M","R","?","R","BOSS"],"items_purchased_type":["Card","Potion","Relic","Card"],"build_version":"2020-12-22","purchased_purges":2,"victory":false,"max_hp_per_floor":[80,80,80,80,85,85,85,85,85,85,85,85,85,85,85,85,85,85,85,85,85,90,90,90,90,90,90,90,90,90,90,90,90,90,90,90,90,90,90,90,90,90,90,90,90,90,90,90,90,90,90],"card_choices":[{"not_picked":["The Bomb","Secret Weapon"],"picked":"Metamorphosis","floor":0},{"not_picked":["True Grit","Rage"],"picked":"Battle Trance","floor":1},{"not_picked":["Flex","Heavy Blade"],"picked":"Metallicize","floor":2},{"not_picked":["True Grit","Reckless Charge"],"picked":"Shockwave","floor":3},{"not_picked":["Warcry","Blood for Blood"],"picked":"Dual Wield","floor":4},{"not_picked":["Whirlwind","Dual Wield"],"picked":"Perfected Strike","floor":6},{"not_picked":["Blood for Blood","Wild Strike","True Grit"],"picked":"SKIP","floor":7},{"not_picked":["Sword Boomerang","Wild Strike"],"picked":"Offering","floor":10},{"not_picked":["Clothesline","Armaments"],"picked":"Perfected Strike","floor":11},{"not_picked":["Flex","Headbutt"],"picked":"Inflame","floor":14},{"not_picked":["Bludgeon","Berserk"],"picked":"Demon Form","floor":16},{"not_picked":["Cleave+1","Twin Strike"],"picked":"Battle Trance","floor":18},{"not_picked":["Heavy Blade","Cleave","Havoc"],"picked":"SKIP","floor":19},{"not_picked":["Searing Blow","Havoc"],"picked":"Shrug It Off+1","floor":20},{"not_picked":["True Grit","Rupture","Sword Boomerang"],"picked":"SKIP","floor":21},{"not_picked":["Shrug It Off","Clothesline+1","Iron Wave"],"picked":"SKIP","floor":23},{"not_picked":["Blood for Blood","Twin Strike+1"],"picked":"Impervious","floor":31},{"not_picked":["Berserk","Demon Form"],"picked":"Reaper","floor":33},{"not_picked":["Heavy Blade","Entrench","Headbutt"],"picked":"SKIP","floor":35},{"not_picked":["Pommel Strike+1","Rampage"],"picked":"Perfected Strike","floor":36},{"not_picked":["Havoc","Feel No Pain"],"picked":"Perfected Strike","floor":39},{"not_picked":["Inflame","Clash","Reckless Charge+1"],"picked":"SKIP","floor":41},{"not_picked":["Feel No Pain","Fiend Fire","Headbutt"],"picked":"SKIP","floor":45},{"not_picked":["Twin Strike+1","Headbutt+1","Body Slam"],"picked":"SKIP","floor":46},{"not_picked":["Havoc","Clash"],"picked":"Perfected Strike+1","floor":48}],"player_experience":323723,"relics_obtained":[{"floor":6,"key":"Akabeko"},{"floor":9,"key":"Boot"},{"floor":10,"key":"StrikeDummy"},{"floor":23,"key":"Blood Vial"},{"floor":26,"key":"Matryoshka"},{"floor":31,"key":"Red Mask"},{"floor":39,"key":"StoneCalendar"},{"floor":41,"key":"Girya"},{"floor":43,"key":"Nunchaku"}],"event_choices":[{"damage_healed":0,"gold_gain":0,"player_choice":"Donut","damage_taken":0,"max_hp_gain":5,"max_hp_loss":0,"event_name":"Big Fish","floor":5,"gold_loss":0},{"damage_healed":0,"gold_gain":0,"player_choice":"Shed Blood","damage_taken":21,"max_hp_gain":5,"max_hp_loss":0,"event_name":"Forgotten Altar","floor":22,"gold_loss":0},{"damage_healed":0,"gold_gain":0,"player_choice":"Simplicity","damage_taken":0,"max_hp_gain":0,"max_hp_loss":0,"event_name":"Back to Basics","floor":25,"gold_loss":0,"cards_upgraded":["Strike_R","Strike_R","Strike_R","Strike_R","Strike_R","Defend_R","Defend_R","Defend_R","Defend_R"]},{"damage_healed":30,"gold_gain":0,"player_choice":"Heal","damage_taken":0,"max_hp_gain":0,"max_hp_loss":0,"event_name":"The Library","floor":29,"gold_loss":0},{"damage_healed":0,"gold_gain":0,"player_choice":"Ignored","damage_taken":0,"max_hp_gain":0,"max_hp_loss":0,"event_name":"Vampires","floor":30,"gold_loss":0},{"damage_healed":0,"gold_gain":0,"player_choice":"Fought Bandits","damage_taken":0,"max_hp_gain":0,"max_hp_loss":0,"event_name":"Masked Bandits","floor":31,"gold_loss":0},{"damage_healed":0,"gold_gain":0,"player_choice":"Bought 0 Potions","damage_taken":0,"max_hp_gain":0,"max_hp_loss":0,"event_name":"The Woman in Blue","floor":37,"gold_loss":0},{"damage_healed":0,"gold_gain":0,"player_choice":"Fight","damage_taken":0,"max_hp_gain":0,"max_hp_loss":0,"event_name":"MindBloom","floor":39,"gold_loss":0}],"is_beta":false,"boss_relics":[{"not_picked":["Calling Bell","Fusion Hammer"],"picked":"Sozu"},{"not_picked":["Coffee Dripper","Black Star"],"picked":"Black Blood"}],"items_purged_floors":[13,38],"is_endless":false,"potions_floor_spawned":[1,2,3,10,14,16,18,19,23,31,33,41,48],"killed_by":"Awakened One","ascension_level":9}}