{"host":"95i1gxnztdrdyvhi","time":1610504920,"event":{"mods":["100% Spire Juice","AchievementEnabler","Act Like it!","BaseMod","Minty Spire (QoL Compilation)","Quick Restart","StSLib"],"gold_per_floor":[15,15,29,29,53,53,53,53],"floor_reached":7,"language":"ENG","playtime":333,"items_purged":[],"score":41,"play_id":"755f0051-86ba-46fe-9a52-4eeb483510e7","local_time":"20210113022840","is_ascension_mode":false,"campfire_choices":[{"data":"Moonworks:NicePresent","floor":6,"key":"SMITH"}],"circlet_count":0,"master_deck":["Moonworks:Strike","Moonworks:Strike","Moonworks:Defend","Moonworks:Defend","Moonworks:Defend","Moonworks:Defend","Moonworks:Ambush","Moonworks:LongDistanceShot","Moonworks:AwakeningOfTalent","Moonworks:NicePresent+1","Moonworks:TreasureThief","Moonworks:FullSpeedAlicianrone","Moonworks:ScrambledEve"],"relics":["Moonworks:BrokenBomb","Moonworks:Homemark","Golden Idol"],"acts_visited":["Exordium"],"potions_floor_usage":[],"damage_taken":[{"damage":0,"enemies":"Small Slimes","floor":1,"turns":4},{"damage":6,"enemies":"Jaw Worm","floor":3,"turns":3},{"damage":1,"enemies":"Cultist","floor":5,"turns":3},{"damage":36,"enemies":"Lagavulin","floor":7,"turns":7}],"seed_played":"-1809588735175085382","potions_obtained":[{"floor":1,"key":"Ancient Potion"}],"is_trial":false,"path_per_floor":["M","?","M","$","M","R","E"],"character_chosen":"THE_STARBREAKER","items_purchased":[],"campfire_rested":0,"item_purchase_floors":[],"current_hp_per_floor":[60,45,39,39,38,38,2,2],"gold":53,"neow_bonus":"TRANSFORM_TWO_CARDS","is_daily":false,"chose_seed":false,"campfire_upgraded":1,"win_rate":0.0,"timestamp":1610504920,"path_taken":["M","?","M","$","M","R","E"],"items_purchased_type":[],"build_version":"2020-12-22","purchased_purges":0,"victory":false,"max_hp_per_floor":[60,60,60,60,60,60,60,60],"card_choices":[{"not_picked":["Moonworks:Bloodlust","Moonworks:CloudOfSeagulls"],"picked":"Moonworks:TreasureThief","floor":1},{"not_picked":["Moonworks:LulusLuckyEgg","Moonworks:IndiscriminateFireSupport"],"picked":"Moonworks:FullSpeedAlicianrone","floor":3},{"not_picked":["Moonworks:SealedMemories","Moonworks:BeyondHell"],"picked":"Moonworks:ScrambledEve","floor":5}],"player_experience":638814,"relics_obtained":[],"event_choices":[{"damage_healed":0,"gold_gain":0,"player_choice":"Take Damage","damage_taken":15,"relics_obtained":["Golden Idol"],"max_hp_gain":0,"max_hp_loss":0,"event_name":"Golden Idol","floor":2,"gold_loss":0}],"is_beta":false,"boss_relics":[],"items_purged_floors":[],"is_endless":false,"potions_floor_spawned":[1],"killed_by":"Lagavulin","ascension_level":0}}