{"host":"laaugowj4oxtps61","time":1610571676,"event":{"mods":["2.2 Compatiblity","AchievementEnabler","Act Like it!","BaseMod","Better Third Choice","Conspire","Curses Come First","Downfall","Hubris","Hyrulean Relics","Infinite Spire","Minty Spire (QoL Compilation)","Nova Terra(??·??)","Pale of the Ancients","Prisma Mod","Rare Cards Sparkle","Replay The Spire","SOS???????","Small Relic Pack","StSLib","The Bug Knight","The Cursed","The Death Knight","The Exalted","The Kombatant","The Saiyan","The Servant 0.9.4","The Wild Card","TheHero","TheVelvet","vexMod"],"gold_per_floor":[113,20,20,35,35,66,66,66,92,104,104,104,104,114,114,114,114],"floor_reached":16,"language":"ENG","playtime":619,"items_purged":[],"score":98,"play_id":"150d7eb4-2b91-4997-905e-73d77148f353","local_time":"20210113150116","is_ascension_mode":false,"campfire_choices":[{"floor":11,"key":"REST"},{"floor":13,"key":"REST"},{"floor":15,"key":"RECALL"}],"circlet_count":0,"master_deck":["Strike_R","Strike_R","Strike_R","Strike_R+1","Strike_R","Defend_R","Defend_R","Defend_R","Bash","Inflame","Cleave+1","Sword Boomerang","Searing Blow","Twin Strike","Infernal Blade","Double Energy","Infernal Blade","Hemokinesis","Combust","Sword Boomerang"],"relics":["Burning Blood","Dream Catcher","infinitespire:PuzzleCube","relicPack:OneForAll"],"acts_visited":["Exordium"],"potions_floor_usage":[6,16],"damage_taken":[{"damage":13,"enemies":"Jaw Worm","floor":1,"turns":5},{"damage":1,"enemies":"Cultist","floor":4,"turns":3},{"damage":36,"enemies":"Lagavulin","floor":6,"turns":4},{"damage":0,"enemies":"Small Slimes","floor":10,"turns":2},{"damage":10,"enemies":"Exordium Thugs","floor":14,"turns":2},{"damage":77,"enemies":"The Guardian","floor":16,"turns":8}],"seed_played":"-6470964401297579962","potions_obtained":[{"floor":4,"key":"DistilledChaos"},{"floor":10,"key":"FearPotion"}],"is_trial":false,"path_per_floor":["M","$","?","M","$","E","?","$","T","M","R","?","R","M","R","B"],"character_chosen":"IRONCLAD","items_purchased":["Cleave+1","Sword Boomerang"],"campfire_rested":2,"item_purchase_floors":[2,2],"current_hp_per_floor":[73,73,73,78,78,48,39,39,39,45,69,69,80,76,76,0,0],"gold":114,"neow_bonus":"RANDOM_EVENT","is_daily":false,"chose_seed":false,"campfire_upgraded":0,"win_rate":0.0,"timestamp":1610571676,"path_taken":["M","$","?","?","$","E","?","?","T","M","R","?","R","M","R","BOSS"],"items_purchased_type":["Card","Card"],"build_version":"2020-12-22","purchased_purges":0,"victory":false,"max_hp_per_floor":[80,80,80,80,80,80,80,80,80,80,80,80,80,80,80,80,80],"card_choices":[{"not_picked":["ReplayReversal","Flex"],"picked":"Inflame","floor":1},{"not_picked":["Armaments","Cleave"],"picked":"Twin Strike","floor":4},{"not_picked":["ReplayTheSpireMod:Muscle Training","Bloodletting"],"picked":"Infernal Blade","floor":6},{"not_picked":["True Grit","Hemokinesis"],"picked":"Infernal Blade","floor":10},{"not_picked":["Shrug It Off","Headbutt"],"picked":"Hemokinesis","floor":11},{"not_picked":["Clash","Warcry"],"picked":"Combust","floor":13},{"not_picked":["ReplayTheSpireMod:Strike From Hell","True Grit"],"picked":"Sword Boomerang","floor":14}],"player_experience":488911,"relics_obtained":[{"floor":6,"key":"Dream Catcher"}],"event_choices":[{"damage_healed":0,"gold_gain":0,"cards_transformed":["Defend_R"],"player_choice":"Transformed","damage_taken":0,"max_hp_gain":0,"max_hp_loss":0,"event_name":"Transmorgrifier","floor":3,"gold_loss":0,"cards_obtained":["Searing Blow"]}],"is_beta":false,"boss_relics":[],"items_purged_floors":[],"is_endless":false,"potions_floor_spawned":[4,10],"killed_by":"The Guardian","ascension_level":0}}