{"host":"1fgbilnqahig8ycc","time":1610581348,"event":{"mods":["AchievementEnabler","Astrologer","BaseMod","Bestiary","BetterRewards","Clockwork Mod","Colored Map","Colored Powertips","Downfall","Energized Spire","Friendly Minions","Hermit","Hubris","Jorbs\u0027s Wanderer Trilogy","Minty Spire (QoL Compilation)","Quick Restart","Replay The Spire","StSLib","The Administrix","The Bug Knight","The Cursed","The Gatherer","The Marked","The Servant 0.9.4"],"gold_per_floor":[99,99,99,99,99,374,401,401,401,401,401,418,418,418,418],"floor_reached":13,"language":"ENG","playtime":357,"items_purged":[],"score":67,"play_id":"da87b5ed-8742-4db8-aec3-36c07e725d9f","local_time":"20210113154228","is_ascension_mode":false,"campfire_choices":[{"data":"hexamod:SoulSteal","floor":11,"key":"SMITH"}],"circlet_count":0,"master_deck":["hexamod:Strike","hexamod:Strike","hexamod:Strike","hexamod:Strike","hexamod:Defend","hexamod:Defend","hexamod:Defend","hexamod:Defend","hexamod:Sear","hexamod:Float","hexamod:SoulSteal+1","Regret","hexamod:ShieldOfDarkness","hexamod:NightmareGuise"],"relics":["downfall:HeartsMalice","hubris:Icosahedron","m_DevilBlood","hubris:OldNail"],"acts_visited":["Exordium"],"potions_floor_usage":[],"damage_taken":[{"damage":0,"enemies":"Cultist","floor":2,"turns":1},{"damage":0,"enemies":"Small Slimes","floor":4,"turns":1},{"damage":0,"enemies":"2 Louse","floor":8,"turns":1},{"damage":2,"enemies":"2 Fungi Beasts","floor":12,"turns":3},{"damage":31,"enemies":"3 Sentries","floor":13,"turns":5}],"seed_played":"7997265991634770708","potions_obtained":[{"floor":12,"key":"BlessingOfTheForge"}],"is_trial":false,"path_per_floor":["R_BF","M","?","M","?","?","T","M","PTL","PTL","R","M","E"],"character_chosen":"THE_SPIRIT","items_purchased":[],"campfire_rested":0,"item_purchase_floors":[],"current_hp_per_floor":[70,70,70,70,70,70,70,70,70,70,70,70,39,39,39],"gold":418,"neow_bonus":"THREE_ENEMY_KILL","is_daily":false,"chose_seed":false,"campfire_upgraded":1,"win_rate":0.0,"timestamp":1610581348,"path_taken":["R_BF","M","?","M","?","?","T","M","PTL","PTL","R","M","E"],"items_purchased_type":[],"build_version":"2020-12-22","purchased_purges":0,"victory":false,"max_hp_per_floor":[70,70,70,70,70,70,70,70,70,70,70,70,70,70,70],"card_choices":[{"not_picked":["hexamod:SpectralAdrenaline","hexamod:PhantomFireball"],"picked":"hexamod:SoulSteal","floor":2},{"not_picked":["hexamod:Incineration","hexamod:ThermalTransfer","hexamod:SwordOfDarkness"],"picked":"SKIP","floor":4},{"not_picked":["hexamod:GhostLash","Warcry"],"picked":"hexamod:ShieldOfDarkness","floor":8},{"not_picked":["hexamod:SwordOfDarkness","hexamod:ThermalTransfer"],"picked":"hexamod:NightmareGuise","floor":12}],"player_experience":383619,"relics_obtained":[{"floor":7,"key":"hubris:OldNail"}],"event_choices":[{"damage_healed":0,"gold_gain":0,"player_choice":"Ignored","damage_taken":0,"max_hp_gain":0,"max_hp_loss":0,"event_name":"NoteForYourself","floor":1,"gold_loss":0}],"is_beta":false,"boss_relics":[],"items_purged_floors":[],"is_endless":false,"potions_floor_spawned":[12],"killed_by":"3 Sentries","ascension_level":0}}