{"host":"6azrrw3tf7wb0f4b","time":1610548145,"event":{"mods":["BaseMod","DeckTracker","Minty Spire (QoL Compilation)","SuperFastMode"],"gold_per_floor":[114,114,289,289,214,214,65,75,75,88,99,99,119,135,135,234,234,246,96,96,96],"floor_reached":20,"language":"KOR","playtime":449,"items_purged":["Strike_P","Defend_P"],"score":262,"play_id":"08209d91-cb74-415d-80f3-820772bd70cd","local_time":"20210113232905","is_ascension_mode":true,"campfire_choices":[{"data":"Eruption","floor":6,"key":"SMITH"},{"data":"Devotion","floor":12,"key":"SMITH"},{"data":"ConjureBlade","floor":15,"key":"SMITH"}],"circlet_count":0,"master_deck":["AscendersBane","Strike_P","Strike_P+1","Strike_P+1","Defend_P","Defend_P","Defend_P","Eruption+1","Vigilance","Devotion+1","Prostrate","FlurryOfBlows","ConjureBlade+1","Scrawl"],"relics":["PureWater","Pear","Black Star","Damaru"],"acts_visited":["Exordium","TheCity"],"potions_floor_usage":[13,16],"damage_taken":[{"damage":7,"enemies":"Small Slimes","floor":1,"turns":5},{"damage":9,"enemies":"2 Louse","floor":8,"turns":3},{"damage":2,"enemies":"Jaw Worm","floor":10,"turns":3},{"damage":16,"enemies":"Exordium Wildlife","floor":11,"turns":5},{"damage":6,"enemies":"Exordium Thugs","floor":13,"turns":4},{"damage":6,"enemies":"3 Louse","floor":14,"turns":2},{"damage":13,"enemies":"The Guardian","floor":16,"turns":7},{"damage":28,"enemies":"2 Thieves","floor":18,"turns":4},{"damage":40,"enemies":"Masked Bandits","floor":20,"turns":3}],"seed_played":"7940402088981965423","potions_obtained":[{"floor":11,"key":"AttackPotion"},{"floor":13,"key":"SpeedPotion"}],"is_trial":false,"path_per_floor":["M","?","?","?","$","R","$","M","T","M","M","R","M","M","R","B",null,"M","$","?"],"character_chosen":"WATCHER","items_purchased":["Prostrate","Damaru"],"campfire_rested":0,"item_purchase_floors":[7,19],"current_hp_per_floor":[58,44,44,44,44,44,44,35,45,43,27,27,21,15,15,2,62,34,34,0,0],"gold":96,"neow_bonus":"ONE_RANDOM_RARE_CARD","is_daily":false,"chose_seed":false,"campfire_upgraded":3,"win_rate":0.0,"timestamp":1610548145,"path_taken":["M","?","?","?","?","R","$","M","T","M","M","R","?","M","R","BOSS","M","$","?"],"items_purchased_type":["Card","Relic"],"build_version":"2020-12-22","purchased_purges":2,"victory":false,"max_hp_per_floor":[72,72,72,72,72,72,72,72,82,82,82,82,82,82,82,82,82,82,82,82,82],"card_choices":[{"not_picked":["PathToVictory","JustLucky","CarveReality"],"picked":"SKIP","floor":1},{"not_picked":["ForeignInfluence","Consecrate","JustLucky"],"picked":"SKIP","floor":8},{"not_picked":["Sanctity","LikeWater","JustLucky"],"picked":"SKIP","floor":10},{"not_picked":["LikeWater","Halt"],"picked":"FlurryOfBlows","floor":11},{"not_picked":["SashWhip","FlurryOfBlows"],"picked":"ConjureBlade","floor":13},{"not_picked":["FlyingSleeves","PathToVictory","CrushJoints"],"picked":"SKIP","floor":14},{"not_picked":["Blasphemy","Ragnarok"],"picked":"Scrawl","floor":16},{"not_picked":["Perseverance","FollowUp","Protect"],"picked":"SKIP","floor":18}],"player_experience":707032,"relics_obtained":[{"floor":9,"key":"Pear"}],"event_choices":[{"damage_healed":0,"gold_gain":0,"player_choice":"Entered Light","damage_taken":14,"max_hp_gain":0,"max_hp_loss":0,"event_name":"Shining Light","floor":2,"gold_loss":0,"cards_upgraded":["Strike_P","Strike_P"]},{"damage_healed":0,"gold_gain":175,"player_choice":"AGREE","damage_taken":0,"max_hp_gain":0,"max_hp_loss":0,"event_name":"Liars Game","floor":3,"gold_loss":0,"cards_obtained":["Doubt"]},{"cards_removed":["Doubt"],"damage_healed":0,"gold_gain":0,"player_choice":"Forget","damage_taken":0,"max_hp_gain":0,"max_hp_loss":0,"event_name":"Living Wall","floor":4,"gold_loss":0},{"damage_healed":0,"gold_gain":0,"player_choice":"Fought Bandits","damage_taken":0,"max_hp_gain":0,"max_hp_loss":0,"event_name":"Masked Bandits","floor":20,"gold_loss":0}],"is_beta":false,"boss_relics":[{"not_picked":["Busted Crown","Coffee Dripper"],"picked":"Black Star"}],"items_purged_floors":[5,7],"is_endless":false,"potions_floor_spawned":[11,13],"killed_by":"Masked Bandits","ascension_level":12}}