{"host":"pn0n58vrtcysp2am","time":1610541848,"event":{"mods":["100% Spire Juice","ATMod(∞¢Ë™Mod)","Act Like it!","Arknights The Spire","BaseMod","CapriCore","Friendly Minions","Marisa£®ÏF”Í°°ƒß¿Ì…≥£©","Minty Spire (QoL Compilation)","READ ME - Guardian Mod","Reimu£®≤©¿ˆ¡È√Œ£©","Remilia£®¿Ÿ√◊¿Ú—«£©","StSLib","The Immortal","WarShipGirlsR/’ΩΩ¢…Ÿ≈ÆR mod","Youmu£®ªÍ∆«—˝√Œ£©","°æ“≈ŒÔø®≈∆°øREMEMod"],"gold_per_floor":[113,63,63,15,35,61,75,75,75,108,118,151,161,161,161,263,263,278,278,296,308,325,325,325,344,344,344,357,357,282,296,296,396,396,408,426,426,87,106,134,152,183,206,206,220,95,95,115,115,115],"floor_reached":51,"language":"ZHS","playtime":4514,"items_purged":["rmod:strick","rmod:strick","rmod:strick"],"score":756,"play_id":"615235bb-f304-4697-9788-0246d9ef2e79","local_time":"20210113204408","is_ascension_mode":false,"campfire_choices":[{"data":"AT_ThistleTea","floor":8,"key":"SMITH"},{"data":"rmod:expedition","floor":15,"key":"SMITH"},{"floor":23,"key":"REST"},{"data":"rmod:supriseattacks","floor":27,"key":"SMITH"},{"data":"rmod:expedition+1","floor":29,"key":"SMITH"},{"data":"rmod:expedition+2","floor":32,"key":"SMITH"},{"data":"rmod:expedition+1","floor":44,"key":"SMITH"},{"floor":49,"key":"REST"}],"circlet_count":0,"master_deck":["rmod:defend","rmod:defend","rmod:defend","rmod:basicallowance","rmod:maingunfire","A Thousand Cuts","AT_ThistleTea+1","rmod:firesupport","rmod:aluminumsupply","rmod:firesupport","rmod:circuitoustactics","rmod:ammunitionsupply","rmod:ridicule","rmod:expedition+3","rmod:expedition+2","rmod:aviationdawn","rmod:supriseattacks+1","rmod:firesupport","rmod:unsinkable","rmod:supportescort","rmod:steelsupply","rmod:guardianhero","rmod:ammunitionsupply","rmod:aviationdawn+1","rmod:supportaircraftcarrier","rmod:tearstotiara","rmod:mineteam+1","rmod:punchline","rmod:steelsupply+1"],"relics":["rmod:firstchargereward","REME_ComplimentaryCards","AT_ATBox","NeowsBlessing","AT_RedNoBalance","AT_TimeSand","TungstenRod","Eternal Feather","rmod:monthlycard","Bag of Preparation","AT_SeraphEmbrace","REME_ChargedStone","rmod:equipmentrecovery","FossilizedHelix","Incense Burner","Regal Pillow"],"acts_visited":["Exordium","TheCity","TheBeyond"],"potions_floor_usage":[10,16,22,33,33,33,48],"damage_taken":[{"damage":0,"enemies":"Jaw Worm","floor":1,"turns":1},{"damage":0,"enemies":"Small Slimes","floor":5,"turns":1},{"damage":0,"enemies":"3 Sentries","floor":6,"turns":2},{"damage":0,"enemies":"2 Louse","floor":7,"turns":3},{"damage":28,"enemies":"Gremlin Nob","floor":10,"turns":4},{"damage":15,"enemies":"Exordium Thugs","floor":11,"turns":3},{"damage":6,"enemies":"3 Sentries","floor":12,"turns":3},{"damage":3,"enemies":"Blue Slaver","floor":13,"turns":3},{"damage":20,"enemies":"Slime Boss","floor":16,"turns":7},{"damage":0,"enemies":"Spheric Guardian","floor":18,"turns":1},{"damage":14,"enemies":"2 Thieves","floor":20,"turns":3},{"damage":0,"enemies":"Shelled Parasite and Fungi","floor":21,"turns":2},{"damage":14,"enemies":"Centurion and Healer","floor":22,"turns":5},{"damage":0,"enemies":"Chosen and Byrds","floor":25,"turns":3},{"damage":0,"enemies":"Snake Plant","floor":28,"turns":2},{"damage":36,"enemies":"Snecko","floor":31,"turns":5},{"damage":12,"enemies":"Champ","floor":33,"turns":7},{"damage":0,"enemies":"Orb Walker","floor":35,"turns":2},{"damage":3,"enemies":"3 Shapes","floor":36,"turns":2},{"damage":0,"enemies":"Sphere and 2 Shapes","floor":39,"turns":4},{"damage":0,"enemies":"Giant Head","floor":40,"turns":4},{"damage":0,"enemies":"Transient","floor":41,"turns":9},{"damage":16,"enemies":"Nemesis","floor":42,"turns":5},{"damage":0,"enemies":"4 Shapes","floor":45,"turns":5},{"damage":45,"enemies":"3 Darklings","floor":48,"turns":3},{"damage":8,"enemies":"Time Eater","floor":50,"turns":8}],"seed_played":"-9195055465279959594","potions_obtained":[{"floor":1,"key":"FearPotion"},{"floor":7,"key":"Block Potion"},{"floor":10,"key":"ColorlessPotion"},{"floor":13,"key":"Ancient Potion"},{"floor":16,"key":"Swift Potion"},{"floor":22,"key":"REME_GoldPotion"},{"floor":31,"key":"Energy Potion"},{"floor":33,"key":"Energy Potion"},{"floor":36,"key":"EssenceOfSteel"},{"floor":41,"key":"PowerPotion"}],"is_trial":false,"path_per_floor":["M","?","?","$","M","E","M","R","T","E","M","E","M","?","R","B",null,"M","?","M","M","M","R","?","M","T","R","M","R","$","M","R","B",null,"M","M","?","$","M","E","M","E","T","R","M","$","?","M","R","B",null],"character_chosen":"PRAEFECT","items_purchased":["rmod:aluminumsupply","rmod:equipmentrecovery"],"campfire_rested":2,"item_purchase_floors":[4,38],"current_hp_per_floor":[75,75,80,80,80,80,40,40,40,12,25,34,37,37,49,20,80,40,40,26,26,12,51,51,51,51,66,66,80,80,44,59,47,80,80,77,77,77,77,77,77,61,61,76,76,76,76,31,80,72],"gold":115,"neow_bonus":"THREE_ENEMY_KILL","is_daily":false,"chose_seed":false,"campfire_upgraded":6,"win_rate":0.0,"timestamp":1610541848,"path_taken":["M","?","?","?","M","E","M","R","T","E","M","E","M","?","R","BOSS","M","?","M","M","M","R","?","M","T","R","M","R","?","M","R","BOSS","M","M","?","$","M","E","M","E","T","R","?","$","?","M","R","BOSS"],"items_purchased_type":["Card","Relic"],"build_version":"2020-12-22","purchased_purges":3,"victory":true,"max_hp_per_floor":[75,75,80,80,80,80,80,80,80,80,80,80,80,80,80,80,80,80,80,80,80,80,80,80,80,80,80,80,80,80,80,80,80,80,80,80,80,80,80,80,80,80,80,80,80,80,80,80,80,80],"card_choices":[{"not_picked":["rmod:robin","rmod:victimresponsibility"],"picked":"rmod:firesupport","floor":1},{"not_picked":["rmod:smokecover","rmod:diamondstrike"],"picked":"rmod:firesupport","floor":5},{"not_picked":["rmod:diamondstrike","rmod:steelsupply"],"picked":"rmod:circuitoustactics","floor":6},{"not_picked":["rmod:generalist","rmod:fletcherpendant"],"picked":"rmod:ammunitionsupply","floor":7},{"not_picked":["rmod:victimresponsibility","rmod:supriseattacks"],"picked":"rmod:ridicule","floor":10},{"not_picked":["rmod:steelsupply","rmod:firesupport"],"picked":"rmod:expedition","floor":11},{"not_picked":["rmod:fletcherpendant","rmod:garrisonisland"],"picked":"rmod:expedition","floor":12},{"not_picked":["rmod:heivgo","rmod:fletcherpendant"],"picked":"rmod:aviationdawn","floor":13},{"not_picked":["rmod:windflower","rmod:abidefaith"],"picked":"rmod:supriseattacks","floor":16},{"not_picked":["rmod:mineteam","rmod:luckystar+1"],"picked":"rmod:firesupport","floor":18},{"not_picked":["rmod:openingtorpedo","rmod:luckystar"],"picked":"rmod:supportescort","floor":20},{"not_picked":["rmod:supportescort","rmod:ammunitionsupply"],"picked":"rmod:steelsupply","floor":21},{"not_picked":["rmod:circuitoustactics","rmod:fletcherpendant+1"],"picked":"rmod:guardianhero","floor":22},{"not_picked":["rmod:diamondstrike","rmod:salvage"],"picked":"rmod:ammunitionsupply","floor":25},{"not_picked":["rmod:diaomin+1","rmod:punchline+1"],"picked":"rmod:aviationdawn+1","floor":28},{"not_picked":["rmod:u235","rmod:firesupport","rmod:diamondstrike"],"picked":"SKIP","floor":31},{"not_picked":["rmod:advancebysurprise+1","rmod:fuelsupply","rmod:sl+1"],"picked":"SKIP","floor":35},{"not_picked":["rmod:goodsister","rmod:diamondstrike+1","rmod:ammunitionsupply"],"picked":"SKIP","floor":36},{"not_picked":["rmod:generalist","rmod:supportescort+1"],"picked":"rmod:supportaircraftcarrier","floor":39},{"not_picked":["rmod:fletcherpendant","rmod:heivgo+1"],"picked":"rmod:tearstotiara","floor":40},{"not_picked":["rmod:tearstotiara+1","rmod:salvage+1","rmod:luckystar+1"],"picked":"SKIP","floor":41},{"not_picked":["rmod:bulid","rmod:advancebysurprise+1","rmod:fletcher"],"picked":"SKIP","floor":42},{"not_picked":["rmod:steelsupply+1","rmod:firesupport"],"picked":"rmod:mineteam+1","floor":45},{"not_picked":["rmod:firesupport","rmod:garrisonisland+1"],"picked":"rmod:steelsupply+1","floor":48}],"player_experience":16119,"relics_obtained":[{"floor":6,"key":"AT_SilverBalance"},{"floor":9,"key":"AT_TimeSand"},{"floor":10,"key":"TungstenRod"},{"floor":12,"key":"Eternal Feather"},{"floor":26,"key":"AT_ArchangelStaff"},{"floor":40,"key":"FossilizedHelix"},{"floor":42,"key":"Incense Burner"},{"floor":43,"key":"Regal Pillow"}],"event_choices":[{"cards_removed":["rmod:strick"],"damage_healed":0,"gold_gain":0,"player_choice":"Card Removal","damage_taken":0,"max_hp_gain":0,"max_hp_loss":0,"event_name":"The Cleric","floor":2,"gold_loss":50},{"damage_healed":0,"gold_gain":0,"player_choice":"Donut","damage_taken":0,"max_hp_gain":5,"max_hp_loss":0,"event_name":"Big Fish","floor":3,"gold_loss":0},{"damage_healed":0,"gold_gain":0,"player_choice":"Ignored","damage_taken":0,"max_hp_gain":0,"max_hp_loss":0,"event_name":"NoteForYourself","floor":14,"gold_loss":0},{"damage_healed":0,"gold_gain":0,"player_choice":"Read","damage_taken":0,"max_hp_gain":0,"max_hp_loss":0,"event_name":"The Library","floor":19,"gold_loss":0,"cards_obtained":["rmod:unsinkable"]},{"damage_healed":0,"gold_gain":0,"player_choice":"Opened","damage_taken":0,"relics_obtained":["Bag of Preparation"],"max_hp_gain":0,"max_hp_loss":0,"event_name":"The Mausoleum","floor":24,"gold_loss":0},{"damage_healed":0,"gold_gain":0,"player_choice":"Upgraded","damage_taken":0,"max_hp_gain":0,"max_hp_loss":0,"event_name":"Upgrade Shrine","floor":37,"gold_loss":0,"cards_upgraded":["rmod:expedition"]},{"damage_healed":0,"gold_gain":0,"cards_transformed":["rmod:defend"],"player_choice":"Transformed","damage_taken":0,"max_hp_gain":0,"max_hp_loss":0,"event_name":"Transmorgrifier","floor":47,"gold_loss":0,"cards_obtained":["rmod:punchline"]}],"is_beta":false,"boss_relics":[{"not_picked":["Runic Pyramid","RedLine:ReiMu"],"picked":"rmod:monthlycard"},{"not_picked":["rmod:mogul","SlaversCollar"],"picked":"REME_ChargedStone"}],"items_purged_floors":[30,38,46],"is_endless":false,"potions_floor_spawned":[1,7,10,13,16,22,31,33,36,41],"ascension_level":0}}