{"host":"ek3xvuouaw6vk9if","time":1610516800,"event":{"mods":["BaseMod","BetterRewards","GungeonMod","Minty Spire (QoL Compilation)","Permanent Neow","Quick Restart","Relic Stats","Replay The Spire","StSLib"],"gold_per_floor":[118,130,130,142,142,142,168,168,168,343,355,382,45,91,91,207,207,232,263,16,16,46,46,86,163,209,243,243,298,73,99,99,213,213,231,343,203,230,230,230,86,112,112,145,176,176,176,196,196,204],"floor_reached":51,"language":"ENG","playtime":2773,"items_purged":["Doubt","DemoMod:Strike_Huntress"],"score":800,"play_id":"38e9b889-27d5-40a1-b829-b220dff62f3b","local_time":"20210113004640","is_ascension_mode":false,"campfire_choices":[{"data":"DemoMod:Unmoved","floor":6,"key":"SMITH"},{"data":"DemoMod:GunShield","floor":8,"key":"SMITH"},{"data":"DemoMod:FullFirepower","floor":15,"key":"SMITH"},{"data":"DemoMod:FortunesFavor","floor":23,"key":"SMITH"},{"data":"DemoMod:BlankBullets","floor":28,"key":"SMITH"},{"floor":32,"key":"REST"},{"data":"DemoMod:Elimentaler","floor":40,"key":"SMITH"},{"data":"DemoMod:GunslingerForm","floor":47,"key":"SMITH"}],"circlet_count":0,"master_deck":["DemoMod:Roll","DemoMod:ManualReload","DemoMod:CrossBow","DemoMod:Unmoved+1","DemoMod:Polaris+1","DemoMod:GunShield+1","DemoMod:Desperate+1","DemoMod:FullFirepower+1","DemoMod:BlankBullets+1","DemoMod:FinishedGun","DemoMod:FortunesFavor+1","DemoMod:Unmoved+1","DemoMod:FeignSurrender+1","DemoMod:CursedBullets","DemoMod:FortunesFavor+1","DemoMod:Elimentaler+1","DemoMod:HuntsMan","DemoMod:FinishedGun","DemoMod:Unmoved+1","DemoMod:TripleGun","DemoMod:GunslingerForm+1","DemoMod:FastSwitch+1","DemoMod:Unmoved+1","DemoMod:Spice+1","Parasite","DemoMod:DarkMarker","DemoMod:HardPowerCard+1"],"relics":["DemoMod:Dog","Calipers","Bag of Marbles","Blue Doll","ReplayTheSpireMod:Ninjato","Replay:Bandana","ReplayTheSpireMod:TigerMarble","Prayer Wheel","Bottled Flame","MutagenicStrength","Shuriken","DemoMod:OrangeGuonStone","Regal Pillow","TungstenRod","Pandora\u0027s Box","Replay:Multitool","HandDrill","Mercury Hourglass","Golden Egg"],"acts_visited":["Exordium","TheCity","TheBeyond"],"potions_floor_usage":[14,27,29,29,31,50,50,50],"damage_taken":[{"damage":2,"enemies":"Jaw Worm","floor":1,"turns":4},{"damage":0,"enemies":"2 Louse","floor":2,"turns":3},{"damage":0,"enemies":"Small Slimes","floor":4,"turns":2},{"damage":0,"enemies":"Lagavulin","floor":7,"turns":2},{"damage":0,"enemies":"Looter","floor":11,"turns":1},{"damage":0,"enemies":"3 Sentries","floor":14,"turns":5},{"damage":0,"enemies":"Slime Boss","floor":16,"turns":2},{"damage":0,"enemies":"Chosen","floor":18,"turns":1},{"damage":0,"enemies":"Spheric Guardian","floor":19,"turns":2},{"damage":0,"enemies":"Shelled Parasite and Fungi","floor":22,"turns":1},{"damage":0,"enemies":"Snake Plant","floor":24,"turns":5},{"damage":8,"enemies":"Snake Plant","floor":27,"turns":2},{"damage":25,"enemies":"Gremlin Leader","floor":29,"turns":5},{"damage":13,"enemies":"Chosen and Byrds","floor":31,"turns":7},{"damage":12,"enemies":"Automaton","floor":33,"turns":12},{"damage":0,"enemies":"Orb Walker","floor":35,"turns":1},{"damage":12,"enemies":"2 Orb Walkers","floor":36,"turns":4},{"damage":0,"enemies":"3 Shapes","floor":38,"turns":3},{"damage":0,"enemies":"Sphere and 2 Shapes","floor":42,"turns":2},{"damage":0,"enemies":"Writhing Mass","floor":44,"turns":2},{"damage":0,"enemies":"Maw","floor":45,"turns":5},{"damage":15,"enemies":"3 Darklings","floor":48,"turns":6},{"damage":38,"enemies":"Donu and Deca","floor":50,"turns":13}],"seed_played":"-6209882553442832237","potions_obtained":[{"floor":4,"key":"Energy Potion"},{"floor":7,"key":"AttackPotion"},{"floor":14,"key":"Swift Potion"},{"floor":16,"key":"Venom Potion"},{"floor":27,"key":"Explosive Potion"},{"floor":29,"key":"Weak Potion"},{"floor":31,"key":"Dexterity Potion"},{"floor":38,"key":"Weak Potion"}],"is_trial":false,"path_per_floor":["M","M","?","M","?","R","E","R","T","?","M","T","$","E","R","B",null,"M","M","$","?","M","R","?","T","T","M","R","E","$","M","R","B",null,"M","?","?","M","$","R","$","M","T","M","M","?","R","M","R","B",null],"character_chosen":"HUNTRESS","items_purchased":["DemoMod:Desperate+1","ReplayTheSpireMod:TigerMarble","Bottled Flame","DemoMod:FeignSurrender+1","DemoMod:CursedBullets","HandDrill"],"campfire_rested":1,"item_purchase_floors":[13,13,20,30,30,41],"current_hp_per_floor":[61,61,49,49,49,49,49,49,49,49,49,49,49,49,49,49,61,61,61,61,61,61,61,61,61,61,53,53,28,28,15,48,36,61,61,49,49,49,49,49,49,49,49,49,49,49,49,34,57,17],"gold":204,"neow_bonus":"ONE_RARE_RELIC","is_daily":false,"chose_seed":false,"campfire_upgraded":7,"win_rate":0.0,"timestamp":1610516800,"path_taken":["M","M","?","M","?","R","E","R","T","?","M","?","$","E","R","BOSS","M","M","$","?","M","R","?","?","T","M","R","E","$","M","R","BOSS","M","?","?","M","$","R","?","M","T","M","M","?","R","?","R","BOSS"],"items_purchased_type":["Card","Relic","Relic","Card","Card","Relic"],"build_version":"2020-12-22","purchased_purges":2,"victory":true,"max_hp_per_floor":[63,63,63,63,63,63,63,63,63,63,63,63,63,63,63,61,61,61,61,61,61,61,61,61,61,61,61,61,61,61,61,61,61,61,61,61,61,61,61,61,61,61,61,59,57,57,57,57,57,55],"relic_stats":{"Regal Pillow":21,"counters":[23,90],"Shuriken":[17],"Prayer Wheel":11,"Pandora\u0027s Box":["DemoMod:HuntsMan","DemoMod:Purify","DemoMod:FinishedGun","DemoMod:Unmoved","DemoMod:TripleGun","DemoMod:GunslingerForm"],"HandDrill":[16],"obtain_stats":[{"Golden Egg":46,"Regal Pillow":26,"Calipers":0,"ReplayTheSpireMod:Ninjato":9,"DemoMod:Dog":0,"DemoMod:OrangeGuonStone":25,"Blue Doll":7,"DemoMod:GlassGuonStoneRelic":4,"Replay:Multitool":36,"Mercury Hourglass":43,"Replay:Bandana":12,"Bottled Flame":20,"Shuriken":24,"MutagenicStrength":21,"Prayer Wheel":14,"Pandora\u0027s Box":34,"Bag of Marbles":3,"ReplayTheSpireMod:TigerMarble":13,"HandDrill":41,"TungstenRod":29},{"Golden Egg":21,"Regal Pillow":11,"Calipers":0,"ReplayTheSpireMod:Ninjato":4,"DemoMod:Dog":0,"DemoMod:OrangeGuonStone":11,"Blue Doll":4,"DemoMod:GlassGuonStoneRelic":3,"Replay:Multitool":17,"Mercury Hourglass":19,"Replay:Bandana":5,"Bottled Flame":9,"Shuriken":11,"MutagenicStrength":9,"Prayer Wheel":6,"Pandora\u0027s Box":15,"Bag of Marbles":2,"ReplayTheSpireMod:TigerMarble":5,"HandDrill":18,"TungstenRod":13},{"Golden Egg":71,"Regal Pillow":28,"Calipers":0,"ReplayTheSpireMod:Ninjato":11,"DemoMod:Dog":0,"DemoMod:OrangeGuonStone":28,"Blue Doll":11,"DemoMod:GlassGuonStoneRelic":9,"Replay:Multitool":59,"Mercury Hourglass":64,"Replay:Bandana":12,"Bottled Flame":22,"Shuriken":28,"MutagenicStrength":22,"Prayer Wheel":17,"Pandora\u0027s Box":54,"Bag of Marbles":7,"ReplayTheSpireMod:TigerMarble":12,"HandDrill":62,"TungstenRod":35}],"TungstenRod":13,"Mercury Hourglass":[99]},"card_choices":[{"not_picked":["DemoMod:ProbeStrike","DemoMod:HuntsMan"],"picked":"DemoMod:Unmoved","floor":1},{"not_picked":["DemoMod:AC15","DemoMod:GunstockTap"],"picked":"DemoMod:Polaris","floor":2},{"not_picked":["DemoMod:HungryBullets","DemoMod:SAA"],"picked":"DemoMod:GunShield","floor":4},{"not_picked":["DemoMod:BoxingGlove","DemoMod:Unity"],"picked":"DemoMod:EasyReloadBullets","floor":7},{"not_picked":["DemoMod:Ejector","DemoMod:HighKaliber"],"picked":"DemoMod:DirectionalPad","floor":11},{"not_picked":["DemoMod:DarkMarker","DemoMod:EasyReloadBullets"],"picked":"DemoMod:FullFirepower","floor":14},{"not_picked":["DemoMod:ThirdPartyController","DemoMod:DarkMarker"],"picked":"DemoMod:BlankBullets","floor":16},{"not_picked":["DemoMod:Ejector","DemoMod:BoxingGlove","DemoMod:DirectionalPad"],"picked":"SKIP","floor":18},{"not_picked":["DemoMod:StickyCrossBow","DemoMod:HardPowerCard","DemoMod:Unmoved"],"picked":"SKIP","floor":18},{"not_picked":["DemoMod:AC15","DemoMod:PracticeMakesPerfect"],"picked":"DemoMod:FinishedGun","floor":19},{"not_picked":["DemoMod:AC15","DemoMod:MegaHand","DemoMod:Unmoved"],"picked":"SKIP","floor":19},{"not_picked":["DemoMod:PotionOfGunFriendShip","DemoMod:Spice"],"picked":"DemoMod:FortunesFavor","floor":22},{"not_picked":["DemoMod:HungryBullets","DemoMod:SAA","DemoMod:CombinedRifle"],"picked":"SKIP","floor":22},{"not_picked":["DemoMod:SkilledReload","DemoMod:ConditionalReflex","DemoMod:JK47"],"picked":"SKIP","floor":24},{"not_picked":["DemoMod:DoubleSwitch+1","DemoMod:TeaPot"],"picked":"DemoMod:Unmoved+1","floor":27},{"not_picked":["DemoMod:SkilledReload","DemoMod:Purify","DemoMod:Spice"],"picked":"SKIP","floor":27},{"not_picked":["DemoMod:Unmoved","DemoMod:Spice+1","DemoMod:ProbeStrike"],"picked":"SKIP","floor":29},{"not_picked":["DemoMod:AC15+1","DemoMod:Unity+1"],"picked":"DemoMod:FortunesFavor+1","floor":31},{"not_picked":["DemoMod:GunstockTap","DemoMod:HuntsMan","DemoMod:BulletBore"],"picked":"SKIP","floor":31},{"not_picked":["DemoMod:Spice","DemoMod:Spice"],"picked":"DemoMod:Elimentaler","floor":33},{"not_picked":["DemoMod:GunstockTap+1","DemoMod:BoxingGlove+1"],"picked":"DemoMod:FastSwitch+1","floor":35},{"not_picked":["DemoMod:HuntsMan","DemoMod:StickyCrossBow+1","DemoMod:DirectionalPad"],"picked":"SKIP","floor":35},{"not_picked":["DemoMod:HuntsMan","DemoMod:StickyCrossBow+1","DemoMod:DirectionalPad"],"picked":"SKIP","floor":35},{"not_picked":["DemoMod:BoxingGlove+1","DemoMod:AC15"],"picked":"DemoMod:Unmoved+1","floor":38},{"not_picked":["DemoMod:BoxingGlove+1","DemoMod:SAA","DemoMod:Unmoved"],"picked":"SKIP","floor":38},{"not_picked":["DemoMod:SAA+1","DemoMod:BSG"],"picked":"DemoMod:Spice+1","floor":42},{"not_picked":["DemoMod:TripleGun+1","DemoMod:BoxingGlove","DemoMod:HuntsMan+1"],"picked":"SKIP","floor":42},{"not_picked":["DemoMod:Purify+1","DemoMod:MachoBrace","DemoMod:GunstockTap"],"picked":"SKIP","floor":44},{"not_picked":["DemoMod:HuntsMan+1","DemoMod:Spice","DemoMod:TeaPot+1"],"picked":"SKIP","floor":44},{"not_picked":["DemoMod:AC15+1","DemoMod:FastSwitch"],"picked":"DemoMod:DarkMarker","floor":45},{"not_picked":["DemoMod:Polaris+1","DemoMod:TeaPot","DemoMod:MachoBrace"],"picked":"SKIP","floor":45},{"not_picked":["DemoMod:SAA","DemoMod:Spice"],"picked":"DemoMod:HardPowerCard+1","floor":48},{"not_picked":["DemoMod:BattleInHaste","DemoMod:TripleGun","DemoMod:FastSwitch"],"picked":"SKIP","floor":48}],"player_experience":513306,"relics_obtained":[{"floor":7,"key":"Blue Doll"},{"floor":9,"key":"ReplayTheSpireMod:Ninjato"},{"floor":12,"key":"Replay:Bandana"},{"floor":14,"key":"Prayer Wheel"},{"floor":24,"key":"Shuriken"},{"floor":25,"key":"DemoMod:OrangeGuonStone"},{"floor":26,"key":"Regal Pillow"},{"floor":29,"key":"TungstenRod"},{"floor":36,"key":"Replay:Multitool"},{"floor":43,"key":"Mercury Hourglass"}],"event_choices":[{"damage_healed":0,"gold_gain":0,"player_choice":"Success","damage_taken":12,"relics_obtained":["Bag of Marbles"],"max_hp_gain":0,"max_hp_loss":0,"event_name":"Scrap Ooze","floor":3,"gold_loss":0},{"damage_healed":0,"gold_gain":0,"player_choice":"Grow","damage_taken":0,"max_hp_gain":0,"max_hp_loss":0,"event_name":"Living Wall","floor":5,"gold_loss":0,"cards_upgraded":["DemoMod:Polaris"]},{"damage_healed":0,"gold_gain":175,"player_choice":"AGREE","damage_taken":0,"max_hp_gain":0,"max_hp_loss":0,"event_name":"Liars Game","floor":10,"gold_loss":0,"cards_obtained":["Doubt"]},{"damage_healed":0,"gold_gain":0,"player_choice":"Inject Mutagens","damage_taken":0,"relics_obtained":["MutagenicStrength"],"max_hp_gain":0,"max_hp_loss":0,"event_name":"Drug Dealer","floor":21,"gold_loss":0},{"damage_healed":0,"gold_gain":0,"player_choice":"Fight","damage_taken":0,"max_hp_gain":0,"max_hp_loss":0,"event_name":"Mysterious Sphere","floor":36,"gold_loss":0},{"cards_removed":["DemoMod:EasyReloadBullets"],"damage_healed":0,"gold_gain":0,"player_choice":"Gave Card","damage_taken":0,"relics_obtained":["Golden Egg"],"max_hp_gain":0,"max_hp_loss":0,"event_name":"WeMeetAgain","floor":46,"gold_loss":0}],"is_beta":false,"boss_relics":[{"not_picked":[]},{"not_picked":["Astrolabe","Replay:Bronze Core"],"picked":"Pandora\u0027s Box"}],"items_purged_floors":[13,30],"is_endless":false,"potions_floor_spawned":[4,7,14,16,16,22,27,29,31,38,42,44,48],"ascension_level":0}}