{"host":"z6c1sol8rulx2ubz","time":1610579026,"event":{"mods":["AchievementEnabler","Act Like it!","BaseMod","Better Note","Better Third Choice","Gold Saver","Hallownest","Hubris","Infinite Spire","Minty Spire (QoL Compilation)","Quick Restart","Rare Cards Sparkle","StSLib","The Bug Knight","Wandering Minibosses"],"gold_per_floor":[129,129,129,129,140,467,467,484,559,559,150,150,150,5,5,107,107,126,139,139,139,259,259,279,75,146,146,164,175,189,322,322,419,419,432,432,432,445,462,493,493,508,508,508,535,535,450,467,467,467,467,467,467,493,493],"floor_reached":56,"language":"ENG","playtime":3436,"items_purged":["HollowMod:FocusHealStart","HollowMod:BrokenVessel"],"score":1350,"play_id":"527b2762-0fe0-4fa3-9868-8da44a3e4b73","local_time":"20210113230346","is_ascension_mode":false,"campfire_choices":[{"floor":7,"key":"RECALL"},{"data":"HollowMod:PogoStrike","floor":10,"key":"SMITH"},{"data":"HollowMod:HeavyBlow","floor":12,"key":"SMITH"},{"data":"HollowMod:VengefulVoid","floor":15,"key":"SMITH"},{"data":"HollowMod:ShadowDash","floor":23,"key":"SMITH"},{"data":"HollowMod:WraithStrike","floor":32,"key":"SMITH"},{"data":"HollowMod:LordofShades","floor":41,"key":"SMITH"},{"data":"HollowMod:LordofShades","floor":44,"key":"SMITH"},{"data":"HollowMod:PerfectDash","floor":46,"key":"SMITH"},{"data":"HollowMod:SiblingsShadow","floor":49,"key":"SMITH"},{"data":"Hallownest:skillKingdomsEdgeMap","floor":52,"key":"SMITH"}],"circlet_count":0,"master_deck":["HollowMod:QuickDashStart","HollowMod:QuickDashStart","HollowMod:QuickDashStart","HollowMod:PogoStrike+1","HollowMod:CloakDash","HollowMod:HeavyBlow+1","HollowMod:VengefulVoid+1","HollowMod:LordofShades+1","HollowMod:CloakDash+1","HollowMod:MylasSalvation","HollowMod:ShadowDash+1","HollowMod:BlackTendrils+1","HollowMod:PerfectDash+1","HollowMod:WraithStrike+1","HollowMod:VengefulVoid+1","HollowMod:CloakDash","HollowMod:VengefulVoid+1","HollowMod:ZotesMagnificence+1","HollowMod:SiblingsShadow+1","HollowMod:ShadowDash","HollowMod:DescendingDark+1","HollowMod:LordofShades+1","HollowMod:VengefulVoid+1","HollowMod:DescendingDark+1","HollowMod:CloakDash+1","Hallownest:skillKingdomsEdgeMap+1","HollowMod:VengefulVoid+1","hubris:NaturalOne"],"relics":["Coffee Dripper","hubris:Icosahedron","Hallownest:DreamNailRelic","Old Coin","Prayer Wheel","hubris:RunicObelisk","hubris:EmptyBottle","Mercury Hourglass","Red Mask","Pear","Empty Cage","wanderingMiniBosses:AbyssPearl","Hallownest:BeastSealRelic","Art of War","Mango","Whetstone","infinitespire:Satchel"],"acts_visited":["Hallownest:Greenpath","Hallownest:CityofTears","Hallownest:KingdomsEdge","TheEnding"],"potions_floor_usage":[16,19,22,22,28,33,33,33,33,33,50,50,54,55,55],"damage_taken":[{"damage":0,"enemies":"Hallownest:2_Baldur","floor":1,"turns":3},{"damage":0,"enemies":"Hallownest:monsterHuskGuard","floor":5,"turns":3},{"damage":6,"enemies":"Hallownest:eliteVengeflyKing","floor":6,"turns":6},{"damage":0,"enemies":"Hallownest:2_Tiktiks_and_1_Crawlid","floor":8,"turns":2},{"damage":6,"enemies":"Hallownest:BossBrokenVessel","floor":16,"turns":6},{"damage":1,"enemies":"Hallownest:Flukemon_and_Top","floor":18,"turns":5},{"damage":11,"enemies":"Hallownest:2_Mistakes","floor":19,"turns":7},{"damage":31,"enemies":"Hallownest:3_Mistakes","floor":22,"turns":8},{"damage":7,"enemies":"Hallownest:Master_and_Novice","floor":24,"turns":3},{"damage":8,"enemies":"Hallownest:Warrior_and_Youth","floor":28,"turns":7},{"damage":1,"enemies":"Hallownest:2_Flukemon","floor":29,"turns":5},{"damage":2,"enemies":"Hallownest:Master_and_Novice","floor":30,"turns":2},{"damage":0,"enemies":"Hallownest:Nosk","floor":31,"turns":7},{"damage":24,"enemies":"Hallownest:BossGrimm","floor":33,"turns":6},{"damage":4,"enemies":"Hallownest:Shield_Heavy","floor":35,"turns":5},{"damage":1,"enemies":"Hallownest:2_Littles","floor":38,"turns":3},{"damage":0,"enemies":"Hallownest:monsterPrimalAspid","floor":39,"turns":3},{"damage":0,"enemies":"Hallownest:StalkingDevout","floor":40,"turns":5},{"damage":0,"enemies":"Hallownest:Xero_Hu_Marmu","floor":42,"turns":3},{"damage":0,"enemies":"Hallownest:eliteCollector","floor":45,"turns":2},{"damage":2,"enemies":"Hallownest:2_Great","floor":48,"turns":2},{"damage":8,"enemies":"Hallownest:BossGreyPrinceZote","floor":50,"turns":3},{"damage":26,"enemies":"Shield and Spear","floor":54,"turns":3},{"damage":36,"enemies":"The Heart","floor":55,"turns":5}],"seed_played":"6437637040423798870","potions_obtained":[{"floor":6,"key":"Strength Potion"},{"floor":8,"key":"infinitespire:BlackPotion"},{"floor":16,"key":"BlessingOfTheForge"},{"floor":18,"key":"LiquidMemories"},{"floor":22,"key":"PowerPotion"},{"floor":28,"key":"Dexterity Potion"},{"floor":30,"key":"Dexterity Potion"},{"floor":38,"key":"Weak Potion"},{"floor":40,"key":"Energy Potion"},{"floor":48,"key":"Ancient Potion"},{"floor":54,"key":"LiquidMemories"}],"is_trial":false,"path_per_floor":["M","?","?","?","M","E","R","M","T","R","$","R","?","$","R","B",null,"M","M","?","?","M","R","M","$","T","?","M","M","M","E","R","B",null,"M","?","?","M","M","E","R","M","T","R","E","R","?","M","R","B",null,"R","$","E","B",null],"character_chosen":"THE_BUGKNIGHT","items_purchased":["Prayer Wheel","HollowMod:HeavyBlow","HollowMod:VengefulVoid","hubris:EmptyBottle","HollowMod:WraithStrike"],"campfire_rested":0,"item_purchase_floors":[11,11,14,25,25],"current_hp_per_floor":[75,75,75,75,75,69,69,69,69,69,69,69,69,69,69,63,75,74,63,59,59,28,28,25,25,25,25,23,28,31,47,47,30,85,81,81,81,80,85,85,85,85,99,99,99,99,99,97,97,89,99,99,99,89,62],"gold":493,"neow_bonus":"BOSS_RELIC","is_daily":false,"chose_seed":false,"campfire_upgraded":10,"win_rate":0.0,"timestamp":1610579026,"path_taken":["M","?","?","?","M","E","R","?","T","R","$","R","?","$","R","BOSS","M","M","?","?","M","R","M","$","T","?","M","M","?","E","R","BOSS","M","?","?","M","M","E","R","M","T","R","E","R","?","M","R","BOSS","R","$","E","BOSS"],"items_purchased_type":["Relic","Card","Card","Relic","Card"],"build_version":"2020-12-22","purchased_purges":2,"victory":true,"max_hp_per_floor":[75,75,75,75,75,75,75,75,75,75,75,75,75,75,75,75,75,75,75,75,75,75,75,75,75,75,75,75,75,75,85,85,85,85,85,85,85,85,85,85,85,85,99,99,99,99,99,99,99,99,99,99,99,99,99],"card_choices":[{"not_picked":["HollowMod:SoulStrike","HollowMod:SiblingsSouls"],"picked":"HollowMod:CloakDash","floor":1},{"not_picked":["HollowMod:BrokenVessel","HollowMod:InfectedCysts","HollowMod:NewGlowingWomb"],"picked":"SKIP","floor":5},{"not_picked":["HollowMod:MawleksShell","HollowMod:DesolateDive","HollowMod:GoodIntentions"],"picked":"SKIP","floor":6},{"not_picked":["HollowMod:TaintedHusks","HollowMod:SharpenedNail","HollowMod:CoiledNail"],"picked":"SKIP","floor":8},{"not_picked":["HollowMod:SlysStrikes","HollowMod:HerrahsAnger"],"picked":"HollowMod:LordofShades","floor":16},{"not_picked":["HollowMod:InfectedAttack","HollowMod:FallenFury","HollowMod:SoulSplash"],"picked":"SKIP","floor":18},{"not_picked":["HollowMod:AbyssShriek","HollowMod:LifebloodCocoon","HollowMod:MonomonsArchive"],"picked":"SKIP","floor":18},{"not_picked":["HollowMod:QuirrelsAssistance+1","HollowMod:NewJinnsSoul"],"picked":"HollowMod:CloakDash+1","floor":19},{"not_picked":["HollowMod:LifebloodCocoon","HollowMod:SoulVessel","HollowMod:CornifersMapStart"],"picked":"SKIP","floor":19},{"not_picked":["HollowMod:SlysStrikes","HollowMod:SiblingsShadow"],"picked":"HollowMod:ShadowDash","floor":22},{"not_picked":["HollowMod:ChannelNail","HollowMod:TaintedHusks"],"picked":"HollowMod:BlackTendrils+1","floor":22},{"not_picked":["HollowMod:SoulSplash","HollowMod:DesolateDive"],"picked":"HollowMod:PerfectDash","floor":24},{"not_picked":["HollowMod:MawleksShell+1","HollowMod:HeavyBlow","HollowMod:SoulSplash"],"picked":"SKIP","floor":24},{"not_picked":["HollowMod:HowlingWraiths","HollowMod:SharpenedNail+1"],"picked":"HollowMod:VengefulVoid+1","floor":28},{"not_picked":["HollowMod:SoulShaman","HollowMod:MawleksShell","HollowMod:BaldurShell+1"],"picked":"SKIP","floor":28},{"not_picked":["HollowMod:MawleksShell+1","HollowMod:ChannelNail"],"picked":"HollowMod:CloakDash","floor":29},{"not_picked":["HollowMod:SoulEater+1","HollowMod:HowlingWraiths","HollowMod:GoodIntentions"],"picked":"SKIP","floor":29},{"not_picked":["HollowMod:NewJinnsSoul","HollowMod:NewLittleFool+1"],"picked":"HollowMod:VengefulVoid+1","floor":30},{"not_picked":["HollowMod:CycloneSlash","HollowMod:GrimmsGift+1","HollowMod:DashSlash"],"picked":"SKIP","floor":30},{"not_picked":["HollowMod:MothsMistake","HollowMod:CoiledNail","HollowMod:AwokenDreamNail"],"picked":"SKIP","floor":31},{"not_picked":["HollowMod:SoulMaster","HollowMod:PureVessel"],"picked":"HollowMod:ZotesMagnificence","floor":33},{"not_picked":["HollowMod:InfectionAssault+1","HollowMod:SoulShaman"],"picked":"HollowMod:SiblingsShadow","floor":35},{"not_picked":["HollowMod:SoulStrike+1","HollowMod:LifebloodCocoon+1"],"picked":"HollowMod:ShadowDash","floor":35},{"not_picked":["HollowMod:QuirrelsAssistance+1","HollowMod:DashSlash+1"],"picked":"HollowMod:DescendingDark","floor":38},{"not_picked":["HollowMod:InfectedCysts+1","HollowMod:LifebloodCocoon+1","HollowMod:SiblingsSouls"],"picked":"SKIP","floor":38},{"not_picked":["HollowMod:DoubleDash+1","HollowMod:InfectedCysts+1"],"picked":"HollowMod:LordofShades","floor":39},{"not_picked":["HollowMod:ShapeofUnn","HollowMod:CycloneSlash"],"picked":"HollowMod:VengefulVoid+1","floor":39},{"not_picked":["HollowMod:BaldurShell+1","HollowMod:SoulShaman"],"picked":"HollowMod:DescendingDark+1","floor":40},{"not_picked":["HollowMod:CornifersMapStart","HollowMod:NewJinnsSoul"],"picked":"HollowMod:CloakDash+1","floor":42},{"not_picked":["HollowMod:VengefulVoid+1","HollowMod:TaintedHusks+1","HollowMod:theNailsmith"],"picked":"SKIP","floor":42},{"not_picked":["HollowMod:MothsMistake","HollowMod:FallenFury+1","HollowMod:BrokenVessel+1"],"picked":"SKIP","floor":45},{"not_picked":["HollowMod:DoubleDash","HollowMod:ChannelNail+1"],"picked":"HollowMod:VengefulVoid+1","floor":48},{"not_picked":["HollowMod:TaintedHusks+1","HollowMod:HowlingWraiths+1","HollowMod:GoodIntentions"],"picked":"SKIP","floor":48},{"not_picked":["HollowMod:AbyssShriek+1","HollowMod:PerfectDash","HollowMod:SiblingsSouls"],"picked":"SKIP","floor":54}],"player_experience":155920,"relics_obtained":[{"floor":6,"key":"Old Coin"},{"floor":26,"key":"Mercury Hourglass"},{"floor":31,"key":"Pear"},{"floor":35,"key":"wanderingMiniBosses:AbyssPearl"},{"floor":40,"key":"Art of War"},{"floor":43,"key":"Mango"},{"floor":45,"key":"Whetstone"},{"floor":54,"key":"infinitespire:Satchel"}],"event_choices":[],"is_beta":false,"boss_relics":[{"not_picked":["Cursed Key","hubris:BlackHole"],"picked":"hubris:RunicObelisk"},{"not_picked":["Tiny House","hubris:CrackedHourglass"],"picked":"Empty Cage"}],"items_purged_floors":[11,14],"is_endless":false,"potions_floor_spawned":[6,8,16,18,22,28,30,38,40,48,54],"ascension_level":0}}