{"host":"xt3o4iokwksypl90","time":1610551828,"event":{"mods":["AchievementEnabler","BaseMod","Googly Eyes","Highlight Path","Minty Spire (QoL Compilation)","Permanent Neow"],"gold_per_floor":[115,115,190,210,109,145,164,188,214,255,280,298,198,198,198,198,198],"floor_reached":16,"language":"ENG","playtime":882,"items_purged":["Defend_R","Strike_R"],"score":112,"play_id":"ece2216f-5d93-468e-8b49-4fd11163a10c","local_time":"20210113163028","is_ascension_mode":false,"campfire_choices":[{"data":"Shrug It Off","floor":15,"key":"SMITH"}],"circlet_count":0,"master_deck":["Strike_R","Strike_R","Strike_R","Strike_R","Defend_R","Defend_R","Defend_R","Bash","Shrug It Off+1","Pommel Strike","Shrug It Off","Twin Strike","Ghostly Armor","Headbutt","Seeing Red"],"relics":["Burning Blood","Golden Idol","Ancient Tea Set","MealTicket","Blood Vial"],"acts_visited":["Exordium"],"potions_floor_usage":[8,12,16],"damage_taken":[{"damage":0,"enemies":"2 Louse","floor":1,"turns":4},{"damage":0,"enemies":"Small Slimes","floor":4,"turns":3},{"damage":28,"enemies":"Gremlin Nob","floor":6,"turns":5},{"damage":0,"enemies":"Cultist","floor":7,"turns":3},{"damage":3,"enemies":"Red Slaver","floor":8,"turns":4},{"damage":15,"enemies":"3 Sentries","floor":10,"turns":11},{"damage":0,"enemies":"Blue Slaver","floor":11,"turns":4},{"damage":1,"enemies":"Large Slime","floor":12,"turns":5},{"damage":56,"enemies":"Hexaghost","floor":16,"turns":16}],"seed_played":"-3246314008588118378","potions_obtained":[{"floor":6,"key":"DistilledChaos"},{"floor":7,"key":"Block Potion"},{"floor":11,"key":"BlessingOfTheForge"},{"floor":12,"key":"Weak Potion"}],"is_trial":false,"path_per_floor":["M","?","?","M","$","E","M","M","T","E","M","M","$","?","R","B"],"character_chosen":"IRONCLAD","items_purchased":["Twin Strike"],"campfire_rested":0,"item_purchase_floors":[5],"current_hp_per_floor":[80,60,52,58,58,36,42,45,45,36,44,51,66,66,66,12,12],"gold":198,"neow_bonus":"THREE_CARDS","is_daily":false,"chose_seed":false,"campfire_upgraded":1,"win_rate":0.0,"timestamp":1610551828,"path_taken":["M","?","?","M","$","E","M","M","T","E","M","?","?","?","R","BOSS"],"items_purchased_type":["Card"],"build_version":"2020-12-22","purchased_purges":2,"victory":false,"max_hp_per_floor":[80,80,80,80,80,80,80,80,80,80,80,80,80,80,80,80,80],"card_choices":[{"not_picked":["Body Slam","Perfected Strike"],"picked":"Shrug It Off","floor":0},{"not_picked":["Anger","Rupture"],"picked":"Pommel Strike","floor":1},{"not_picked":["Intimidate","Limit Break"],"picked":"Shrug It Off","floor":4},{"not_picked":["Power Through","Feel No Pain"],"picked":"Ghostly Armor","floor":6},{"not_picked":["Hemokinesis","Second Wind","Sentinel"],"picked":"SKIP","floor":7},{"not_picked":["Havoc","Flex","Infernal Blade"],"picked":"SKIP","floor":8},{"not_picked":["Carnage","Flex"],"picked":"Headbutt","floor":10},{"not_picked":["Iron Wave","Clothesline"],"picked":"Seeing Red","floor":11},{"not_picked":["Dark Embrace","Heavy Blade","Pummel"],"picked":"SKIP","floor":12}],"player_experience":300299,"relics_obtained":[{"floor":6,"key":"Ancient Tea Set"},{"floor":9,"key":"MealTicket"},{"floor":10,"key":"Blood Vial"}],"event_choices":[{"damage_healed":0,"gold_gain":0,"player_choice":"Take Damage","damage_taken":20,"relics_obtained":["Golden Idol"],"max_hp_gain":0,"max_hp_loss":0,"event_name":"Golden Idol","floor":2,"gold_loss":0},{"damage_healed":0,"gold_gain":75,"player_choice":"Touch","damage_taken":8,"max_hp_gain":0,"max_hp_loss":0,"event_name":"FaceTrader","floor":3,"gold_loss":0},{"damage_healed":0,"gold_gain":0,"player_choice":"Ignored","damage_taken":0,"max_hp_gain":0,"max_hp_loss":0,"event_name":"Liars Game","floor":14,"gold_loss":0}],"is_beta":false,"boss_relics":[],"items_purged_floors":[5,13],"is_endless":false,"potions_floor_spawned":[6,7,11,12],"killed_by":"Hexaghost","ascension_level":0}}