{"host":"z5ogtnuuoxgup8y1","time":1610572654,"event":{"mods":["BaseMod","Better Third Choice","BetterRewards","Hermit","Hubris","Jorbs\u0027s Wanderer Trilogy","Minty Spire (QoL Compilation)","Replay The Spire","Spicy Shops","StSLib","The Cursed","The Disciple","The Hierophant","The Jungle","The Runesmith"],"gold_per_floor":[119,137,151,166,181,214,214,247,247,258,276,306,306,306,306,378,378,358,358],"floor_reached":18,"language":"ENG","playtime":823,"items_purged":["Strike_R"],"score":618,"play_id":"faed7f38-7b6e-4f89-9b59-014a460d083d","local_time":"20210113211734","is_ascension_mode":true,"campfire_choices":[{"floor":7,"key":"REST"}],"circlet_count":0,"master_deck":["AscendersBane","Defend_R","Defend_R","Defend_R","Defend_R","Bash","Hemokinesis+1","Fire Breathing","Carnage","Combust","Shockwave","Havoc","Offering","Power Through","Pommel Strike","Regret","Body Slam","Reaper","Searing Blow+1","Shrug It Off+1","Body Slam+1"],"relics":["Burning Blood","hubris:OldNail","Charon\u0027s Ashes","Chemical X","Gremlin Food","Potion Belt","Kunai","Boot","Ring of Fury","ReplayTheSpireMod:Ring of Challenge","Astrolabe"],"acts_visited":["Exordium","TheCity"],"potions_floor_usage":[5,16],"damage_taken":[{"damage":2,"enemies":"Cultist","floor":1,"turns":4},{"damage":2,"enemies":"Small Slimes","floor":2,"turns":3},{"damage":2,"enemies":"2 Louse","floor":3,"turns":1},{"damage":12,"enemies":"Large Slime","floor":4,"turns":3},{"damage":4,"enemies":"Blue Slaver","floor":5,"turns":1},{"damage":22,"enemies":"Replay:BlueRogue","floor":6,"turns":4},{"damage":10,"enemies":"Gremlin Nob","floor":8,"turns":2},{"damage":5,"enemies":"Exordium Wildlife","floor":10,"turns":4},{"damage":6,"enemies":"Red Slaver","floor":11,"turns":3},{"damage":30,"enemies":"Replay:BlueRogue","floor":12,"turns":4},{"damage":48,"enemies":"Fading Forest","floor":16,"turns":13},{"damage":4,"enemies":"2 Thieves","floor":18,"turns":1}],"seed_played":"7142138923682668981","potions_obtained":[{"floor":2,"key":"DuplicationPotion"},{"floor":5,"key":"Fire Potion"},{"floor":8,"key":"Milkshake"}],"is_trial":false,"path_per_floor":["M","M","M","M","M","E","R","E","T","M","M","E","?","?","R","B",null,"M"],"character_chosen":"IRONCLAD","items_purchased":["Hemokinesis","hubris:OldNail","Chemical X","BloodPotion"],"campfire_rested":1,"item_purchase_floors":[0,0,0,0],"current_hp_per_floor":[38,42,46,40,42,26,48,44,44,45,45,21,46,46,46,43,67,63,63],"gold":358,"neow_bonus":"","is_daily":false,"chose_seed":false,"campfire_upgraded":0,"win_rate":0.0,"timestamp":1610572654,"path_taken":["M","M","M","M","?","E","R","E","T","M","M","E","?","?","R","BOSS","M"],"items_purchased_type":["Card","Relic","Relic","Potion"],"build_version":"2020-12-22","purchased_purges":1,"victory":false,"max_hp_per_floor":[75,75,75,75,75,75,75,75,75,75,75,75,75,75,75,75,75,75,75],"card_choices":[{"not_picked":["Sever Soul","Inflame"],"picked":"Carnage","floor":1},{"not_picked":["Perfected Strike","Armaments"],"picked":"Combust","floor":2},{"not_picked":["Life Link","Pommel Strike"],"picked":"Shockwave","floor":3},{"not_picked":["Pommel Strike","Berserk","Entrench"],"picked":"SKIP","floor":4},{"not_picked":["Twin Strike","ReplayTheSpireMod:Corrosion Curse"],"picked":"Havoc","floor":5},{"not_picked":["Body Slam","Iron Wave"],"picked":"Offering","floor":6},{"not_picked":["Perfected Strike","Clothesline","Rage"],"picked":"SKIP","floor":8},{"not_picked":["Run Through","Twin Strike"],"picked":"Power Through","floor":10},{"not_picked":["Wild Strike","Reckless Charge"],"picked":"Pommel Strike","floor":11},{"not_picked":["Flex","Twin Strike","Clothesline"],"picked":"SKIP","floor":12},{"not_picked":["Impervious","Juggernaut"],"picked":"Reaper","floor":16}],"player_experience":672591,"relics_obtained":[{"floor":6,"key":"Gremlin Food"},{"floor":8,"key":"Potion Belt"},{"floor":9,"key":"Kunai"},{"floor":12,"key":"Boot"},{"floor":14,"key":"Ring of Fury"},{"floor":14,"key":"ReplayTheSpireMod:Ring of Challenge"}],"event_choices":[{"damage_healed":25,"gold_gain":0,"player_choice":"Banana","damage_taken":0,"max_hp_gain":0,"max_hp_loss":0,"event_name":"Big Fish","floor":13,"gold_loss":0}],"is_beta":false,"boss_relics":[{"not_picked":["Kintsugi","Ectoplasm"],"picked":"Astrolabe"}],"items_purged_floors":[0],"is_endless":false,"potions_floor_spawned":[2,3,5,8],"killed_by":"2 Thieves","ascension_level":20}}