{"host":"fm9e0lfunjlbhzxv","time":1610502487,"event":{"mods":["2.2 Compatiblity","Abigail Mod","Astrologer","BaseMod","Bestiary","Better Match","Better Skull","Better Third Choice","Colored Map","Colored Powertips","Downfall","Energized Spire","Key Reminder","Koishi","Minty Spire (QoL Compilation)","Permanent Neow","Rare Cards Sparkle","Relic Stats","Spicy Shops","StSLib","The Administrix","The Bug Knight","slay the spire mod where everything is the same but ironclad has a cowboy hat"],"gold_per_floor":[99,111,111,36,36,21,21,38,68,68,80,5,35,55,67,162,162,162,175,175,7,25,239,239,164,74,84,99,99,134,153,171,266,266,266,282,282,282,282,282],"floor_reached":38,"language":"ENG","playtime":2517,"items_purged":["hexamod:EmpoweringStance"],"score":469,"play_id":"0e508483-b685-4215-8125-c5bbb38063d6","local_time":"20210112174807","is_ascension_mode":false,"campfire_choices":[{"floor":1,"key":"RECALL"},{"floor":12,"key":"REST"},{"data":"hexamod:HexaLevel","floor":18,"key":"SMITH"},{"floor":25,"key":"REST"},{"data":"hexamod:SoulSteal","floor":35,"key":"SMITH"}],"circlet_count":0,"master_deck":["hexamod:Strike","hexamod:Strike","hexamod:Strike","hexamod:Defend","hexamod:Defend","hexamod:Defend","hexamod:Defend","hexamod:Sear","hexamod:Float","hexamod:GhostLash","hexamod:BurningTouch","hexamod:StepThrough","hexamod:GhostShield","hexamod:FastForward","hexamod:SpectersWail","hexamod:ExtraCrispy","hexamod:RadiantFlame","hexamod:PowerFromBeyond","hexamod:HexaLevel+1","hexamod:RainOfEmbers","hexamod:RadiantFlame","hexamod:Hexaguard+1","hexamod:FirstSeal","hexamod:Haunt+1","hexamod:ShieldOfDarkness","hexamod:StepThrough","hexamod:PhantomCloak+1","hexamod:SoulSteal+1","hexamod:EtherealExpedition+1","hexamod:FirstSeal","hexamod:TimeOfNeed","hexamod:FifthSeal","hexamod:ParanormalForm","hexamod:SecondSeal","hexamod:ThirdSeal","hexamod:FirstSeal"],"relics":["hexamod:SpiritBrand","keyreminder:keyreminder","Kunai","Odd Mushroom","downfall:HeartBlessingRed","Ancient Tea Set","energizedSpire:StickyHand","hexamod:MatchstickCase","Bronze Scales","downfall:HeartBlessingBlue","Unceasing Top","Empty Cage"],"acts_visited":["Exordium","TheCity","TheBeyond"],"potions_floor_usage":[13],"damage_taken":[{"damage":0,"enemies":"2 Louse","floor":2,"turns":3},{"damage":0,"enemies":"downfall:FleeingMerchant","floor":4,"turns":4},{"damage":0,"enemies":"Cultist","floor":5,"turns":1},{"damage":9,"enemies":"downfall:FleeingMerchant","floor":6,"turns":4},{"damage":0,"enemies":"Jaw Worm","floor":8,"turns":3},{"damage":19,"enemies":"The Mushroom Lair","floor":9,"turns":5},{"damage":0,"enemies":"Large Slime","floor":11,"turns":5},{"damage":0,"enemies":"Gremlin Nob","floor":13,"turns":3},{"damage":0,"enemies":"3 Louse","floor":14,"turns":2},{"damage":0,"enemies":"Red Slaver","floor":15,"turns":4},{"damage":24,"enemies":"downfall:Silent","floor":16,"turns":9},{"damage":0,"enemies":"Shell Parasite","floor":19,"turns":4},{"damage":2,"enemies":"downfall:FleeingMerchant","floor":21,"turns":4},{"damage":0,"enemies":"Spheric Guardian","floor":22,"turns":3},{"damage":14,"enemies":"downfall:FleeingMerchant","floor":26,"turns":4},{"damage":9,"enemies":"Snake Plant","floor":27,"turns":4},{"damage":0,"enemies":"Shelled Parasite and Fungi","floor":28,"turns":5},{"damage":18,"enemies":"Book of Stabbing","floor":30,"turns":5},{"damage":8,"enemies":"Centurion and Healer","floor":31,"turns":6},{"damage":7,"enemies":"Snecko","floor":32,"turns":5},{"damage":11,"enemies":"downfall:Defect","floor":33,"turns":7},{"damage":17,"enemies":"3 Shapes","floor":36,"turns":4},{"damage":91,"enemies":"2 Orb Walkers","floor":38,"turns":5}],"seed_played":"1064650902230096646","potions_obtained":[{"floor":9,"key":"AttackPotion"},{"floor":14,"key":"BlessingOfTheForge"},{"floor":15,"key":"Regen Potion"},{"floor":16,"key":"FearPotion"},{"floor":31,"key":"Strength Potion"},{"floor":36,"key":"LiquidBronze"}],"is_trial":false,"path_per_floor":["R","M","?","$","M","$","T","M","?","?","M","R","E","M","M","B",null,"R","M","?","$","M","?","T","R","$","M","M","?","E","M","M","B",null,"R","M","?","?"],"character_chosen":"THE_SPIRIT","items_purchased":["hexamod:StepThrough","hexamod:MatchstickCase"],"campfire_rested":2,"item_purchase_floors":[4,21],"current_hp_per_floor":[70,70,70,70,70,61,61,61,42,42,42,63,63,63,63,39,70,70,70,63,68,68,37,37,71,64,55,69,90,86,90,90,90,90,90,80,80,0,0,0],"gold":282,"neow_bonus":"ONE_RANDOM_RARE_CARD","is_daily":false,"chose_seed":false,"campfire_upgraded":2,"win_rate":0.0,"timestamp":1610502487,"path_taken":["R","M","?","$","M","$","T","M","?","?","M","R","E","M","M","BOSS","R","M","?","$","M","?","T","R","$","?","M","?","E","?","M","BOSS","R","M","?","?"],"items_purchased_type":["Card","Relic"],"build_version":"2020-12-22","purchased_purges":1,"victory":false,"max_hp_per_floor":[70,70,70,70,70,70,70,70,70,70,70,70,70,70,70,70,70,70,70,70,70,70,70,70,80,80,80,80,90,90,90,90,90,90,90,90,90,90,90,90],"relic_stats":{"counters":[23,99],"Bronze Scales":[144],"Kunai":[8],"obtain_stats":[{"downfall:HeartBlessingRed":12,"Odd Mushroom":9,"energizedSpire:StickyHand":17,"Ancient Tea Set":13,"Empty Cage":34,"hexamod:MatchstickCase":21,"keyreminder:keyreminder":1,"downfall:BrokenWingStatue":3,"downfall:HeartBlessingBlue":25,"Bronze Scales":23,"Kunai":7,"hexamod:SpiritBrand":0,"Unceasing Top":30},{"downfall:HeartBlessingRed":7,"Odd Mushroom":6,"energizedSpire:StickyHand":11,"Ancient Tea Set":8,"Empty Cage":21,"hexamod:MatchstickCase":13,"keyreminder:keyreminder":0,"downfall:BrokenWingStatue":1,"downfall:HeartBlessingBlue":14,"Bronze Scales":14,"Kunai":4,"hexamod:SpiritBrand":0,"Unceasing Top":18},{"downfall:HeartBlessingRed":25,"Odd Mushroom":20,"energizedSpire:StickyHand":43,"Ancient Tea Set":28,"Empty Cage":90,"hexamod:MatchstickCase":51,"keyreminder:keyreminder":0,"downfall:BrokenWingStatue":3,"downfall:HeartBlessingBlue":54,"Bronze Scales":54,"Kunai":12,"hexamod:SpiritBrand":0,"Unceasing Top":72}],"Unceasing Top":[3]},"card_choices":[{"not_picked":["hexamod:HauntingEcho","hexamod:BurningTouch"],"picked":"hexamod:GhostLash","floor":2},{"not_picked":["hexamod:BacktrackSmack","hexamod:AdvancingGuard"],"picked":"hexamod:BurningTouch","floor":4},{"not_picked":["hexamod:BurningTouch","hexamod:RainOfEmbers"],"picked":"hexamod:GhostShield","floor":5},{"not_picked":["hexamod:NightmareStrike","hexamod:Incineration"],"picked":"hexamod:FastForward","floor":6},{"not_picked":["hexamod:GhostShield","hexamod:EmpoweringStance"],"picked":"hexamod:SpectersWail","floor":8},{"not_picked":["hexamod:ThermalTransfer","hexamod:InspiringFlames"],"picked":"hexamod:ExtraCrispy","floor":9},{"not_picked":["hexamod:FastForward","hexamod:GhostLash","hexamod:HeatCrush"],"picked":"SKIP","floor":11},{"not_picked":["hexamod:SwordOfDarkness","hexamod:ThermalTransfer"],"picked":"hexamod:RadiantFlame","floor":13},{"not_picked":["hexamod:NightmareGuise","hexamod:BacktrackSmack"],"picked":"hexamod:PowerFromBeyond","floor":14},{"not_picked":["hexamod:Firestarter","hexamod:SpectralAdrenaline"],"picked":"hexamod:CrushingStance","floor":15},{"not_picked":["hexamod:SixthSeal","hexamod:GhostflameInferno"],"picked":"hexamod:HexaLevel","floor":16},{"not_picked":["hexamod:RainOfEmbers","hexamod:Hexaguard+1"],"picked":"hexamod:RadiantFlame","floor":19},{"not_picked":["hexamod:Haunt+1","hexamod:ShieldOfDarkness"],"picked":"hexamod:StepThrough","floor":21},{"not_picked":["hexamod:SpectralAdrenaline","hexamod:BurningTouch","hexamod:Hexaguard"],"picked":"SKIP","floor":22},{"not_picked":["hexamod:NightmareGuise","hexamod:EmpoweringStance"],"picked":"hexamod:PhantomCloak+1","floor":26},{"not_picked":["hexamod:SoulSteal","hexamod:FirstSeal"],"picked":"hexamod:EtherealExpedition+1","floor":27},{"not_picked":["hexamod:BacktrackSmack","hexamod:FourthSeal","hexamod:HauntingEcho"],"picked":"SKIP","floor":28},{"not_picked":["hexamod:BacktrackSmack","hexamod:FourthSeal","hexamod:HauntingEcho"],"picked":"SKIP","floor":28},{"not_picked":["hexamod:ExtraCrispy","hexamod:Firestarter","hexamod:BurningTouch"],"picked":"SKIP","floor":30},{"not_picked":["hexamod:NightmareStrike","hexamod:GhostflameBarrier","hexamod:RainOfEmbers"],"picked":"SKIP","floor":31},{"not_picked":["hexamod:DynamicBlow","hexamod:Firestarter","hexamod:AdvancingGuard+1"],"picked":"SKIP","floor":32},{"not_picked":["hexamod:TimeOfNeed","hexamod:ParanormalForm"],"picked":"hexamod:FifthSeal","floor":33},{"not_picked":["hexamod:SecondSeal","hexamod:FirstSeal"],"picked":"hexamod:ThirdSeal","floor":36},{"not_picked":["hexamod:ChargedBarrage","hexamod:SwordOfDarkness+1","hexamod:NightmareStrike"],"picked":"SKIP","floor":36}],"player_experience":645874,"relics_obtained":[{"floor":7,"key":"Kunai"},{"floor":9,"key":"Odd Mushroom"},{"floor":13,"key":"Ancient Tea Set"},{"floor":30,"key":"Unceasing Top"}],"event_choices":[{"damage_healed":0,"gold_gain":0,"player_choice":"Fought Mushrooms","damage_taken":0,"max_hp_gain":0,"max_hp_loss":0,"event_name":"Mushrooms","floor":9,"gold_loss":0},{"damage_healed":0,"gold_gain":214,"player_choice":"GO RE GO ","damage_taken":35,"relics_obtained":["Bronze Scales"],"max_hp_gain":0,"max_hp_loss":0,"event_name":"betterSkull:BetterSkull","floor":23,"gold_loss":0,"cards_upgraded":[]},{"cards_removed":["hexamod:EmpoweringStance"],"damage_healed":11,"gold_gain":0,"player_choice":"Offered Rare","damage_taken":0,"max_hp_gain":10,"max_hp_loss":0,"event_name":"Bonfire Elementals","floor":29,"gold_loss":0},{"damage_healed":0,"gold_gain":0,"player_choice":"Fight","damage_taken":0,"max_hp_gain":0,"max_hp_loss":0,"event_name":"Mysterious Sphere","floor":38,"gold_loss":0}],"is_beta":false,"boss_relics":[{"not_picked":["Black Star","Philosopher\u0027s Stone"],"picked":"energizedSpire:StickyHand"},{"not_picked":["Cursed Key","energizedSpire:EnergizedDie"],"picked":"Empty Cage"}],"items_purged_floors":[26],"is_endless":false,"potions_floor_spawned":[9,14,15,16,19,22,28,31,36],"killed_by":"2 Orb Walkers","ascension_level":0}}