{"host":"9som2zyqy2qnw00t","time":1610508115,"event":{"mods":["BaseMod","Colored Map","Colored Powertips","Downfall","Googly Eyes","Highlight Path","Minty Spire (QoL Compilation)","StSLib"],"gold_per_floor":[99,111,211,3,23,23,50,50,64,64,89,89,14,24,42,138,138,138,138,138,138,138,138,138,138,138,138,138,138,138,138,138,138,138,138,138,138,138,138,138,138,138,138,138,138,123,123,23,23,23,23,23,23,23],"floor_reached":52,"language":"ENG","playtime":8111,"items_purged":["hexamod:Strike","hexamod:Strike"],"score":704,"play_id":"1ac60a60-36c3-4d49-9fc2-5350f3883b68","local_time":"20210112212155","is_ascension_mode":false,"campfire_choices":[{"floor":1,"key":"RECALL"},{"data":"hexamod:ChargedBarrage","floor":6,"key":"SMITH"},{"data":"hexamod:RadiantFlame","floor":8,"key":"SMITH"},{"data":"hexamod:ExtraCrispy","floor":10,"key":"SMITH"},{"data":"hexamod:Float","floor":13,"key":"SMITH"},{"data":"hexamod:FastForward","floor":18,"key":"SMITH"},{"floor":26,"key":"REST"},{"floor":28,"key":"REST"},{"data":"hexamod:Strike","floor":35,"key":"PURGE"},{"data":"hexamod:Defend","floor":43,"key":"PURGE"},{"floor":45,"key":"REST"}],"circlet_count":0,"master_deck":["hexamod:Strike","hexamod:Defend","hexamod:Defend","hexamod:Defend","hexamod:Sear","hexamod:Float+1","hexamod:ExtraCrispy+1","hexamod:ChargedBarrage+1","hexamod:RadiantFlame+1","hexamod:StepThrough","hexamod:AdvancingGuard","hexamod:Firestarter","hexamod:SearingWound+1","hexamod:FastForward+1","hexamod:InspiringFlames","hexamod:Hexaguard+1","hexamod:ThermalTransfer+1","hexamod:ExtraCrispy","hexamod:FirstSeal","hexamod:TimeWarp+1","hexamod:HeatShield","hexamod:ThermalTransfer+1","hexamod:RainOfEmbers+1","hexamod:DynamicBlow+1","hexamod:WildfireWeapon","Parasite","hexamod:EmpoweredFlame"],"relics":["hexamod:SpiritBrand","White Beast Statue","downfall:HeartBlessingRed","downfall:Hecktoplasm","downfall:HeartBlessingBlue","downfall:KnowingSkull","Peace Pipe","Tiny Chest","hexamod:SoulConsumer","Molten Egg 2","hexamod:TheBrokenSeal","Black Star","Pen Nib","Centennial Puzzle","Sundial","Toy Ornithopter","downfall:HeartBlessingGreen"],"acts_visited":["Exordium","TheCity","TheBeyond","TheEnding"],"potions_floor_usage":[11,16,21,22,25,27,29,32,37,37,42,48,50],"damage_taken":[{"damage":0,"enemies":"2 Louse","floor":2,"turns":4},{"damage":0,"enemies":"downfall:FleeingMerchant","floor":4,"turns":4},{"damage":0,"enemies":"Cultist","floor":5,"turns":3},{"damage":0,"enemies":"Small Slimes","floor":9,"turns":3},{"damage":26,"enemies":"3 Sentries","floor":11,"turns":8},{"damage":6,"enemies":"3 Louse","floor":14,"turns":4},{"damage":2,"enemies":"2 Fungi Beasts","floor":15,"turns":3},{"damage":12,"enemies":"downfall:Watcher","floor":16,"turns":9},{"damage":0,"enemies":"Chosen","floor":19,"turns":3},{"damage":15,"enemies":"Spheric Guardian","floor":21,"turns":4},{"damage":7,"enemies":"Snake Plant","floor":22,"turns":3},{"damage":27,"enemies":"Slavers","floor":23,"turns":4},{"damage":22,"enemies":"Colosseum Nobs","floor":25,"turns":5},{"damage":5,"enemies":"Cultist and Chosen","floor":27,"turns":6},{"damage":7,"enemies":"Centurion and Healer","floor":29,"turns":4},{"damage":1,"enemies":"Shelled Parasite and Fungi","floor":32,"turns":5},{"damage":29,"enemies":"downfall:Defect","floor":33,"turns":8},{"damage":1,"enemies":"Orb Walker","floor":36,"turns":3},{"damage":16,"enemies":"3 Darklings","floor":37,"turns":4},{"damage":8,"enemies":"Spire Growth","floor":39,"turns":6},{"damage":5,"enemies":"Jaw Worm Horde","floor":42,"turns":3},{"damage":25,"enemies":"Giant Head","floor":44,"turns":10},{"damage":1,"enemies":"downfall:FleeingMerchant","floor":46,"turns":4},{"damage":12,"enemies":"Maw","floor":47,"turns":5},{"damage":9,"enemies":"downfall:FleeingMerchant","floor":48,"turns":3},{"damage":8,"enemies":"Writhing Mass","floor":49,"turns":5},{"damage":31,"enemies":"downfall:Silent","floor":50,"turns":7},{"damage":125,"enemies":"downfall:CharBossMerchant","floor":52,"turns":7}],"seed_played":"-8542764354665657053","potions_obtained":[{"floor":2,"key":"Explosive Potion"},{"floor":9,"key":"Energy Potion"},{"floor":14,"key":"Swift Potion"},{"floor":15,"key":"BlessingOfTheForge"},{"floor":16,"key":"hexamod:InfernoChargePotion"},{"floor":21,"key":"Energy Potion"},{"floor":22,"key":"EssenceOfSteel"},{"floor":25,"key":"Strength Potion"},{"floor":27,"key":"sneckomod:MuddlingPotion"},{"floor":29,"key":"GamblersBrew"},{"floor":32,"key":"SpeedPotion"},{"floor":33,"key":"Block Potion"},{"floor":37,"key":"SneckoOil"},{"floor":39,"key":"SteroidPotion"},{"floor":42,"key":"DuplicationPotion"},{"floor":44,"key":"Strength Potion"},{"floor":48,"key":"Swift Potion"}],"is_trial":false,"path_per_floor":["R","M","?","$","M","R","T","R","M","R","E","?","R","M","M","B",null,"R","M","?","M","M","E","T","?","R","M","R","M","?","?","M","B",null,"R","M","M","T","M","?","T","M","R","E","R","$","M","$","M","B",null,"E"],"character_chosen":"THE_SPIRIT","items_purchased":["hexamod:RadiantFlame","hexamod:StepThrough"],"campfire_rested":3,"item_purchase_floors":[4,4],"current_hp_per_floor":[77,77,77,77,77,77,77,77,77,77,51,51,51,45,43,31,77,87,87,80,65,65,45,45,30,56,58,84,84,84,84,83,94,97,97,96,80,80,72,72,72,74,74,49,78,77,65,61,60,41,97,0,0,0],"gold":23,"neow_bonus":"TEN_PERCENT_HP_BONUS","is_daily":false,"chose_seed":false,"campfire_upgraded":5,"win_rate":0.0,"timestamp":1610508115,"path_taken":["R","M","?","$","M","R","T","R","M","R","E","?","R","M","M","BOSS","R","M","?","?","M","E","T","?","R","M","R","M","?","?","M","BOSS","R","M","M","?","M","?","T","M","R","E","R","?","M","$","M","BOSS","E"],"items_purchased_type":["Card","Card"],"build_version":"2020-12-22","purchased_purges":2,"victory":false,"max_hp_per_floor":[77,77,77,77,77,77,77,77,77,77,77,77,77,77,77,77,77,87,87,87,87,87,87,87,87,87,87,87,87,87,87,87,97,97,97,97,97,97,97,97,97,97,97,97,97,97,97,97,97,97,97,97,97,97],"card_choices":[{"not_picked":["hexamod:Rewind","hexamod:Hexaguard"],"picked":"hexamod:ExtraCrispy","floor":2},{"not_picked":["hexamod:DynamicBlow","hexamod:HeatCrush"],"picked":"hexamod:ChargedBarrage","floor":4},{"not_picked":["hexamod:NightmareStrike","hexamod:GhostLash"],"picked":"hexamod:AdvancingGuard","floor":5},{"not_picked":["hexamod:FastForward","hexamod:HauntingEcho"],"picked":"hexamod:Firestarter","floor":9},{"not_picked":["hexamod:SoulSteal","hexamod:AdvancingGuard"],"picked":"hexamod:SearingWound","floor":11},{"not_picked":["hexamod:NightmareGuise","hexamod:BurningTouch"],"picked":"hexamod:FastForward","floor":14},{"not_picked":["hexamod:GhostLash","hexamod:ThermalTransfer"],"picked":"hexamod:InspiringFlames","floor":15},{"not_picked":["hexamod:TimeWarp","hexamod:TimeOfNeed"],"picked":"hexamod:FifthSeal","floor":16},{"not_picked":["hexamod:GhostLash","hexamod:RecurringNightmare","hexamod:ShieldOfDarkness"],"picked":"SKIP","floor":19},{"not_picked":["hexamod:FourthSeal","hexamod:ThirdSeal"],"picked":"hexamod:FirstSeal","floor":21},{"not_picked":["hexamod:Firestarter","hexamod:HeatCrush"],"picked":"hexamod:Hexaguard+1","floor":21},{"not_picked":["hexamod:FirstSeal","hexamod:FourthSeal"],"picked":"hexamod:ThirdSeal","floor":22},{"not_picked":["hexamod:NightmareGuise","hexamod:NightmareStrike","hexamod:ThermalTransfer"],"picked":"SKIP","floor":22},{"not_picked":["hexamod:SwordOfDarkness+1","hexamod:GhostShield"],"picked":"hexamod:FourthSeal","floor":23},{"not_picked":["hexamod:NightmareStrike","hexamod:FastForward","hexamod:ThermalTransfer"],"picked":"SKIP","floor":23},{"not_picked":["hexamod:SwordOfDarkness+1","hexamod:Firestarter+1"],"picked":"hexamod:ThermalTransfer+1","floor":25},{"not_picked":["hexamod:ParanormalForm","hexamod:PhantomFireball+1","hexamod:GhostShield"],"picked":"SKIP","floor":27},{"not_picked":["hexamod:GhostLash+1","hexamod:FourthSeal","hexamod:ShieldOfDarkness"],"picked":"SKIP","floor":27},{"not_picked":["hexamod:FirstSeal","hexamod:FourthSeal"],"picked":"hexamod:SecondSeal","floor":29},{"not_picked":["hexamod:AdvancingGuard","hexamod:GhostShield"],"picked":"hexamod:ExtraCrispy","floor":29},{"not_picked":["hexamod:HauntingEcho+1","hexamod:Firestarter+1","hexamod:BacktrackSmack+1"],"picked":"SKIP","floor":29},{"not_picked":["hexamod:FirstSeal","hexamod:SecondSeal"],"picked":"hexamod:SixthSeal","floor":32},{"not_picked":["hexamod:GhostShield","hexamod:SpectersWail+1","hexamod:ThirdSeal"],"picked":"SKIP","floor":32},{"not_picked":["hexamod:SecondSeal","hexamod:SixthSeal"],"picked":"hexamod:FirstSeal","floor":33},{"not_picked":["hexamod:UnleashSpirits+1","hexamod:SearingWound"],"picked":"hexamod:TimeWarp+1","floor":33},{"not_picked":["hexamod:GhostOfSpirePast+1","hexamod:BurningTouch+1","hexamod:ExtraCrispy+1"],"picked":"SKIP","floor":36},{"not_picked":["hexamod:PhantomFireball+1","hexamod:RadiantFlame+1"],"picked":"hexamod:HeatShield","floor":37},{"not_picked":["hexamod:GhostLash+1","hexamod:RecurringNightmare+1"],"picked":"hexamod:ThermalTransfer+1","floor":39},{"not_picked":["hexamod:Hexaguard+1","hexamod:InspiringFlames+1"],"picked":"hexamod:RainOfEmbers+1","floor":42},{"not_picked":["hexamod:SwordOfDarkness+1","hexamod:ShieldOfDarkness","hexamod:EtherealExpedition"],"picked":"SKIP","floor":44},{"not_picked":["hexamod:SwordOfDarkness+1","hexamod:ShieldOfDarkness","hexamod:EtherealExpedition"],"picked":"SKIP","floor":44},{"not_picked":["hexamod:RetreatToShadows+1","hexamod:ThermalTransfer+1","hexamod:FourthSeal"],"picked":"SKIP","floor":46},{"not_picked":["hexamod:FastForward+1","hexamod:Firestarter+1"],"picked":"hexamod:DynamicBlow+1","floor":47},{"not_picked":["hexamod:GhostOfSpirePresent","hexamod:FirstSeal"],"picked":"hexamod:WildfireWeapon","floor":48},{"not_picked":["hexamod:BacktrackSmack+1","hexamod:RetreatToShadows"],"picked":"hexamod:EmpoweredFlame","floor":49}],"player_experience":271087,"relics_obtained":[{"floor":11,"key":"White Beast Statue"},{"floor":23,"key":"Peace Pipe"},{"floor":24,"key":"Tiny Chest"},{"floor":25,"key":"hexamod:SoulConsumer"},{"floor":25,"key":"Molten Egg 2"},{"floor":38,"key":"Pen Nib"},{"floor":41,"key":"Centennial Puzzle"},{"floor":44,"key":"Sundial"},{"floor":44,"key":"Toy Ornithopter"}],"event_choices":[{"damage_healed":0,"gold_gain":0,"player_choice":"Upgraded","damage_taken":0,"max_hp_gain":0,"max_hp_loss":0,"event_name":"Upgrade Shrine","floor":12,"gold_loss":0,"cards_upgraded":["hexamod:SearingWound"]}],"is_beta":false,"boss_relics":[{"not_picked":["Runic Pyramid","Runic Dome"],"picked":"downfall:Hecktoplasm"},{"not_picked":["SlaversCollar","Tiny House"],"picked":"Black Star"}],"items_purged_floors":[4,48],"is_endless":false,"potions_floor_spawned":[2,9,14,15,16,19,21,22,23,25,27,29,32,33,36,37,39,42,44,46,47,48,49],"killed_by":"downfall:CharBossMerchant","ascension_level":0}}