{"host":"w19xfkufc0k7hkek","time":1610564828,"event":{"mods":["BaseMod","Better Third Choice","Colored Map","Colored Powertips","Downfall","Highlight Path","Minty Spire (QoL Compilation)","Rare Cards Sparkle","Relic Stats","Replay The Spire","StSLib","The Jungle"],"gold_per_floor":[113,113,132,57,68,99,99,119,164,179,211,227,254,270,270,270,270],"floor_reached":16,"language":"ENG","playtime":959,"items_purged":["Amnesia"],"score":167,"play_id":"1ab567df-19c6-4ebf-8277-3cee3605ceb8","local_time":"20210113120708","is_ascension_mode":true,"campfire_choices":[{"data":"Body Slam","floor":15,"key":"SMITH"}],"circlet_count":0,"master_deck":["Strike_R+1","Strike_R+1","Strike_R","Defend_R","Defend_R","Defend_R","Defend_R","Bash","Dropkick","Entrench+1","Run Through","Rage","Pommel Strike","Iron Wave","Flame Barrier","ReplayTheSpireMod:Corrosion Curse","Body Slam+1"],"relics":["Burning Blood","Self Forming Clay","Happy Flower","Bag of Preparation","Whetstone"],"acts_visited":["Exordium"],"potions_floor_usage":[6,11,13,16],"damage_taken":[{"damage":6,"enemies":"2 Louse","floor":1,"turns":4},{"damage":1,"enemies":"Cultist","floor":3,"turns":3},{"damage":1,"enemies":"Jaw Worm","floor":5,"turns":2},{"damage":6,"enemies":"Gremlin Nob","floor":6,"turns":3},{"damage":11,"enemies":"Looter","floor":8,"turns":2},{"damage":8,"enemies":"3 Louse","floor":10,"turns":3},{"damage":24,"enemies":"3 Sentries","floor":11,"turns":11},{"damage":20,"enemies":"Gremlin Gang","floor":12,"turns":6},{"damage":13,"enemies":"Gremlin Nob","floor":13,"turns":3},{"damage":8,"enemies":"Exordium Thugs","floor":14,"turns":4},{"damage":40,"enemies":"Fading Forest","floor":16,"turns":7}],"seed_played":"6473520492689953183","potions_obtained":[{"floor":1,"key":"AttackPotion"},{"floor":8,"key":"SteroidPotion"},{"floor":11,"key":"FearPotion"},{"floor":12,"key":"Slimebound:ThreeZeroPotion"}],"is_trial":false,"path_per_floor":["M","?","M","$","M","E","?","M","T","M","E","M","E","M","R","B"],"character_chosen":"IRONCLAD","items_purchased":[],"campfire_rested":0,"item_purchase_floors":[],"current_hp_per_floor":[72,77,82,82,85,85,85,80,80,78,60,46,39,37,37,0,0],"gold":270,"neow_bonus":"TRANSFORM_TWO_CARDS","is_daily":false,"chose_seed":false,"campfire_upgraded":1,"win_rate":0.0,"timestamp":1610564828,"path_taken":["M","?","M","$","M","E","?","M","T","M","E","?","E","M","R","BOSS"],"items_purchased_type":[],"build_version":"2020-12-22","purchased_purges":1,"victory":false,"max_hp_per_floor":[80,85,85,85,85,85,85,85,85,85,85,85,85,85,85,85,85],"relic_stats":{"Happy Flower":[11],"counters":[11,48],"Self Forming Clay":[54],"Bag of Preparation":[8],"Whetstone":["Strike_R","Strike_R"],"obtain_stats":[{"Happy Flower":9,"Self Forming Clay":6,"Bag of Preparation":11,"Whetstone":13,"Burning Blood":0},{"Happy Flower":5,"Self Forming Clay":4,"Bag of Preparation":7,"Whetstone":9,"Burning Blood":0},{"Happy Flower":14,"Self Forming Clay":12,"Bag of Preparation":28,"Whetstone":37,"Burning Blood":0}],"Burning Blood":58},"card_choices":[{"not_picked":["Wild Strike","Clash"],"picked":"Run Through","floor":1},{"not_picked":["Dropkick","Combust"],"picked":"Rage","floor":3},{"not_picked":["Entrench","Perfected Strike"],"picked":"Pommel Strike","floor":5},{"not_picked":["Twin Strike","Replay:Undeath\u0027s Touch","Defy Death"],"picked":"SKIP","floor":6},{"not_picked":["Warcry","Entrench"],"picked":"Iron Wave","floor":8},{"not_picked":["Twin Strike","Warcry","Rupture"],"picked":"SKIP","floor":10},{"not_picked":["Life Link","Iron Wave"],"picked":"Flame Barrier","floor":11},{"not_picked":["Dropkick","Havoc"],"picked":"ReplayTheSpireMod:Corrosion Curse","floor":12},{"not_picked":["Double Tap","Rupture","Flame Barrier"],"picked":"SKIP","floor":13},{"not_picked":["Battle Trance","Perfected Strike"],"picked":"Body Slam","floor":14}],"player_experience":437569,"relics_obtained":[{"floor":6,"key":"Self Forming Clay"},{"floor":9,"key":"Happy Flower"},{"floor":11,"key":"Bag of Preparation"},{"floor":13,"key":"Whetstone"}],"event_choices":[{"damage_healed":0,"gold_gain":0,"player_choice":"Donut","damage_taken":0,"max_hp_gain":5,"max_hp_loss":0,"event_name":"Big Fish","floor":2,"gold_loss":0},{"damage_healed":0,"gold_gain":0,"player_choice":"Upgraded","damage_taken":0,"max_hp_gain":0,"max_hp_loss":0,"event_name":"Upgrade Shrine","floor":7,"gold_loss":0,"cards_upgraded":["Entrench"]}],"is_beta":false,"boss_relics":[],"items_purged_floors":[4],"is_endless":false,"potions_floor_spawned":[1,8,11,12],"killed_by":"Fading Forest","ascension_level":7}}