{"host":"wha9hktbkslqvblg","time":1610542740,"event":{"mods":["BaseMod","Colored Map","Minty Spire (QoL Compilation)","Relic Stats","SuperFastMode","everything is the same but u backflip on backflip"],"gold_per_floor":[117,127,139,152,202,202,202],"floor_reached":6,"language":"KOR","playtime":192,"items_purged":[],"score":76,"play_id":"e832f805-6d75-4cca-a17a-6e28d4bb7681","local_time":"20210113215900","is_ascension_mode":true,"campfire_choices":[],"circlet_count":0,"master_deck":["AscendersBane","Strike_G","Strike_G","Strike_G","Strike_G","Strike_G","Defend_G","Defend_G","Defend_G","Defend_G","Defend_G","Survivor","Neutralize","Crippling Poison","Poisoned Stab","PiercingWail","Backflip"],"relics":["Snecko Eye"],"acts_visited":["Exordium"],"potions_floor_usage":[],"damage_taken":[{"damage":6,"enemies":"Jaw Worm","floor":1,"turns":6},{"damage":3,"enemies":"Cultist","floor":2,"turns":4},{"damage":2,"enemies":"2 Louse","floor":3,"turns":3},{"damage":12,"enemies":"Looter","floor":4,"turns":4},{"damage":25,"enemies":"Lagavulin","floor":6,"turns":4}],"seed_played":"-2753603185660444962","potions_obtained":[{"floor":2,"key":"GhostInAJar"},{"floor":3,"key":"Fire Potion"}],"is_trial":false,"path_per_floor":["M","M","M","M","?","E"],"character_chosen":"THE_SILENT","items_purchased":[],"campfire_rested":0,"item_purchase_floors":[],"current_hp_per_floor":[53,50,48,36,36,11,11],"gold":202,"neow_bonus":"BOSS_RELIC","is_daily":false,"chose_seed":false,"campfire_upgraded":0,"win_rate":0.0,"timestamp":1610542740,"path_taken":["M","M","M","M","?","E"],"items_purchased_type":[],"build_version":"2020-12-22","purchased_purges":0,"victory":false,"max_hp_per_floor":[66,66,66,66,66,66,66],"relic_stats":{"counters":[5,21],"Snecko Eye":[38,34,31,43],"obtain_stats":[{"Snecko Eye":0,"Ring of the Snake":0},{"Snecko Eye":0,"Ring of the Snake":0},{"Snecko Eye":0,"Ring of the Snake":0}]},"card_choices":[{"not_picked":["Quick Slash","Dodge and Roll"],"picked":"Crippling Poison","floor":1},{"not_picked":["Poisoned Stab","Caltrops","Dodge and Roll"],"picked":"SKIP","floor":2},{"not_picked":["Caltrops","Dodge and Roll"],"picked":"Poisoned Stab","floor":2},{"not_picked":["Deflect","Slice","PiercingWail"],"picked":"SKIP","floor":3},{"not_picked":["Deflect","Slice"],"picked":"PiercingWail","floor":3},{"not_picked":["Prepared","Accuracy"],"picked":"Backflip","floor":4}],"player_experience":970328,"relics_obtained":[],"event_choices":[{"damage_healed":0,"gold_gain":50,"player_choice":"Pray","damage_taken":0,"max_hp_gain":0,"max_hp_loss":0,"event_name":"Golden Shrine","floor":5,"gold_loss":0}],"is_beta":false,"boss_relics":[],"items_purged_floors":[],"is_endless":false,"potions_floor_spawned":[2,3],"killed_by":"Lagavulin","ascension_level":20}}