{"host":"5sk1kyhk9t88vdet","time":1610533498,"event":{"mods":["2.2 Compatiblity","AchievementEnabler","Aspiration","BaseMod","BetterRewards","Challenge The Spire","Colored Map","Colored Powertips","Conspire","Downfall","Energized Spire","Friendly Minions","GifTheSpireLib","Halation","Hermit","Hubris","Hunter ??","Infinite Spire","Kiyohime????","Marisa????????","Mimic Mod","Minty Spire (QoL Compilation)","Rare Cards Sparkle","Remilia??????","Replay The Spire","Spikes Relics","StSLib","Stuff the Spire","The Animator","The Bug Knight","The Construct","The Cursed","The Disciple","The Elementalist","The Hierophant","The Judge","The Mystic","The Necromancer","The Problem Sleuth","The Servant 0.9.4","The Wild Card","Yuyuko","vexMod"],"gold_per_floor":[99,111,0,18,18,30,54,82,94,106,106,106,206,267,277,277,277,277],"floor_reached":16,"language":"RUS","playtime":1210,"items_purged":[],"score":104,"play_id":"1be63428-a7a8-461b-8830-67fbe055719e","local_time":"20210113132458","is_ascension_mode":false,"campfire_choices":[{"data":"Guardian:Strike_Guardian","floor":1,"key":"SMITH"},{"floor":11,"key":"REST"}],"circlet_count":0,"master_deck":["Guardian:Strike_Guardian+1","Guardian:Strike_Guardian","Guardian:Strike_Guardian","Guardian:Defend_Guardian","Guardian:Defend_Guardian","Guardian:Defend_Guardian","Guardian:CurlUp","Guardian:TwinSlam","Guardian:PolyBeam","Guardian:Harden","Guardian:Reroute","Guardian:WalkerClaw","Guardian:PrimingBeam","Guardian:StasisStrike","Burst","Choke","infinitespire:Neurotoxin","Guardian:VentSteam","Guardian:Incinerate","Guardian:WalkerClaw"],"relics":["Guardian:ModeShifter","SpikesRelics:DaevaFist","hubris:OldNail","infinitespire:Lychee Nut","downfall:CloakOfManyFaces","CultistMask","FaceOfCleric","NlothsMask","GremlinMask","SsserpentHead"],"acts_visited":["Exordium"],"potions_floor_usage":[16,16,16,16,16,16],"damage_taken":[{"damage":0,"enemies":"2 Louse","floor":2,"turns":3},{"damage":0,"enemies":"downfall:FleeingMerchant","floor":3,"turns":4},{"damage":0,"enemies":"Small Slimes","floor":4,"turns":3},{"damage":5,"enemies":"Jaw Worm","floor":6,"turns":3},{"damage":13,"enemies":"3 Sentries","floor":8,"turns":3},{"damage":17,"enemies":"Red Slaver","floor":9,"turns":4},{"damage":27,"enemies":"Gremlin Gang","floor":10,"turns":4},{"damage":30,"enemies":"downfall:FaceTrader","floor":13,"turns":7},{"damage":19,"enemies":"Exordium Wildlife","floor":14,"turns":5},{"damage":13,"enemies":"3 Louse","floor":15,"turns":5},{"damage":22,"enemies":"downfall:Ironclad","floor":16,"turns":6}],"seed_played":"1638900685709437143","potions_obtained":[{"floor":2,"key":"Strength Potion"},{"floor":13,"key":"SkillPotion"},{"floor":14,"key":"sneckomod:MuddlingPotion"},{"floor":15,"key":"EntropicBrew"}],"is_trial":false,"path_per_floor":["R","M","$","M","?","M","T","E","M","M","R","?","?","M","M","B"],"character_chosen":"GUARDIAN","items_purchased":["Jack Of All Trades"],"campfire_rested":1,"item_purchase_floors":[3],"current_hp_per_floor":[88,88,88,88,76,71,71,58,47,26,45,45,21,9,3,0,0,0],"gold":277,"neow_bonus":"TEN_PERCENT_HP_BONUS","is_daily":false,"chose_seed":false,"campfire_upgraded":1,"win_rate":0.0,"timestamp":1610533498,"path_taken":["R","M","$","M","?","M","T","E","M","M","R","?","?","?","M","BOSS"],"items_purchased_type":["Card"],"build_version":"2020-12-22","purchased_purges":0,"victory":false,"max_hp_per_floor":[88,88,88,88,88,88,88,66,66,66,66,66,66,67,68,68,68,68],"card_choices":[{"not_picked":["Guardian:TimeBomb","Guardian:RefractedBeam"],"picked":"Guardian:Gem_Red","floor":2},{"not_picked":["Guardian:ShieldSpikes","Guardian:RefractedBeam"],"picked":"Guardian:PolyBeam","floor":3},{"not_picked":["Guardian:ShieldCharger","Guardian:Orbwalk"],"picked":"Guardian:Harden","floor":4},{"not_picked":["Guardian:ChargeCore","Guardian:VentSteam"],"picked":"Guardian:Reroute","floor":6},{"not_picked":["Guardian:Reroute","Guardian:Gem_Red"],"picked":"Guardian:WalkerClaw","floor":8},{"not_picked":["Guardian:GuardianWhirl","Guardian:ShieldCharger"],"picked":"Guardian:PrimingBeam","floor":9},{"not_picked":["Guardian:Gem_Green","Guardian:Gem_Lightblue"],"picked":"Guardian:StasisStrike","floor":10},{"not_picked":["Guardian:FloatingOrbs","Guardian:PolyBeam"],"picked":"Guardian:VentSteam","floor":13},{"not_picked":["Guardian:PiercingHide","Guardian:FloatingOrbs"],"picked":"Guardian:Incinerate","floor":14},{"not_picked":["Guardian:Orbwalk","Guardian:Clone"],"picked":"Guardian:WalkerClaw","floor":15}],"player_experience":99333,"relics_obtained":[{"floor":7,"key":"hubris:OldNail"},{"floor":8,"key":"infinitespire:Lychee Nut"},{"floor":13,"key":"downfall:CloakOfManyFaces"}],"event_choices":[{"damage_healed":0,"gold_gain":0,"player_choice":"Success","damage_taken":12,"relics_obtained":["SpikesRelics:DaevaFist"],"max_hp_gain":0,"max_hp_loss":0,"event_name":"Scrap Ooze","floor":5,"gold_loss":0}],"is_beta":false,"boss_relics":[],"items_purged_floors":[],"is_endless":false,"potions_floor_spawned":[2,13,14,15],"killed_by":"downfall:Ironclad","ascension_level":0}}