{"host":"hgppx942rrnelsya","time":1610508435,"event":{"mods":["Act Like it!","BaseMod","Friendly Minions","Gensokyo","GifTheSpireLib","Hallownest","KinomotoSakuraMod(????)","Koishi","Marisa????????","Minty Spire (QoL Compilation)","Prisma Mod","Remilia??????","StSLib","The Alterego","The Animator","The Forsaken","The Hierophant","The Mystic","The Runesmith","The Servant 0.9.4"],"gold_per_floor":[114,114,124,134,148,182,198,12,12,12,24,24,24,37,37,138,138,149,224,234,45,63,91,102,120,120,46,46,63,94,104,104,202,252,267,283,293,43,43,43,77,25,25,44,44,62,62,79,79,79,79],"floor_reached":50,"language":"ENG","playtime":2498,"items_purged":[],"score":545,"play_id":"aa471e1b-b94f-4be0-9e2d-bc6249972c1e","local_time":"20210113032715","is_ascension_mode":false,"campfire_choices":[{"floor":10,"key":"REST"},{"data":"GearUp","floor":12,"key":"SMITH"},{"data":"BestPractice","floor":15,"key":"SMITH"},{"data":"SilverBlades","floor":28,"key":"SMITH"},{"data":"FlawlessForm","floor":32,"key":"SMITH"},{"data":"KidneyShot","floor":40,"key":"SMITH"},{"floor":45,"key":"REST"},{"floor":47,"key":"REST"},{"floor":49,"key":"REST"}],"circlet_count":0,"master_deck":["Strike_S","Strike_S","Strike_S","Defend_S","Defend_S","Defend_S","KidneyShot+1","Exchange","LightFlow","Potential","Deny","FastForward","Ricochet","InstantArmor","GearUp+1","Starlight","Barrier","Sabotage","Starlight+1","Iron Wave","BestPractice+1","FlawlessForm+1","TimeWarp+1","DoubleEdge","Chrysalis","Rearm","Moonlight","Hightail","SilverBlades+1","Starlight+1","Ricochet+1","Dilation","TimeWarp","SilverBlades+1","SilverBlades+1","theForsaken:PlagueCurse","BottledTime+1","Parasite","Luminosity+1","Defy+1"],"relics":["SplendidAttire","Matryoshka","Strawberry","MealTicket","StoneCalendar","Bag of Marbles","Tiny House","Potion Belt","theForsaken:PlagueMask","Bottled Lightning","Runesmith:Nanobots","Toxic Egg 2"],"acts_visited":["Exordium","TheCity","TheBeyond"],"potions_floor_usage":[14,16,16,16,23,29,29,33,41,41,41,41,46,48,50],"damage_taken":[{"damage":9,"enemies":"Small Slimes","floor":1,"turns":4},{"damage":0,"enemies":"Cultist","floor":3,"turns":2},{"damage":0,"enemies":"Jaw Worm","floor":4,"turns":3},{"damage":9,"enemies":"Red Slaver","floor":5,"turns":2},{"damage":21,"enemies":"Lagavulin","floor":6,"turns":6},{"damage":1,"enemies":"Exordium Thugs","floor":7,"turns":3},{"damage":0,"enemies":"3 Louse","floor":11,"turns":1},{"damage":0,"enemies":"Gremlin Gang","floor":14,"turns":3},{"damage":10,"enemies":"The Guardian","floor":16,"turns":9},{"damage":0,"enemies":"Shell Parasite","floor":18,"turns":4},{"damage":0,"enemies":"2 Thieves","floor":20,"turns":4},{"damage":0,"enemies":"Sentry and Sphere","floor":22,"turns":7},{"damage":28,"enemies":"Book of Stabbing","floor":23,"turns":9},{"damage":0,"enemies":"Chosen and Byrds","floor":24,"turns":6},{"damage":0,"enemies":"Cultist and Chosen","floor":25,"turns":4},{"damage":7,"enemies":"Centurion and Healer","floor":29,"turns":8},{"damage":8,"enemies":"Gremlin Leader","floor":30,"turns":8},{"damage":0,"enemies":"Snecko","floor":31,"turns":3},{"damage":27,"enemies":"Automaton","floor":33,"turns":8},{"damage":0,"enemies":"Orb Walker","floor":35,"turns":5},{"damage":19,"enemies":"3 Shapes","floor":36,"turns":4},{"damage":28,"enemies":"Sphere and 2 Shapes","floor":37,"turns":4},{"damage":39,"enemies":"Nemesis","floor":41,"turns":7},{"damage":0,"enemies":"Maw","floor":44,"turns":8},{"damage":13,"enemies":"Writhing Mass","floor":46,"turns":7},{"damage":26,"enemies":"3 Darklings","floor":48,"turns":6},{"damage":54,"enemies":"Donu and Deca","floor":50,"turns":5}],"seed_played":"-7567166078342796983","potions_obtained":[{"floor":5,"key":"EssenceOfSteel"},{"floor":6,"key":"Ancient Potion"},{"floor":14,"key":"FearPotion"},{"floor":20,"key":"Regen Potion"},{"floor":23,"key":"Regen Potion"},{"floor":25,"key":"Dexterity Potion"},{"floor":29,"key":"SneckoOil"},{"floor":31,"key":"SmokeBomb"},{"floor":34,"key":"BlessingOfTheForge"},{"floor":37,"key":"SkillPotion"},{"floor":44,"key":"SkillPotion"},{"floor":48,"key":"Fire Potion"}],"is_trial":false,"path_per_floor":["M","?","M","M","M","E","M","$","T","R","M","R","?","M","R","B",null,"M","?","M","$","M","E","M","M","T","$","R","M","E","M","R","B",null,"M","M","M","$","?","R","E","$","T","M","R","M","R","M","R","B"],"character_chosen":"THE_SERVANT","items_purchased":["Barrier","SkillPotion","Sabotage","Chrysalis","SilverBlades","Potion Belt","ColorlessPotion","Fire Potion","SkillPotion"],"campfire_rested":4,"item_purchase_floors":[8,8,8,21,27,38,38,38,42],"current_hp_per_floor":[56,56,56,56,47,26,25,25,25,44,44,44,44,44,44,34,65,65,59,59,59,59,53,53,53,53,68,68,72,64,64,64,37,77,77,58,30,45,45,45,6,21,21,21,44,31,54,28,51,0,0],"gold":79,"neow_bonus":"ONE_RANDOM_RARE_CARD","is_daily":false,"chose_seed":false,"campfire_upgraded":5,"win_rate":0.0,"timestamp":1610508435,"path_taken":["M","?","M","?","M","E","M","$","T","R","M","R","?","M","R","BOSS","M","?","M","?","M","E","M","M","T","$","R","M","E","M","R","BOSS","M","M","M","$","?","R","E","?","T","?","R","?","R","M","R","BOSS"],"items_purchased_type":["Card","Potion","Card","Card","Card","Relic","Potion","Potion","Potion"],"build_version":"2020-12-22","purchased_purges":0,"victory":false,"max_hp_per_floor":[65,65,65,65,65,65,65,65,65,65,65,65,65,65,65,65,65,65,65,65,65,65,72,72,72,72,72,72,72,72,72,72,72,77,77,77,77,77,77,77,77,77,77,77,77,77,77,77,77,77,77],"card_choices":[{"not_picked":["Spin","Replace"],"picked":"Potential","floor":1},{"not_picked":["Shuttle","DoubleEdge"],"picked":"FastForward","floor":3},{"not_picked":["TimeWarp","Spin"],"picked":"Ricochet","floor":4},{"not_picked":["ShatteredReality","Snipe"],"picked":"InstantArmor","floor":5},{"not_picked":["Luminosity","Desolation"],"picked":"GearUp","floor":6},{"not_picked":["Ricochet","SurpressingFire"],"picked":"Starlight","floor":7},{"not_picked":["TimeWarp","Moondial"],"picked":"Starlight","floor":11},{"not_picked":["Advance","Rewind"],"picked":"BestPractice","floor":14},{"not_picked":["TheWorld","LightFlow"],"picked":"FlawlessForm","floor":16},{"not_picked":["Defy","Potential"],"picked":"TimeWarp+1","floor":18},{"not_picked":["Ricochet","Defy"],"picked":"DoubleEdge","floor":20},{"not_picked":["Comet+1","StarChef","Spin+1"],"picked":"SKIP","floor":22},{"not_picked":["Moondial","Desolation"],"picked":"Rearm","floor":23},{"not_picked":["Barrier","ShatteredReality"],"picked":"Moonlight","floor":24},{"not_picked":["Potential","Rewind"],"picked":"Hightail","floor":25},{"not_picked":["ShatteredReality+1","Unruled+1","SoulSculpture"],"picked":"SKIP","floor":29},{"not_picked":["Defy","Rewind+1"],"picked":"Starlight+1","floor":30},{"not_picked":["Defy+1","Rearm"],"picked":"Ricochet+1","floor":31},{"not_picked":["Deny","Duplication"],"picked":"Dilation","floor":33},{"not_picked":["Spin","DoubleEdge"],"picked":"TimeWarp","floor":34},{"not_picked":["Rewind+1","ShatteredReality+1"],"picked":"SilverBlades+1","floor":35},{"not_picked":["Unruled+1","Moonlight+1"],"picked":"SilverBlades+1","floor":36},{"not_picked":["ShatteredReality+1","Revamp","FastForward+1"],"picked":"SKIP","floor":37},{"not_picked":["Unruled+1","Initiator","ShatteredReality"],"picked":"SKIP","floor":41},{"not_picked":["StarChef+1","Spin+1"],"picked":"BottledTime+1","floor":44},{"not_picked":["Rearm+1","DoubleEdge+1"],"picked":"Luminosity+1","floor":46},{"not_picked":["Potential+1","MoonPhase"],"picked":"Defy+1","floor":48}],"player_experience":44926,"relics_obtained":[{"floor":9,"key":"Matryoshka"},{"floor":23,"key":"Strawberry"},{"floor":26,"key":"MealTicket"},{"floor":26,"key":"StoneCalendar"},{"floor":30,"key":"Bag of Marbles"},{"floor":41,"key":"Bottled Lightning"},{"floor":43,"key":"Runesmith:Nanobots"},{"floor":43,"key":"Toxic Egg 2"}],"event_choices":[{"damage_healed":0,"gold_gain":0,"cards_transformed":["Defend_S"],"player_choice":"Transformed","damage_taken":0,"max_hp_gain":0,"max_hp_loss":0,"event_name":"Transmorgrifier","floor":2,"gold_loss":0,"cards_obtained":["Deny"]},{"cards_removed":["Strike_S"],"damage_healed":0,"gold_gain":0,"player_choice":"Took Card","damage_taken":0,"max_hp_gain":0,"max_hp_loss":0,"event_name":"NoteForYourself","floor":13,"gold_loss":0,"cards_obtained":["Iron Wave"]},{"damage_healed":0,"gold_gain":75,"player_choice":"Touch","damage_taken":6,"max_hp_gain":0,"max_hp_loss":0,"event_name":"FaceTrader","floor":19,"gold_loss":0},{"damage_healed":0,"gold_gain":0,"player_choice":"Obtain Plague Curse","damage_taken":0,"max_hp_gain":0,"max_hp_loss":0,"event_name":"Plague Doctor","floor":39,"gold_loss":0,"cards_obtained":["theForsaken:PlagueCurse"]}],"is_beta":false,"boss_relics":[{"not_picked":["Runesmith:UraniumAnvil","Cursed Key"],"picked":"SplendidAttire"},{"not_picked":["Runic Pyramid","Busted Crown"],"picked":"Tiny House"}],"items_purged_floors":[],"is_endless":false,"potions_floor_spawned":[5,6,14,20,23,25,29,31,37,44,48],"killed_by":"Donu and Deca","ascension_level":0}}