{"host":"dhr6iszse2qz12e2","time":1610543972,"event":{"mods":["100% Spire Juice","2.2 Compatiblity","A Magickal Journey","Act Like it!","BaseMod","Bestiary","Better Note","BetterRewards","Colored Map","Downfall","Gensokyo","Hermit","Hubris","Infinite Spire","Marisa????????","Minty Spire (QoL Compilation)","Permanent Neow","Quick Restart","Reimu??????","Replay The Spire","Shop Mod","StSLib","Td1madao Mod","The Administrix","The Animator","The Bug Knight","The Cursed","The Gatherer","The Hierophant","The IronCluck","The Jungle","The Servant 0.9.4","everything is the same but u backflip on backflip","slay the spire mod where everything is the same but ironclad has a cowboy hat","??????REMEMod"],"gold_per_floor":[116,116,134,134,32,32,65,80,80,80,100,117,117,117],"floor_reached":13,"language":"ENG","playtime":536,"items_purged":[],"score":116,"play_id":"e8e17ceb-90b5-4d87-85bf-03d7d4cdc7cd","local_time":"20210113151932","is_ascension_mode":true,"campfire_choices":[{"data":"Moonworks:CloudOfSeagulls","floor":6.0,"key":"SMITH"},{"floor":10.0,"key":"REST"}],"circlet_count":0,"master_deck":["Moonworks:Strike","Moonworks:Strike","Moonworks:Strike","Moonworks:Strike","Moonworks:Defend","Moonworks:Defend","Moonworks:Defend","Moonworks:Defend","Moonworks:Ambush","Moonworks:LongDistanceShot","Moonworks:CloudOfSeagulls","Moonworks:CloudOfSeagulls","Moonworks:JonathanRush","Moonworks:CloudOfSeagulls+1","Moonworks:CloudOfSeagulls+1","Moonworks:JonathanRush","Moonworks:LeapThroughSpace"],"relics":["Moonworks:BrokenBomb","Moonworks:Homemark","REME_ComplimentaryCards","hubris:BottledRain","infinitespire:CursedDice"],"acts_visited":["Exordium"],"potions_floor_usage":[13],"damage_taken":[{"damage":5.0,"enemies":"Jaw Worm","floor":1.0,"turns":5.0},{"damage":10.0,"enemies":"2 Louse","floor":3.0,"turns":3.0},{"damage":4.0,"enemies":"Small Slimes","floor":5.0,"turns":3.0},{"damage":24.0,"enemies":"Lagavulin","floor":7.0,"turns":5.0},{"damage":3.0,"enemies":"2 Fungi Beasts","floor":8.0,"turns":3.0},{"damage":10.0,"enemies":"Blue Slaver","floor":11.0,"turns":4.0},{"damage":5.0,"enemies":"Large Slime","floor":12.0,"turns":4.0},{"damage":21,"enemies":"Nightmare","floor":13,"turns":5}],"seed_played":"768717611003118800","potions_obtained":[{"floor":5.0,"key":"LifebloodPotion"},{"floor":7.0,"key":"Block Potion"}],"is_trial":false,"path_per_floor":["M","?","M","?","M","R","E","M","T","R","M","M","NM"],"character_chosen":"THE_STARBREAKER","items_purchased":["Moonworks:CloudOfSeagulls","Moonworks:CloudOfSeagulls","Moonworks:JonathanRush"],"campfire_rested":1,"item_purchase_floors":[0,0,0],"current_hp_per_floor":[48,48,38,38,34,34,10,7,7,25,15,10,0,0],"gold":117,"neow_bonus":"","is_daily":false,"chose_seed":false,"campfire_upgraded":1,"win_rate":0.0,"timestamp":1610543972,"path_taken":["M","?","M","?","M","R","E","M","T","R","M","M","E"],"items_purchased_type":["Card","Card","Card"],"build_version":"2020-12-22","purchased_purges":0,"victory":false,"max_hp_per_floor":[60,60,60,60,60,60,60,60,60,60,60,60,60,60],"card_choices":[{"not_picked":["Moonworks:BigBangBell","Moonworks:ForcedRevival"],"picked":"Moonworks:CloudOfSeagulls","floor":1.0},{"not_picked":["Moonworks:SakisCookie","Moonworks:EvilSpyWorkPreparation"],"picked":"Moonworks:CloudOfSeagulls","floor":3.0},{"not_picked":["Moonworks:MixPhenomenon","Moonworks:Flamethrower"],"picked":"Moonworks:JonathanRush","floor":5.0},{"not_picked":["Moonworks:SealedMemories","Moonworks:Assault","Moonworks:FullSpeedAlicianrone"],"picked":"SKIP","floor":7.0},{"not_picked":["Moonworks:FullSpeedAlicianrone","Moonworks:LulusLuckyEgg"],"picked":"Moonworks:LeapThroughSpace","floor":8.0},{"not_picked":["Moonworks:IntelligenceOfficer","Moonworks:RagingMadness","Moonworks:BigBangBell"],"picked":"SKIP","floor":11.0},{"not_picked":["Moonworks:IntelligenceOfficer","Moonworks:RagingMadness","Moonworks:BigBangBell"],"picked":"SKIP","floor":11.0},{"not_picked":["Moonworks:Assault","Moonworks:Poppoformation","Moonworks:DeployBits"],"picked":"SKIP","floor":12.0}],"player_experience":476849,"relics_obtained":[{"floor":7.0,"key":"hubris:BottledRain"},{"floor":9.0,"key":"infinitespire:CursedDice"}],"event_choices":[{"damage_healed":0.0,"max_hp_gain":0.0,"max_hp_loss":0.0,"gold_gain":0.0,"event_name":"Liars Game","player_choice":"Ignored","floor":2.0,"gold_loss":0.0,"damage_taken":0.0}],"is_beta":false,"boss_relics":[],"items_purged_floors":[],"is_endless":false,"potions_floor_spawned":[5,7],"killed_by":"Nightmare","ascension_level":1}}