{"host":"5wznv0010959mrmz","time":1610512309,"event":{"mods":["BaseMod","Highlight Path","Minty Spire (QoL Compilation)","Relic Stats"],"gold_per_floor":[13,26,26,44,58,101,122,122,149,149,149,189,189,207,207,207,207],"floor_reached":16,"language":"ENG","playtime":540,"items_purged":[],"score":224,"play_id":"1be41b4c-a8d3-42a0-ad6f-4123f7938c4a","local_time":"20210112223149","is_ascension_mode":true,"campfire_choices":[{"data":"Corpse Explosion","floor":8.0,"key":"SMITH"},{"data":"Poisoned Stab","floor":13.0,"key":"SMITH"},{"data":"Footwork","floor":15.0,"key":"SMITH"}],"circlet_count":0,"master_deck":["AscendersBane","Strike_G","Strike_G","Strike_G","Strike_G","Strike_G","Defend_G","Defend_G+1","Defend_G","Defend_G+1","Defend_G+1","Survivor","Neutralize","Corpse Explosion+1","Poisoned Stab+1","Sucker Punch","Endless Agony","Catalyst+1","Footwork+1","Backflip","Deadly Poison"],"relics":["Ring of the Snake","Golden Idol","Strawberry","Blood Vial","War Paint"],"acts_visited":["Exordium"],"potions_floor_usage":[16],"damage_taken":[{"damage":3.0,"enemies":"2 Louse","floor":1.0,"turns":2.0},{"damage":1.0,"enemies":"Small Slimes","floor":2.0,"turns":3.0},{"damage":3.0,"enemies":"Jaw Worm","floor":4.0,"turns":4.0},{"damage":4.0,"enemies":"Looter","floor":5.0,"turns":4.0},{"damage":25.0,"enemies":"Lagavulin","floor":6.0,"turns":4.0},{"damage":0.0,"enemies":"2 Fungi Beasts","floor":7.0,"turns":2.0},{"damage":8.0,"enemies":"Gremlin Nob","floor":12.0,"turns":3.0},{"damage":0.0,"enemies":"Large Slime","floor":14.0,"turns":4.0},{"damage":41,"enemies":"Slime Boss","floor":16,"turns":5}],"seed_played":"7884327208326686858","potions_obtained":[{"floor":2.0,"key":"AttackPotion"},{"floor":5.0,"key":"PowerPotion"},{"floor":12.0,"key":"PowerPotion"}],"is_trial":false,"path_per_floor":["M","M","?","M","M","E","M","R","T","?","?","E","R","M","R","B"],"character_chosen":"THE_SILENT","items_purchased":[],"campfire_rested":0,"item_purchase_floors":[],"current_hp_per_floor":[56,55,55,52,48,30,30,30,30,10,32,26,26,28,28,0,0],"gold":207,"neow_bonus":"THREE_RARE_CARDS","is_daily":false,"chose_seed":false,"campfire_upgraded":3,"win_rate":0.0,"timestamp":1610512309,"path_taken":["M","M","?","M","M","E","M","R","T","?","?","E","R","M","R","BOSS"],"items_purchased_type":[],"build_version":"2020-12-22","purchased_purges":0,"victory":false,"max_hp_per_floor":[66,66,60,60,60,67,67,67,67,67,67,67,67,67,67,67,67],"relic_stats":{"Blood Vial":6,"counters":[9,31],"Golden Idol":32,"War Paint":["Defend_G","Defend_G"],"obtain_stats":[{"Blood Vial":9,"Golden Idol":3,"Strawberry":6,"War Paint":12,"Ring of the Snake":0},{"Blood Vial":6,"Golden Idol":2,"Strawberry":5,"War Paint":7,"Ring of the Snake":0},{"Blood Vial":19,"Golden Idol":5,"Strawberry":17,"War Paint":22,"Ring of the Snake":0}],"Ring of the Snake":[19]},"card_choices":[{"not_picked":["Malaise","Venomology"],"picked":"Corpse Explosion","floor":0.0},{"not_picked":["Flying Knee","PiercingWail"],"picked":"Poisoned Stab","floor":1.0},{"not_picked":["Outmaneuver","Finisher"],"picked":"Sucker Punch","floor":2.0},{"not_picked":["Distraction","Underhanded Strike"],"picked":"Endless Agony","floor":4.0},{"not_picked":["Quick Slash","Flying Knee"],"picked":"Catalyst","floor":5.0},{"not_picked":["Slice","Dagger Spray"],"picked":"Footwork","floor":6.0},{"not_picked":["Deflect","Sucker Punch","Poisoned Stab"],"picked":"SKIP","floor":7.0},{"not_picked":["Dagger Throw","Eviscerate"],"picked":"Backflip","floor":12.0},{"not_picked":["PiercingWail","Glass Knife"],"picked":"Deadly Poison","floor":14.0}],"player_experience":452784,"relics_obtained":[{"floor":6.0,"key":"Strawberry"},{"floor":9.0,"key":"Blood Vial"},{"floor":12.0,"key":"War Paint"}],"event_choices":[{"damage_healed":0.0,"max_hp_gain":0.0,"max_hp_loss":6.0,"gold_gain":0.0,"event_name":"Golden Idol","player_choice":"Lose Max HP","floor":3.0,"gold_loss":0.0,"damage_taken":0.0,"relics_obtained":["Golden Idol"]},{"damage_healed":0.0,"max_hp_gain":0.0,"max_hp_loss":0.0,"gold_gain":0.0,"event_name":"Shining Light","player_choice":"Entered Light","floor":10.0,"gold_loss":0.0,"damage_taken":20.0,"cards_upgraded":["Catalyst","Defend_G"]},{"damage_healed":22.0,"max_hp_gain":0.0,"max_hp_loss":0.0,"gold_gain":0.0,"event_name":"Big Fish","player_choice":"Banana","floor":11.0,"gold_loss":0.0,"damage_taken":0.0}],"is_beta":false,"boss_relics":[],"items_purged_floors":[],"is_endless":false,"potions_floor_spawned":[2,5,12],"killed_by":"Slime Boss","ascension_level":20}}