{"host":"ga4s3hj9m6nkn6gp","time":1610577201,"event":{"mods":["AchievementEnabler","BaseMod","Bestiary","Colored Powertips","Highlight Path","Minty Spire (QoL Compilation)","Relic Stats","everything is the same but u backflip on backflip"],"gold_per_floor":[364,22,33,33,46,46,64,76,76,103,103,103,103],"floor_reached":12,"language":"ENG","playtime":529,"items_purged":[],"score":142,"play_id":"36a7a18d-1562-4e4b-a7a1-544b72f52b15","local_time":"20210113233321","is_ascension_mode":true,"campfire_choices":[{"data":"Loop","floor":6,"key":"SMITH"},{"data":"Streamline","floor":11,"key":"SMITH"}],"circlet_count":0,"master_deck":["Strike_B+1","Strike_B","Strike_B","Strike_B","Defend_B","Defend_B","Defend_B","Defend_B","Zap","Dualcast+1","Loop+1","Melter","Glacier","Streamline+1","Coolheaded","Sweeping Beam","Echo Form"],"relics":["Cracked Core","Membership Card","Ice Cream","Gremlin Horn","Regal Pillow"],"acts_visited":["Exordium"],"potions_floor_usage":[7,10,10],"damage_taken":[{"damage":3,"enemies":"2 Louse","floor":1,"turns":3},{"damage":7,"enemies":"Jaw Worm","floor":3,"turns":4},{"damage":0,"enemies":"Cultist","floor":5,"turns":3},{"damage":0,"enemies":"Large Slime","floor":7,"turns":4},{"damage":10,"enemies":"Looter","floor":8,"turns":4},{"damage":0,"enemies":"Lagavulin","floor":10,"turns":6},{"damage":36,"enemies":"Gremlin Nob","floor":12,"turns":3}],"seed_played":"-5691113118093444202","potions_obtained":[{"floor":1,"key":"DistilledChaos"},{"floor":3,"key":"Block Potion"},{"floor":5,"key":"Regen Potion"}],"is_trial":false,"path_per_floor":["M","$","M","?","M","R","M","M","T","E","R","E"],"character_chosen":"DEFECT","items_purchased":["Membership Card","Ice Cream","Melter"],"campfire_rested":0,"item_purchase_floors":[2,2,2],"current_hp_per_floor":[47,47,40,25,25,25,25,15,15,29,29,0,0],"gold":103,"neow_bonus":"TWO_FIFTY_GOLD","is_daily":false,"chose_seed":false,"campfire_upgraded":2,"win_rate":0.0,"timestamp":1610577201,"path_taken":["M","$","M","?","M","R","M","M","T","E","R","E"],"items_purchased_type":["Relic","Relic","Card"],"build_version":"2020-12-22","purchased_purges":0,"victory":false,"max_hp_per_floor":[75,75,75,75,75,75,75,75,75,75,75,75,75],"relic_stats":{"Regal Pillow":0,"Gremlin Horn":[0,0],"counters":[7,27],"obtain_stats":[{"Ice Cream":2,"Regal Pillow":10,"Gremlin Horn":9,"Membership Card":2,"Cracked Core":0},{"Ice Cream":1,"Regal Pillow":6,"Gremlin Horn":5,"Membership Card":1,"Cracked Core":0},{"Ice Cream":3,"Regal Pillow":24,"Gremlin Horn":18,"Membership Card":3,"Cracked Core":0}]},"card_choices":[{"not_picked":["Barrage","Turbo"],"picked":"Loop","floor":1},{"not_picked":["Sweeping Beam","Go for the Eyes"],"picked":"Glacier","floor":3},{"not_picked":["Amplify","Gash"],"picked":"Streamline","floor":5},{"not_picked":["Barrage","Gash"],"picked":"Coolheaded","floor":7},{"not_picked":["Cold Snap","All For One"],"picked":"Sweeping Beam","floor":8},{"not_picked":["Coolheaded","Redo"],"picked":"Echo Form","floor":10}],"player_experience":619615,"relics_obtained":[{"floor":9,"key":"Gremlin Horn"},{"floor":10,"key":"Regal Pillow"}],"event_choices":[{"damage_healed":0,"gold_gain":0,"player_choice":"Entered Light","damage_taken":15,"max_hp_gain":0,"max_hp_loss":0,"event_name":"Shining Light","floor":4,"gold_loss":0,"cards_upgraded":["Dualcast","Strike_B"]}],"is_beta":false,"boss_relics":[],"items_purged_floors":[],"is_endless":false,"potions_floor_spawned":[1,3,5],"killed_by":"Gremlin Nob","ascension_level":7}}