{"host":"1c17lcvl7acx821p","time":1610562518,"event":{"mods":["AchievementEnabler","BaseMod","Colored Map","Minty Spire (QoL Compilation)","StSLib"],"gold_per_floor":[110,110,297,329,341,382,394,406,418,441,453,500,524,571,583,696,708,734,766,230,240,240,240,267,267,335,370,380,407,407,407,407,506,506,523,523,523,569,580,580,613,613,613,663,688,699,725,740,740,740,740,740,12,42,42],"floor_reached":56,"language":"ENG","playtime":3419,"items_purged":["Defend_B","Doubt"],"score":1625,"play_id":"88378044-678b-44d5-a19f-ecccdbb7f7a0","local_time":"20210113202838","is_ascension_mode":true,"campfire_choices":[{"data":"Genetic Algorithm","floor":7.0,"key":"SMITH"},{"data":"Leap","floor":11.0,"key":"SMITH"},{"floor":15.0,"key":"REST"},{"data":"Biased Cognition","floor":23,"key":"SMITH"},{"floor":25,"key":"REST"},{"floor":30,"key":"REST"},{"data":"Zap","floor":32,"key":"SMITH"},{"data":"Rainbow","floor":40,"key":"SMITH"},{"floor":42,"key":"REST"},{"floor":49,"key":"RECALL"},{"data":"Recycle","floor":52,"key":"SMITH"}],"circlet_count":0,"master_deck":["Defend_B","Defend_B","Defend_B","Zap+1","Dualcast","Genetic Algorithm+1","Leap+1","Reboot+1","Cold Snap+1","Ball Lightning","Conserve Battery","Steam","Biased Cognition+1","Beam Cell+1","Sweeping Beam","Defragment+1","Barrage","Cold Snap","Consume+1","Bite","Bite+1","Bite","Bite","Rainbow+1","Undo+1","Impatience","Secret Technique","Bandage Up","BootSequence+1","Heatsinks+1","Defragment+1","Gash+1","Compile Driver","White Noise","Recycle+1","Meteor Strike","Finesse","Reboot"],"relics":["Cracked Core","NeowsBlessing","MawBank","Pantograph","InkBottle","Nunchaku","Unceasing Top","Nuclear Battery","Frozen Egg 2","OrangePellets","Bag of Preparation","Letter Opener","Potion Belt","SacredBark","FossilizedHelix","Mercury Hourglass","Pocketwatch","Ice Cream","Whetstone","Orichalcum","Torii"],"acts_visited":["Exordium","TheCity","TheBeyond","TheEnding"],"potions_floor_usage":[24,27,29,38,55,55,55,55],"damage_taken":[{"damage":0.0,"enemies":"Jaw Worm","floor":1.0,"turns":1.0},{"damage":0.0,"enemies":"2 Louse","floor":4.0,"turns":1.0},{"damage":0.0,"enemies":"Lagavulin","floor":6.0,"turns":2.0},{"damage":2.0,"enemies":"Small Slimes","floor":10.0,"turns":4.0},{"damage":25.0,"enemies":"Gremlin Nob","floor":12.0,"turns":4.0},{"damage":1.0,"enemies":"Gremlin Gang","floor":13.0,"turns":5.0},{"damage":5.0,"enemies":"3 Sentries","floor":14.0,"turns":6.0},{"damage":15.0,"enemies":"Hexaghost","floor":16.0,"turns":10.0},{"damage":1.0,"enemies":"Spheric Guardian","floor":18.0,"turns":4.0},{"damage":2.0,"enemies":"3 Byrds","floor":19.0,"turns":6.0},{"damage":21,"enemies":"Snecko","floor":21,"turns":6},{"damage":41,"enemies":"Slavers","floor":24,"turns":4},{"damage":18,"enemies":"Gremlin Leader","floor":27,"turns":6},{"damage":0,"enemies":"Centurion and Healer","floor":28,"turns":7},{"damage":7,"enemies":"Book of Stabbing","floor":29,"turns":5},{"damage":10,"enemies":"Champ","floor":33,"turns":14},{"damage":1,"enemies":"Orb Walker","floor":35,"turns":4},{"damage":27,"enemies":"2 Orb Walkers","floor":38,"turns":5},{"damage":0,"enemies":"3 Shapes","floor":39,"turns":3},{"damage":26,"enemies":"Nemesis","floor":41,"turns":9},{"damage":0,"enemies":"Mind Bloom Boss Battle","floor":44,"turns":8},{"damage":0,"enemies":"Reptomancer","floor":45,"turns":6},{"damage":0,"enemies":"Writhing Mass","floor":46,"turns":6},{"damage":0,"enemies":"Nemesis","floor":47,"turns":5},{"damage":0,"enemies":"Maw","floor":48,"turns":9},{"damage":25,"enemies":"Time Eater","floor":50,"turns":12},{"damage":40,"enemies":"Shield and Spear","floor":54,"turns":6},{"damage":62,"enemies":"The Heart","floor":55,"turns":12}],"seed_played":"1734911617458618820","potions_obtained":[{"floor":4.0,"key":"Strength Potion"},{"floor":12.0,"key":"LiquidBronze"},{"floor":13.0,"key":"BlessingOfTheForge"},{"floor":14.0,"key":"PowerPotion"},{"floor":19.0,"key":"Energy Potion"},{"floor":24,"key":"Weak Potion"},{"floor":29,"key":"Swift Potion"},{"floor":39,"key":"SkillPotion"},{"floor":44,"key":"GamblersBrew"},{"floor":48,"key":"SteroidPotion"}],"is_trial":false,"path_per_floor":["M","?","?","M","$","E","R","?","T","M","R","E","M","E","R","B",null,"M","M","$","M","?","R","E","R","T","E","M","E","R","?","R","B",null,"M","?","?","?","M","R","E","R","T","?","E","M","E","M","R","B",null,"R","$","E","B",null],"character_chosen":"DEFECT","items_purchased":["Frozen Egg 2","Defragment+1","OrangePellets","Meteor Strike","Finesse","Reboot","Orichalcum","BlessingOfTheForge","Dexterity Potion"],"campfire_rested":4,"item_purchase_floors":[20,20,20,53,53,53,53,53,53],"current_hp_per_floor":[75,42,42,42,42,42,42,42,42,40,40,15,14,9,31,41,75,74,72,72,51,51,51,10,32,32,14,16,11,33,33,33,75,75,74,74,64,47,53,53,39,61,61,75,75,75,75,75,75,57,75,75,75,50,38],"gold":42,"neow_bonus":"THREE_ENEMY_KILL","is_daily":false,"chose_seed":false,"campfire_upgraded":6,"win_rate":0.0,"timestamp":1610562518,"path_taken":["M","?","?","M","$","E","R","?","T","M","R","E","M","E","R","BOSS","M","M","$","M","?","R","E","R","T","E","?","E","R","?","R","BOSS","M","?","?","?","M","R","E","R","T","?","E","M","E","M","R","BOSS","R","$","E","BOSS"],"items_purchased_type":["Relic","Card","Relic","Card","Card","Card","Relic","Potion","Potion"],"build_version":"2020-12-22","purchased_purges":2,"victory":true,"max_hp_per_floor":[75,75,75,75,75,75,75,75,75,75,75,75,75,75,75,75,75,75,75,75,75,75,75,75,75,75,75,75,75,75,75,75,75,75,75,75,75,75,75,75,75,75,75,75,75,75,75,75,75,75,75,75,75,75,75],"card_choices":[{"not_picked":["Redo","Sweeping Beam"],"picked":"Genetic Algorithm","floor":1.0},{"not_picked":["Gash","Skim"],"picked":"Leap","floor":4.0},{"not_picked":["Auto Shields","Tempest"],"picked":"Reboot","floor":6.0},{"not_picked":["Go for the Eyes","Beam Cell"],"picked":"Cold Snap","floor":10.0},{"not_picked":["Beam Cell","Streamline"],"picked":"Ball Lightning","floor":12.0},{"not_picked":["Barrage","White Noise"],"picked":"Conserve Battery","floor":13.0},{"not_picked":["Barrage","Ball Lightning"],"picked":"Steam","floor":14.0},{"not_picked":["Fission","Rainbow"],"picked":"Biased Cognition","floor":16.0},{"not_picked":["Coolheaded","Leap"],"picked":"Beam Cell+1","floor":18.0},{"not_picked":["Fusion","Genetic Algorithm"],"picked":"Sweeping Beam","floor":19.0},{"not_picked":["Beam Cell","Fusion","Leap"],"picked":"SKIP","floor":21},{"not_picked":["BootSequence","Amplify"],"picked":"Barrage","floor":24},{"not_picked":["Barrage","Gash"],"picked":"Cold Snap","floor":27},{"not_picked":["Coolheaded","Turbo"],"picked":"Consume+1","floor":28},{"not_picked":["Stack+1","Ball Lightning","Blizzard"],"picked":"SKIP","floor":29},{"not_picked":["Reboot","Amplify"],"picked":"Rainbow","floor":33},{"not_picked":["Sweeping Beam","BootSequence+1"],"picked":"Undo+1","floor":35},{"not_picked":["Blind","Mind Blast"],"picked":"Impatience","floor":37},{"not_picked":["The Bomb","Good Instincts"],"picked":"Secret Technique","floor":37},{"not_picked":["Metamorphosis","Sadistic Nature+1"],"picked":"Bandage Up","floor":37},{"not_picked":["Redo+1","Cold Snap+1"],"picked":"BootSequence+1","floor":38},{"not_picked":["Scrape+1","Sweeping Beam"],"picked":"Heatsinks+1","floor":39},{"not_picked":["Heatsinks+1","Conserve Battery+1"],"picked":"Defragment+1","floor":41},{"not_picked":["Reinforced Body","Steam+1"],"picked":"Gash+1","floor":44},{"not_picked":["Rebound","Chaos"],"picked":"Compile Driver","floor":45},{"not_picked":["Beam Cell","Aggregate+1"],"picked":"White Noise","floor":46},{"not_picked":["Undo","Coolheaded","Hello World+1"],"picked":"SKIP","floor":47},{"not_picked":["Consume+1","Compile Driver"],"picked":"Recycle","floor":48},{"not_picked":["Steam","Coolheaded","Conserve Battery"],"picked":"SKIP","floor":54}],"player_experience":68841,"relics_obtained":[{"floor":6.0,"key":"Pantograph"},{"floor":9.0,"key":"InkBottle"},{"floor":12.0,"key":"Nunchaku"},{"floor":14.0,"key":"Unceasing Top"},{"floor":24,"key":"Bag of Preparation"},{"floor":26,"key":"Letter Opener"},{"floor":27,"key":"Blood Vial"},{"floor":29,"key":"Potion Belt"},{"floor":38,"key":"FossilizedHelix"},{"floor":41,"key":"Mercury Hourglass"},{"floor":44,"key":"Pocketwatch"},{"floor":45,"key":"Ice Cream"},{"floor":47,"key":"Whetstone"},{"floor":54,"key":"Torii"}],"event_choices":[{"damage_healed":0.0,"max_hp_gain":0.0,"max_hp_loss":0.0,"gold_gain":0.0,"event_name":"Scrap Ooze","player_choice":"Success","floor":2.0,"gold_loss":0.0,"damage_taken":33.0,"relics_obtained":["MawBank"]},{"damage_healed":0.0,"max_hp_gain":0.0,"max_hp_loss":0.0,"gold_gain":175.0,"event_name":"Liars Game","player_choice":"AGREE","floor":3.0,"gold_loss":0.0,"damage_taken":0.0,"cards_obtained":["Doubt"]},{"damage_healed":0.0,"max_hp_gain":0.0,"max_hp_loss":0.0,"gold_gain":0.0,"event_name":"Dead Adventurer","player_choice":"Searched \u00270\u0027 times","floor":8.0,"gold_loss":0.0,"damage_taken":0.0},{"damage_healed":0,"gold_gain":0,"player_choice":"Forge","damage_taken":0,"max_hp_gain":0,"max_hp_loss":0,"event_name":"Accursed Blacksmith","floor":22,"gold_loss":0,"cards_upgraded":["Reboot"]},{"damage_healed":0,"gold_gain":0,"player_choice":"Became a vampire (Vial)","damage_taken":0,"max_hp_gain":0,"max_hp_loss":0,"event_name":"Vampires","floor":31,"relics_lost":["Blood Vial"],"gold_loss":0,"cards_obtained":["Bite","Bite","Bite","Bite","Bite"]},{"cards_removed":["Bite"],"damage_healed":0,"gold_gain":0,"player_choice":"Removed Attack","damage_taken":0,"max_hp_gain":0,"max_hp_loss":0,"event_name":"Falling","floor":36,"gold_loss":0},{"damage_healed":0,"gold_gain":0,"player_choice":"Memory 3","damage_taken":10,"max_hp_gain":0,"max_hp_loss":0,"event_name":"SensoryStone","floor":37,"gold_loss":0},{"damage_healed":0,"gold_gain":0,"player_choice":"Fight","damage_taken":0,"max_hp_gain":0,"max_hp_loss":0,"event_name":"Mysterious Sphere","floor":38,"gold_loss":0},{"damage_healed":0,"gold_gain":0,"player_choice":"Fight","damage_taken":0,"max_hp_gain":0,"max_hp_loss":0,"event_name":"MindBloom","floor":44,"gold_loss":0}],"is_beta":false,"boss_relics":[{"not_picked":["Philosopher\u0027s Stone","Cursed Key"],"picked":"Nuclear Battery"},{"not_picked":["Sozu","Tiny House"],"picked":"SacredBark"}],"items_purged_floors":[20,53],"is_endless":false,"potions_floor_spawned":[4,12,13,14,19,24,29,39,44,48],"ascension_level":3}}