{"host":"dth8fvkfiulu86fi","time":1610536799,"event":{"mods":["2.2 Compatiblity","AchievementEnabler","BaseMod","Better Third Choice","Colored Map","Colored Powertips","Minty Spire (QoL Compilation)","Rare Cards Sparkle","StSLib","SuperFastMode","Synergy Search"],"gold_per_floor":[114,189,189,189,39,39,54,69,69,69,20,35,35,65,65,165,165,180,53,68,15,15,45,45,45,95,95,120,120,135,135,135,135,135],"floor_reached":33,"language":"ENG","playtime":678,"items_purged":["Doubt"],"score":359,"play_id":"b09be923-fc68-4879-9ec9-fa58090f909f","local_time":"20210113121959","daily_mods":["Cursed Run","Vintage","Lethality"],"is_ascension_mode":false,"campfire_choices":[{"data":"Eruption","floor":6.0,"key":"SMITH"},{"data":"Vigilance","floor":10.0,"key":"SMITH"},{"data":"Prostrate","floor":15.0,"key":"SMITH"},{"data":"Prostrate","floor":25.0,"key":"SMITH"},{"data":"Consecrate","floor":27.0,"key":"SMITH"},{"floor":32.0,"key":"REST"}],"circlet_count":0,"master_deck":["Strike_P","Strike_P","Strike_P","Defend_P+1","Defend_P+1","Defend_P","Defend_P","Eruption+1","Vigilance+1","Consecrate+1","Prostrate+1","Consecrate+1","Prostrate+1","Doubt","Clumsy"],"relics":["Cursed Key","Darkstone Periapt","Du-Vu Doll","Pen Nib","Damaru","Happy Flower","PreservedInsect","Meat on the Bone","Potion Belt","White Beast Statue","Bottled Flame","Empty Cage","Orichalcum","Blue Candle","Smiling Mask","War Paint","Blood Vial","CeramicFish"],"acts_visited":["Exordium","TheCity"],"potions_floor_usage":[33,33],"damage_taken":[{"damage":0.0,"enemies":"Cultist","floor":1.0,"turns":2.0},{"damage":1.0,"enemies":"Jaw Worm","floor":7.0,"turns":2.0},{"damage":6.0,"enemies":"2 Louse","floor":8.0,"turns":2.0},{"damage":0.0,"enemies":"Exordium Thugs","floor":12.0,"turns":1.0},{"damage":2.0,"enemies":"Gremlin Nob","floor":14.0,"turns":2.0},{"damage":45.0,"enemies":"Slime Boss","floor":16.0,"turns":5.0},{"damage":25.0,"enemies":"Shell Parasite","floor":18.0,"turns":5.0},{"damage":0.0,"enemies":"Spheric Guardian","floor":20.0,"turns":1.0},{"damage":0.0,"enemies":"Slavers","floor":23.0,"turns":1.0},{"damage":26.0,"enemies":"Snecko","floor":30.0,"turns":4.0},{"damage":102,"enemies":"Collector","floor":33,"turns":6}],"seed_played":"-4624312993155624390","potions_obtained":[{"floor":7.0,"key":"FearPotion"},{"floor":8.0,"key":"StancePotion"},{"floor":14.0,"key":"Ancient Potion"},{"floor":16.0,"key":"Weak Potion"},{"floor":18.0,"key":"GamblersBrew"},{"floor":20.0,"key":"PowerPotion"},{"floor":23.0,"key":"BottledMiracle"},{"floor":30.0,"key":"Explosive Potion"}],"is_trial":false,"path_per_floor":["M","?","?","$","$","R","M","M","T","R","$","M","T","E","R","B",null,"M","$","M","$","?","E","$","R","T","R","T","?","M","?","R","B"],"character_chosen":"WATCHER","items_purchased":["Damaru","Consecrate","Consecrate","Prostrate"],"campfire_rested":1,"item_purchase_floors":[5,11,19,21],"current_hp_per_floor":[72,61,61,61,61,61,60,54,60,60,60,60,66,64,64,37,90,65,65,65,65,65,65,65,65,71,71,77,102,76,76,102,0,0],"gold":135,"neow_bonus":"","is_daily":true,"chose_seed":false,"campfire_upgraded":5,"win_rate":0.0,"timestamp":1610536799,"path_taken":["M","?","?","?","$","R","M","M","T","R","$","M","?","E","R","BOSS","M","$","M","$","?","E","?","R","T","R","?","?","M","?","R","BOSS"],"items_purchased_type":["Relic","Card","Card","Card"],"build_version":"2020-12-22","purchased_purges":1,"victory":false,"max_hp_per_floor":[72,72,72,72,72,72,72,72,78,78,78,78,84,84,84,90,90,90,90,90,90,90,90,90,90,96,96,102,102,102,102,102,102,102],"card_choices":[{"not_picked":["SashWhip","Meditate"],"picked":"Prostrate","floor":14.0},{"not_picked":["LikeWater","EmptyMind","SashWhip"],"picked":"SKIP","floor":23.0}],"player_experience":1141893,"relics_obtained":[{"floor":1.0,"key":"Pen Nib"},{"floor":7.0,"key":"Happy Flower"},{"floor":8.0,"key":"PreservedInsect"},{"floor":9.0,"key":"Meat on the Bone"},{"floor":12.0,"key":"Potion Belt"},{"floor":13.0,"key":"White Beast Statue"},{"floor":14.0,"key":"Bottled Flame"},{"floor":18.0,"key":"Orichalcum"},{"floor":20.0,"key":"Blue Candle"},{"floor":23.0,"key":"Smiling Mask"},{"floor":26.0,"key":"War Paint"},{"floor":28.0,"key":"Blood Vial"},{"floor":30.0,"key":"CeramicFish"}],"event_choices":[{"damage_healed":0.0,"max_hp_gain":0.0,"max_hp_loss":0.0,"gold_gain":75.0,"event_name":"betterThird:BetterGoop","player_choice":"Gold","floor":2.0,"gold_loss":0.0,"damage_taken":11.0},{"damage_healed":0.0,"max_hp_gain":0.0,"max_hp_loss":0.0,"gold_gain":0.0,"event_name":"Golden Idol","player_choice":"Ignored","floor":3.0,"gold_loss":0.0,"damage_taken":0.0},{"cards_removed":["Strike_P"],"damage_healed":0.0,"max_hp_gain":0.0,"max_hp_loss":0.0,"gold_gain":0.0,"event_name":"Bonfire Elementals","player_choice":"Offered Basic","floor":22.0,"gold_loss":0.0,"damage_taken":0.0},{"damage_healed":34.0,"max_hp_gain":0.0,"max_hp_loss":0.0,"gold_gain":0.0,"event_name":"The Library","player_choice":"Heal","floor":29.0,"gold_loss":0.0,"damage_taken":0.0},{"damage_healed":0.0,"max_hp_gain":0.0,"max_hp_loss":0.0,"gold_gain":0.0,"event_name":"Accursed Blacksmith","player_choice":"Forge","floor":31.0,"gold_loss":0.0,"damage_taken":0.0,"cards_upgraded":["Consecrate"]}],"is_beta":false,"boss_relics":[{"not_picked":["SacredBark","Ectoplasm"],"picked":"Empty Cage"}],"items_purged_floors":[19],"is_endless":false,"potions_floor_spawned":[7,8,14,16,18,20,23,30],"killed_by":"Collector","ascension_level":0}}