{"host":"tnu4ypcvorrhmtm6","time":1610551902,"event":{"mods":["BaseMod","Conspire","GungeonMod","Jedi Mod","Minty Spire (QoL Compilation)","MostiFishMod","Replay The Spire","RumiaBox-露米娅的神秘盒子","Spicy Shops","StSLib","TestMod","The Alterego","The Bladedancer","The Cursed","The Runesmith","vexMod","【功能Mod】混沌之环修复补丁","【遗物卡牌】REMEMod"],"gold_per_floor":[153,153,53,53,24,24,122,209,209,285,285],"floor_reached":10,"language":"ZHS","playtime":533,"items_purged":[],"score":132,"play_id":"2c71b7ae-ee89-451a-a93a-dbff955a16b0","local_time":"20210113233142","daily_mods":["SealedDeck","Vintage","Allstar","Diverse","Colorless Cards","Heirloom","Time Dilation","Flight","DeadlyEvents","Elite Swarm","Lethality","Midas"],"is_ascension_mode":false,"campfire_choices":[{"floor":6,"key":"REST"}],"circlet_count":0,"master_deck":["testmod-Librarian+1","Ghostly+1","conspire:Charge","TheCursedMod:VitalStrike","MostiFishMod:GrandStart","Thinking Ahead"],"relics":["Burning Blood","testmod-TestBox","DaveBox","replay:Trail_Library","REME_ComplimentaryCards","Membership Card","testmod-KeyOfTheVoid","testmod-Laevatain","Prayer Wheel","SynthV:TestCard","Iron Hammer","ReplayTheSpireMod:CursedCoin","testmod-Acrobat","DemoMod:GlassGuonStoneRelic","Prayer Wheel","Vajra","Eternal Feather"],"acts_visited":["Exordium"],"potions_floor_usage":[],"damage_taken":[{"damage":23,"enemies":"2 Louse","floor":1,"turns":4},{"damage":22,"enemies":"Lagavulin","floor":7,"turns":4},{"damage":0,"enemies":"3 Sentries","floor":8,"turns":1},{"damage":0,"enemies":"Gremlin Nob","floor":10,"turns":1}],"seed_played":"5474723828856992962","potions_obtained":[{"floor":8,"key":"SpeedPotion"}],"is_trial":true,"path_per_floor":["M","?","?","?","$","R","E","E","T","E"],"character_chosen":"IRONCLAD","items_purchased":["conspire:Charge","ReplayTheSpireMod:CursedCoin","testmod-Acrobat","TheCursedMod:VitalStrike"],"campfire_rested":1,"item_purchase_floors":[5,5,5,5],"current_hp_per_floor":[47,34,34,34,34,53,37,43,43,49,49],"gold":285,"neow_bonus":"","is_daily":false,"chose_seed":false,"campfire_upgraded":0,"win_rate":0.0,"timestamp":1610551902,"path_taken":["M","?","?","?","$","R","?","E","T","E"],"items_purchased_type":["Card","Relic","Relic","Card"],"build_version":"2020-12-22","purchased_purges":0,"victory":false,"max_hp_per_floor":[64,64,64,64,64,64,64,64,64,64,64],"card_choices":[{"not_picked":["Phantasmal Killer","testmod-ShutDown","Echo Form","MostiFishMod:DawningShadow"],"picked":"MostiFishMod:GrandStart","floor":7},{"not_picked":["Juggernaut","testmod-EnhanceArmerment","REME_Fury","Tools of the Trade"],"picked":"Thinking Ahead","floor":8}],"player_experience":24669,"relics_obtained":[{"floor":1,"key":"SynthV:TestCard"},{"floor":1,"key":"Iron Hammer"},{"floor":7,"key":"Prayer Wheel"},{"floor":8,"key":"Vajra"},{"floor":9,"key":"Eternal Feather"}],"event_choices":[{"damage_healed":0,"gold_gain":0,"player_choice":"Entered Light","damage_taken":13,"max_hp_gain":0,"max_hp_loss":0,"event_name":"Shining Light","floor":2,"gold_loss":0,"cards_upgraded":["testmod-Librarian"]},{"damage_healed":0,"gold_gain":0,"player_choice":"Argue","damage_taken":0,"max_hp_gain":0,"max_hp_loss":0,"event_name":"conspire:LoneGhost","floor":3,"gold_loss":0},{"damage_healed":0,"gold_gain":0,"player_choice":"Forge","damage_taken":0,"max_hp_gain":0,"max_hp_loss":0,"event_name":"Accursed Blacksmith","floor":4,"gold_loss":0,"cards_upgraded":["Ghostly"]}],"is_beta":false,"boss_relics":[],"items_purged_floors":[],"is_endless":true,"potions_floor_spawned":[8,10],"killed_by":"Gremlin Nob","ascension_level":0}}