{"host":"50per11302020","time":1610577620,"event":{"mods":["AchievementEnabler","BaseMod","Colored Map","Minty Spire (QoL Compilation)","Relic Stats","StSLib"],"gold_per_floor":[114,79,89,113,113,123,150,175,175,17,17,31,31,61,61,61,61],"floor_reached":16,"language":"ENG","playtime":986,"items_purged":["Strike_G"],"score":211,"play_id":"ac9a63dd-8e49-4a21-90e8-632ced137e53","local_time":"20210113144020","is_ascension_mode":true,"campfire_choices":[{"floor":11,"key":"REST"},{"data":"Crippling Poison","floor":13,"key":"SMITH"},{"data":"Catalyst","floor":15,"key":"SMITH"}],"circlet_count":0,"master_deck":["AscendersBane","Strike_G","Strike_G","Strike_G","Strike_G","Defend_G","Defend_G","Defend_G","Defend_G","Defend_G","Survivor","Neutralize","Crippling Poison+1","Backflip","Catalyst+1","Backstab","Footwork"],"relics":["Ring of the Snake","Lizard Tail","Bag of Marbles","Odd Mushroom","Smiling Mask","Omamori","Tiny Chest"],"acts_visited":["Exordium"],"potions_floor_usage":[8,8,10,14],"damage_taken":[{"damage":24,"enemies":"Jaw Worm","floor":1,"turns":7},{"damage":7,"enemies":"Small Slimes","floor":3,"turns":4},{"damage":0,"enemies":"2 Louse","floor":6,"turns":4},{"damage":30,"enemies":"The Mushroom Lair","floor":7,"turns":6},{"damage":6,"enemies":"Gremlin Nob","floor":8,"turns":3},{"damage":0,"enemies":"Exordium Wildlife","floor":12,"turns":3},{"damage":8,"enemies":"Lagavulin","floor":14,"turns":10},{"damage":69,"enemies":"Hexaghost","floor":16,"turns":14}],"seed_played":"-8172670356199330553","potions_obtained":[{"floor":6,"key":"Poison Potion"},{"floor":7,"key":"SteroidPotion"},{"floor":12,"key":"ColorlessPotion"}],"is_trial":false,"path_per_floor":["M","?","M","T","?","M","?","E","T","$","R","M","R","E","R","B"],"character_chosen":"THE_SILENT","items_purchased":["Fruit Juice"],"campfire_rested":1,"item_purchase_floors":[10],"current_hp_per_floor":[35,51,44,44,44,44,14,8,8,13,34,34,34,26,26,0,0],"gold":61,"neow_bonus":"ONE_RARE_RELIC","is_daily":false,"chose_seed":false,"campfire_upgraded":2,"win_rate":0.0,"timestamp":1610577620,"path_taken":["M","?","M","?","?","M","?","E","T","$","R","?","R","E","R","BOSS"],"items_purchased_type":["Potion"],"build_version":"2020-12-18","purchased_purges":1,"victory":false,"max_hp_per_floor":[66,66,66,66,66,66,66,66,66,71,71,71,71,71,71,71,71],"relic_stats":{"Lizard Tail":35,"counters":[8,51],"Tiny Chest":0,"Smiling Mask":25,"obtain_stats":[{"Lizard Tail":0,"Tiny Chest":14,"Bag of Marbles":4,"Omamori":9,"Odd Mushroom":7,"Smiling Mask":8,"Ring of the Snake":0},{"Lizard Tail":0,"Tiny Chest":7,"Bag of Marbles":2,"Omamori":5,"Odd Mushroom":4,"Smiling Mask":5,"Ring of the Snake":0},{"Lizard Tail":0,"Tiny Chest":37,"Bag of Marbles":11,"Omamori":24,"Odd Mushroom":21,"Smiling Mask":24,"Ring of the Snake":0}],"Ring of the Snake":[16]},"card_choices":[{"not_picked":["Cloak And Dagger","Concentrate"],"picked":"Crippling Poison","floor":1},{"not_picked":["Finisher","Sucker Punch"],"picked":"Backflip","floor":3},{"not_picked":["Eviscerate","Poisoned Stab"],"picked":"Catalyst","floor":6},{"not_picked":["Accuracy","Predator"],"picked":"Backstab","floor":7},{"not_picked":["Masterful Stab","Well Laid Plans","Choke"],"picked":"SKIP","floor":8},{"not_picked":["Dodge and Roll","PiercingWail"],"picked":"Footwork","floor":12},{"not_picked":["Deflect","Die Die Die","Outmaneuver"],"picked":"SKIP","floor":14}],"player_experience":194480,"relics_obtained":[{"floor":4,"key":"Bag of Marbles"},{"floor":7,"key":"Odd Mushroom"},{"floor":8,"key":"Smiling Mask"},{"floor":9,"key":"Omamori"},{"floor":14,"key":"Tiny Chest"}],"event_choices":[{"damage_healed":16,"gold_gain":0,"player_choice":"Healed","damage_taken":0,"max_hp_gain":0,"max_hp_loss":0,"event_name":"The Cleric","floor":2,"gold_loss":35},{"cards_removed":["Shame"],"damage_healed":0,"gold_gain":0,"player_choice":"Forget","damage_taken":0,"max_hp_gain":0,"max_hp_loss":0,"event_name":"Living Wall","floor":5,"gold_loss":0},{"damage_healed":0,"gold_gain":0,"player_choice":"Fought Mushrooms","damage_taken":0,"max_hp_gain":0,"max_hp_loss":0,"event_name":"Mushrooms","floor":7,"gold_loss":0}],"is_beta":true,"boss_relics":[],"items_purged_floors":[10],"is_endless":false,"potions_floor_spawned":[6,7,12],"killed_by":"Hexaghost","ascension_level":19}}