{"host":"tnu4ypcvorrhmtm6","time":1610561929,"event":{"mods":["ATMod(°¢èªMod)","BaseMod","Conspire","GungeonMod","Minty Spire (QoL Compilation)","MostiFishMod","Replay The Spire","RumiaBox-Â¶Ã×æ«µÄÉñÃØºÐ×Ó","StSLib","TestMod","The Gatherer","[IsaacMod]ÒÔÈö¼âËþ","vexMod","¡¾¹¦ÄÜMod¡¿»ìãçÖ®»·ÐÞ¸´²¹¶¡","¡¾ÒÅÎï¿¨ÅÆ¡¿REMEMod"],"gold_per_floor":[144,189,222,252,6,96,171,258,258,348,447,525,600,22,22,307,307,361,59,101,158,197,278,368,477,556,762,861,1088,1292,674,674,1061,1061,1121,1184,1235,1268,1314,1507,1710,1915,1940,2133,1477,909,1093,291,291,803,903,951,1086,1128,342,463,651,83,282,282,487,719,945,1005,166,166,588,-812,-736,-638,-556,-556,-361,-99,-99,-99],"floor_reached":75,"language":"ZHS","playtime":3073,"items_purged":["Doubt","MostiFishMod:MusicBox","MostiFishMod:WinterMarkForm","testmod-Dream","Juggernaut","AT_WomanClash","PiercingWail","Thinking Ahead","Deflect","AT_TinkerSharpsword"],"score":2622,"play_id":"b83d61f2-da27-47a1-a1f8-0ececb391b9d","local_time":"20210114021849","daily_mods":["SealedDeck","Vintage","Diverse","Colorless Cards","Heirloom","Time Dilation","Flight","DeadlyEvents","Elite Swarm","Lethality","Midas"],"is_ascension_mode":false,"campfire_choices":[],"circlet_count":0,"master_deck":["Cloak And Dagger","Shrug It Off+1","MostiFishMod:PushDownKick","Cleave","AT_IchimonjiDouble+1","Dagger Spray+1","Gatherer:Misfortune","MostiFishMod:DarkDeal+1","MostiFishMod:NewArrival+1","Replay:Many Hands+1","Gatherer:FlowerBeam+3","Dagger Spray+1","Venomology+1","AT_WindFlip+1","testmod-AssimilatedRune+1"],"relics":["DemoMod:Dog","HushsDoor","Void","ShadowXiaoBlade","testmod-AssaultLearning","SynthV:TestCard","ReplayTheSpireMod:TigerMarble","conspire:TopHat","Replay:Ringing Soul","Question Card","DemoMod:PoisonVial","ArrowTower","Bag of Preparation","DemoMod:GundromedaStrain","Replay:Towering Pillar of Hats","Replay:Wax Seal","REME_HourglassOfDeath","REME_LimitBreaker","DianDianMeat","EasyGame_NEW","JudasShadow","Replay:Rubber Ducky","REME_PuzzleBoxRelic","Medical Kit","Civilization","MagicDraw3","testmod-Acrobat","AT_TheCollector","Chameleon Ring","testmod-Hope","DemoMod:BigBoy","Iron Hammer","Blue Doll","DollysMirror","vexMod:BarristanHead","ZombieArmy","conspire:DecoderRing","GodSword5","DemoMod:JetPack","Mirror","AT_EbonyIvory","vexMod:MemoryStick","testmod-Antiphasic","REME_CardOfGreed","Ornamental Fan","SynthV","AT_BellDemon","ReplayFunnel","DemoMod:MemoryAlloy","testmod-IndustrialRevolution","Golden Egg","AT_SilvercatRing","testmod-IWantAll","Replay:Wanted Poster","RottenBaby","GuppysCollar","testmod-Muramasa","Sundial","Pondfish Scales","testmod-Fortitude","Torii","AT_BladeRuinedKing","HandDrill","Replay:Bottled Snecko","Snack Pack","DemoMod:GlassGuonStoneRelic","Toy Ornithopter","GodSword7","Anchor","Regal Pillow","D6","Dream Catcher","AT_MibuBalloonWealth","Frozen Eye","MagicDraw1","Ice Cream","SynthV:MejaisSoulstealer","Damocles","AT_LudenTempest","Garlic","Matryoshka","Mercury Hourglass","Pen Nib","Replay:Bandana","DemoMod:WeirdEgg","War Paint","DemoMod:Bottle","testmod-TurbochargingSystem","Molten Egg 2"],"acts_visited":["Exordium","TheCity","TheBeyond","Exordium","TheCity"],"potions_floor_usage":[],"damage_taken":[{"damage":0.0,"enemies":"Cultist","floor":1.0,"turns":1.0},{"damage":7.0,"enemies":"Jaw Worm","floor":2.0,"turns":2.0},{"damage":0.0,"enemies":"2 Louse","floor":3.0,"turns":1.0},{"damage":0.0,"enemies":"2 Fungi Beasts","floor":4.0,"turns":2.0},{"damage":0.0,"enemies":"Replay:BlueRogue","floor":6.0,"turns":1.0},{"damage":0.0,"enemies":"Lagavulin","floor":7.0,"turns":2.0},{"damage":5.0,"enemies":"Gremlin Nob","floor":8.0,"turns":1.0},{"damage":0.0,"enemies":"Replay:BlueRogue","floor":10.0,"turns":1.0},{"damage":0.0,"enemies":"Gremlin Nob","floor":11.0,"turns":1.0},{"damage":0.0,"enemies":"3 Sentries","floor":12.0,"turns":1.0},{"damage":0.0,"enemies":"Lagavulin","floor":13.0,"turns":1.0},{"damage":0.0,"enemies":"Fading Forest","floor":16.0,"turns":4.0},{"damage":0.0,"enemies":"2 Thieves","floor":18.0,"turns":1.0},{"damage":5.0,"enemies":"3 Byrds","floor":20.0,"turns":1.0},{"damage":8.0,"enemies":"conspire:HollyBat","floor":21.0,"turns":6.0},{"damage":0.0,"enemies":"Centurion and Healer","floor":22.0,"turns":1.0},{"damage":0.0,"enemies":"Book of Stabbing","floor":23.0,"turns":1.0},{"damage":0.0,"enemies":"conspire:Head Lice","floor":24.0,"turns":1.0},{"damage":0.0,"enemies":"Book of Stabbing","floor":25.0,"turns":1.0},{"damage":0.0,"enemies":"Gremlin Leader","floor":27.0,"turns":1.0},{"damage":0.0,"enemies":"conspire:Head Lice","floor":28.0,"turns":1.0},{"damage":0.0,"enemies":"conspire:SneckoGhost","floor":29.0,"turns":1.0},{"damage":0.0,"enemies":"Gremlin Leader","floor":30.0,"turns":1.0},{"damage":0.0,"enemies":"Collector","floor":33.0,"turns":1.0},{"damage":0.0,"enemies":"Orb Walker","floor":35.0,"turns":1.0},{"damage":0.0,"enemies":"3 Darklings","floor":36.0,"turns":1.0},{"damage":0.0,"enemies":"Transient","floor":37.0,"turns":2.0},{"damage":0.0,"enemies":"Spire Growth","floor":38.0,"turns":1.0},{"damage":0.0,"enemies":"Maw","floor":39.0,"turns":1.0},{"damage":0.0,"enemies":"Reptomancer","floor":40.0,"turns":1.0},{"damage":0.0,"enemies":"Nemesis","floor":41.0,"turns":1.0},{"damage":0.0,"enemies":"R_Hoarder","floor":42.0,"turns":1.0},{"damage":0.0,"enemies":"Nemesis","floor":44.0,"turns":1.0},{"damage":0.0,"enemies":"R_Hoarder","floor":47.0,"turns":1.0},{"damage":0.0,"enemies":"Donu and Deca","floor":50.0,"turns":1.0},{"damage":0.0,"enemies":"conspire:RoseBush","floor":52.0,"turns":1.0},{"damage":0.0,"enemies":"Jaw Worm","floor":53.0,"turns":1.0},{"damage":0.0,"enemies":"2 Louse","floor":54.0,"turns":1.0},{"damage":0.0,"enemies":"conspire:2 RoseBushes","floor":56.0,"turns":2.0},{"damage":0.0,"enemies":"Gremlin Nob","floor":57.0,"turns":1.0},{"damage":0.0,"enemies":"Replay:BlueRogue","floor":59.0,"turns":1.0},{"damage":0.0,"enemies":"Gremlin Nob","floor":61.0,"turns":1.0},{"damage":0.0,"enemies":"Replay:BlueRogue","floor":62.0,"turns":1.0},{"damage":0.0,"enemies":"Lagavulin","floor":63.0,"turns":1.0},{"damage":0.0,"enemies":"conspire:2 RoseBushes","floor":64.0,"turns":1.0},{"damage":0.0,"enemies":"Slime Boss","floor":67.0,"turns":1.0},{"damage":0.0,"enemies":"Spheric Guardian","floor":69.0,"turns":1.0},{"damage":0.0,"enemies":"2 Thieves","floor":70.0,"turns":1.0},{"damage":0.0,"enemies":"Snake Plant","floor":71.0,"turns":1.0},{"damage":0.0,"enemies":"conspire:HollyBat","floor":73.0,"turns":2.0},{"damage":0.0,"enemies":"Slavers","floor":74.0,"turns":1.0},{"damage":0,"enemies":"Book of Stabbing","floor":75,"turns":1}],"seed_played":"9075314179192864221","potions_obtained":[{"floor":6.0,"key":"EssenceOfSteel"},{"floor":8.0,"key":"Energy Potion"},{"floor":11.0,"key":"SpeedPotion"},{"floor":16.0,"key":"FairyPotion"},{"floor":18.0,"key":"Reflective Coating"},{"floor":32.0,"key":"FairyPotion"},{"floor":32.0,"key":"testmod-EscapePotion"},{"floor":37.0,"key":"Explosive Potion"},{"floor":49.0,"key":"Fruit Juice"},{"floor":49.0,"key":"Fire Potion"},{"floor":52.0,"key":"DuplicationPotion"},{"floor":53.0,"key":"DemoMod:LeadSkinPotion"},{"floor":57.0,"key":"PowerPotion"},{"floor":59.0,"key":"REME_GoldPotion"},{"floor":62.0,"key":"REME_GoldPotion"},{"floor":73.0,"key":"Fruit Juice"},{"floor":74.0,"key":"DemoMod:LeadSkinPotion"}],"is_trial":true,"path_per_floor":["M","M","M","M","$","E","E","E","T","E","E","E","E","$","R","B",null,"M","$","M","M","M","E","E","E","T","E","E","E","E","$","R","B",null,"M","M","M","M","M","E","E","E","T","E","$","$","E","$","R","B",null,"M","M","M","$","?","E","$","E","T","E","E","E","M","$","R","B",null,"M","M","M","$","M","E","E"],"character_chosen":"HUNTRESS","items_purchased":["ReplayTheSpireMod:CursedCoin","Question Card","DemoMod:PoisonVial","REME_LimitBreaker","DianDianMeat","Gatherer:FlowerBeam","JudasShadow","REME_PuzzleBoxRelic","Medical Kit","DollysMirror","vexMod:BarristanHead","SatanicBible","BelialBook","GuppysPaw","GuppysHairball","testmod-Antiphasic","REME_CardOfGreed","Ornamental Fan","SynthV","AT_BellDemon","ReplayFunnel","Golden Egg","AT_SilvercatRing","testmod-IWantAll","RottenBaby","GuppysCollar","AT_BladeRuinedKing","HandDrill","Replay:Bottled Snecko","AT_WindFlip","Toy Ornithopter","Replay:Bottled Eggs","Technique","Frozen Eye","MagicDraw1","ReplayTheSpireMod:Shallot","Damocles"],"campfire_rested":0,"item_purchase_floors":[5,5,5,14,14,14,17,19,19,31,31,31,34,34,34,45,45,45,46,46,46,48,48,48,51,51,55,55,55,55,58,58,58,65,65,65,68],"current_hp_per_floor":[82,75,82,82,85,88,91,89,89,89,92,95,98,102,102,108,95,95,95,90,83,86,94,101,109,109,120,134,149,165,171,171,188,160,175,199,224,247,274,304,332,364,364,397,397,397,435,435,442,478,440,477,512,552,560,601,640,640,683,683,727,769,815,863,863,863,921,900,947,999,1052,1052,1113,1170,1167,1167],"gold":-99,"neow_bonus":"","is_daily":false,"chose_seed":false,"campfire_upgraded":0,"win_rate":0.0,"timestamp":1610561929,"path_taken":["M","?","M","M","$","E","E","E","T","E","E","E","E","$","R","BOSS","M","$","M","M","M","E","E","E","T","E","E","E","E","$","R","BOSS","M","M","M","M","M","E","E","E","T","E","$","$","E","$","R","BOSS","M","M","M","$","?","E","$","E","T","E","E","E","M","$","R","BOSS","M","M","M","$","M","E","E"],"items_purchased_type":["Relic","Relic","Relic","Relic","Relic","Card","Relic","Relic","Relic","Relic","Relic","Relic","Relic","Relic","Relic","Relic","Relic","Relic","Relic","Relic","Relic","Relic","Relic","Relic","Relic","Relic","Relic","Relic","Relic","Card","Relic","Relic","Relic","Relic","Relic","Relic","Relic"],"build_version":"2020-12-22","purchased_purges":10,"victory":false,"max_hp_per_floor":[82,82,82,82,85,88,91,94,94,94,97,100,103,107,107,113,95,95,95,95,96,99,103,110,118,118,129,143,158,174,180,180,197,160,175,199,224,247,274,304,332,364,364,397,397,397,435,435,442,478,440,477,512,552,560,601,640,640,683,683,727,769,815,863,863,863,921,900,947,999,1052,1052,1113,1170,1167,1167],"card_choices":[{"not_picked":[],"picked":"ChaosCard","floor":0.0},{"not_picked":["MostiFishMod:SpreadingSpore","MostiFishMod:InterfaceCompatibility","DemoMod:DoubleVision","Multi-Cast","DemoMod:SuppressiveFire"],"picked":"MostiFishMod:DarkDeal","floor":6.0},{"not_picked":["ReplayTheSpireMod:Brewmster","Midas Touch","REME_CopyPotion","DemoMod:GunslingerForm","MostiFishMod:IceShield"],"picked":"MostiFishMod:NewArrival","floor":7.0},{"not_picked":["DemoMod:BalloonGun","REME_MawOfCthun","testmod-FightingIntention","Gatherer:BomberForm","Transmutation"],"picked":"MostiFishMod:WinterMarkForm","floor":8.0},{"not_picked":["MostiFishMod:TemporaryOutbreak","Biased Cognition","Midas Touch","Gatherer:MindSearch","MostiFishMod:404NotFound","Fiend Fire"],"picked":"SKIP","floor":10.0},{"not_picked":["Envenom","AT_EmpoweredMortalDraw","MostiFishMod:Opportunism","ReplayRNGCard","Replay:Bag of Tricks"],"picked":"testmod-Dream","floor":11.0},{"not_picked":["DemoMod:BlackHoleGun","Multi-Cast","Gatherer:Examine","ChaosCard","DemoMod:Gungine"],"picked":"MostiFishMod:MusicBox","floor":12.0},{"not_picked":["Gatherer:PoisonMastery","EpicFetus","MostiFishMod:ActiveDefenseSystem","Midas Touch","MostiFishMod:Tomorrow"],"picked":"Replay:Many Hands","floor":13.0},{"not_picked":["Magnetism","testmod-DisillusionmentEcho","REME_AllRoundStrike","DemoMod:DoubleVision","testmod-Arrangement"],"picked":"Juggernaut","floor":16.0},{"not_picked":["DemoMod:Eureka","Reaper","Gatherer:ColorfulGarden","ReplayUltimateDefense","Electrodynamics","MostiFishMod:DawningShadow"],"picked":"SKIP","floor":23.0},{"not_picked":["MostiFishMod:ReadyAimFire","Electrodynamics","Multi-Cast","testmod-Arrangement","DemoMod:Elimentaler","Amplify"],"picked":"SKIP","floor":24.0},{"not_picked":["testmod-BloodShelter","Tools of the Trade","Grand Finale","ReplayTheSpireMod:Brewmster","Adrenaline","MostiFishMod:CullingBlade"],"picked":"SKIP","floor":25.0},{"not_picked":["REME_WheelOfFate","Berserk","Sadistic Nature","Corpse Explosion","Brutality","A Thousand Cuts"],"picked":"SKIP","floor":27.0},{"not_picked":["testmod-TreasureHunter","MostiFishMod:AdrenalineArouse","REME_Shoggoth","MostiFishMod:Chiaki","MostiFishMod:Dislodge","vexMod:StairwayStrike"],"picked":"SKIP","floor":28.0},{"not_picked":["DemoMod:Desperate","testmod-Dream","MostiFishMod:IceShield","testmod-PowerStrike","Gatherer:StoneFence","MostiFishMod:Neurotoxin"],"picked":"SKIP","floor":29.0},{"not_picked":["MostiFishMod:Prepare","Reboot","Barricade","MostiFishMod:PerfectForm","Poison Darts","Gatherer:MindSearch"],"picked":"SKIP","floor":30.0},{"not_picked":["Gatherer:FlamingBottle","DemoMod:GunslingerForm","Hyperbeam","MostiFishMod:PerfectStrikeMKII","AT_FalsePromise","testmod-Superconductor"],"picked":"SKIP","floor":40.0},{"not_picked":["testmod-TreasureHunter","MostiFishMod:IntelligentEquipment","MostiFishMod:LethalBlade","MostiFishMod:MusicBox","MostiFishMod:Exploitation","Envenom"],"picked":"SKIP","floor":41.0},{"not_picked":["testmod-TreasureHunter","MostiFishMod:IntelligentEquipment","MostiFishMod:LethalBlade","MostiFishMod:MusicBox","MostiFishMod:Exploitation","Envenom"],"picked":"SKIP","floor":41.0},{"not_picked":["REME_ACTH","Eclipse","Echo Form","REME_LeechingPoison","MostiFishMod:Distribution","Glass Knife"],"picked":"SKIP","floor":42.0},{"not_picked":["testmod-TaurusBlackCat","EpicFetus","AT_RightCognition","testmod-ChaoticCore","MostiFishMod:ShivMaster","testmod-DisillusionmentEcho"],"picked":"SKIP","floor":44.0},{"not_picked":["MostiFishMod:UltimateDefense","MostiFishMod:PerfectForm","Corpse Explosion","testmod-BloodShelter","Doppelganger"],"picked":"Venomology","floor":47.0},{"not_picked":["Armaments","Prepared","Gatherer:PotentialSlash","Heel Hook","Steam","Gatherer:AromaProtection"],"picked":"SKIP","floor":56.0},{"not_picked":["testmod-TaurusBlackCat","DoctorFetus","AT_BreakingExtremeWeapon","Gatherer:FlamingBottle","MostiFishMod:Mania","MostiFishMod:Listen"],"picked":"SKIP","floor":57.0},{"not_picked":["Mayhem","DemoMod:DarkMarker","Thinking Ahead","testmod-SelfRegulatingSystem","REME_CopyPotion","vexMod:StairwayStrike"],"picked":"SKIP","floor":59.0},{"not_picked":["MostiFishMod:GrandStart","testmod-TaurusBlackCat","ReplayUltimateDefense","Gatherer:Photoscythe","DemoMod:SuppressiveFire","REME_TheLastStrike"],"picked":"SKIP","floor":61.0},{"not_picked":["MostiFishMod:PerfectStrikeMKII","MostiFishMod:Neurotoxin","ReplayTheSpireMod:Fabricate Wheel","DemoMod:Behold!","AT_MyraUnstableElement","Crow Ritual"],"picked":"SKIP","floor":62.0},{"not_picked":["ChaosCard","MostiFishMod:WinterMarkForm","Double Tap","REME_AllRoundStrike","testmod-BloodBlade","Feed"],"picked":"SKIP","floor":63.0},{"not_picked":["Gatherer:Examine","MostiFishMod:BrokenBlackCloak","Meteor Strike","DemoMod:Slinger","testmod-VirtualReality","DemoMod:Deposit"],"picked":"SKIP","floor":63.0},{"not_picked":["Wraith Form v2","Magnetism","testmod-TreasureHunter","MostiFishMod:Mania","DemoMod:ThirdPartyController"],"picked":"testmod-AssimilatedRune","floor":67.0},{"not_picked":["DemoMod:BSG+1","Machine Learning","MostiFishMod:Wind","testmod-SunMoon+1","MostiFishMod:Kaleido","testmod-Superconductor"],"picked":"SKIP","floor":74.0}],"player_experience":27761,"relics_obtained":[{"floor":1.0,"key":"HornCleat"},{"floor":1.0,"key":"SynthV:TestCard"},{"floor":2.0,"key":"ReplayTheSpireMod:TigerMarble"},{"floor":3.0,"key":"conspire:TopHat"},{"floor":4.0,"key":"Replay:Ringing Soul"},{"floor":6.0,"key":"ArrowTower"},{"floor":7.0,"key":"Bag of Preparation"},{"floor":8.0,"key":"DemoMod:GundromedaStrain"},{"floor":9.0,"key":"Replay:Towering Pillar of Hats"},{"floor":10.0,"key":"Replay:Wax Seal"},{"floor":11.0,"key":"Replay:PocketPolymizer"},{"floor":12.0,"key":"DemoMod:AgedBell"},{"floor":13.0,"key":"REME_HourglassOfDeath"},{"floor":18.0,"key":"Replay:Rubber Ducky"},{"floor":20.0,"key":"Civilization"},{"floor":21.0,"key":"MagicDraw3"},{"floor":22.0,"key":"Vajra"},{"floor":23.0,"key":"AT_ImmortalShieldbow"},{"floor":24.0,"key":"testmod-Acrobat"},{"floor":25.0,"key":"AT_TheCollector"},{"floor":26.0,"key":"Chameleon Ring"},{"floor":27.0,"key":"testmod-Hope"},{"floor":28.0,"key":"DemoMod:BigBoy"},{"floor":29.0,"key":"Iron Hammer"},{"floor":30.0,"key":"Blue Doll"},{"floor":35.0,"key":"Regal Pillow"},{"floor":36.0,"key":"BlankCard"},{"floor":37.0,"key":"Replay:Baseball"},{"floor":38.0,"key":"ZombieArmy"},{"floor":39.0,"key":"conspire:DecoderRing"},{"floor":40.0,"key":"GodSword5"},{"floor":41.0,"key":"DemoMod:JetPack"},{"floor":42.0,"key":"Mirror"},{"floor":43.0,"key":"AT_EbonyIvory"},{"floor":44.0,"key":"vexMod:MemoryStick"},{"floor":47.0,"key":"DemoMod:MemoryAlloy"},{"floor":47.0,"key":"testmod-IndustrialRevolution"},{"floor":50.0,"key":"Potion Belt"},{"floor":52.0,"key":"testmod-Muramasa"},{"floor":52.0,"key":"Sundial"},{"floor":53.0,"key":"Pondfish Scales"},{"floor":53.0,"key":"testmod-Fortitude"},{"floor":54.0,"key":"Torii"},{"floor":54.0,"key":"DeathBook"},{"floor":56.0,"key":"Snack Pack"},{"floor":57.0,"key":"TheBible"},{"floor":59.0,"key":"BookofShadows"},{"floor":60.0,"key":"GodSword7"},{"floor":61.0,"key":"Anchor"},{"floor":62.0,"key":"Regal Pillow"},{"floor":63.0,"key":"D6"},{"floor":64.0,"key":"Dream Catcher"},{"floor":64.0,"key":"AT_MibuBalloonWealth"},{"floor":67.0,"key":"Ice Cream"},{"floor":69.0,"key":"AT_LudenTempest"},{"floor":69.0,"key":"Garlic"},{"floor":69.0,"key":"Oddly Smooth Stone"},{"floor":70.0,"key":"Matryoshka"},{"floor":70.0,"key":"Mercury Hourglass"},{"floor":70.0,"key":"Pen Nib"},{"floor":71.0,"key":"Replay:Bandana"},{"floor":71.0,"key":"DemoMod:WeirdEgg"},{"floor":71.0,"key":"testmod-OneHitWonder"},{"floor":73.0,"key":"War Paint"},{"floor":73.0,"key":"DemoMod:Bottle"},{"floor":73.0,"key":"testmod-TurbochargingSystem"},{"floor":74.0,"key":"Molten Egg 2"},{"floor":74.0,"key":"SatanicBible"}],"event_choices":[],"is_beta":false,"boss_relics":[{"not_picked":["SlaversCollar","testmod-Recursion"],"picked":"EasyGame_NEW"},{"not_picked":[]},{"not_picked":["AddBug","DemoMod:Test1"],"picked":"conspire:SpecialSausage"},{"not_picked":[]},{"not_picked":["Busted Crown","Abe\u0027s Treasure"],"picked":"Replay:Wanted Poster"},{"not_picked":[]},{"not_picked":["testmod-Fanaticism","ReplayTheSpireMod:DimensionalGlitch"],"picked":"SynthV:MejaisSoulstealer"},{"not_picked":[]}],"items_purged_floors":[17,31,34,45,46,48,51,55,65,68],"is_endless":true,"potions_floor_spawned":[6,8,11,13,16,18,21,27,28,29,35,36,37,38,41,52,53,57,59,62,67,70,71,73,74],"killed_by":"Book of Stabbing","ascension_level":0}}