{"host":"dpbezu80jg8zk7un","time":1610507327,"event":{"mods":["BaseMod","Colored Map","Colored Powertips","Custom Start","DeckTracker","Minty Spire (QoL Compilation)","Quick Restart","StSLib","SuperFastMode"],"gold_per_floor":[214,102,122,47,67,67,97,113,113,188,215,233,267,278,278,278,278],"floor_reached":16,"language":"KOR","playtime":447,"items_purged":["Defend_P"],"score":294,"play_id":"5556ca8b-55a3-449b-bacf-9234f58b603f","local_time":"20210113120847","is_ascension_mode":true,"campfire_choices":[{"data":"Eruption","floor":6.0,"key":"SMITH"},{"data":"TalkToTheHand","floor":15,"key":"SMITH"}],"circlet_count":0,"master_deck":["AscendersBane","Strike_P","Strike_P","Strike_P","Defend_P+1","Defend_P+1","Defend_P","Eruption+1","Vigilance","Conclude","InnerPeace","Tantrum","MentalFortress","TalkToTheHand+1","FlurryOfBlows"],"relics":["PureWater","War Paint","Pantograph","Letter Opener","Mercury Hourglass"],"acts_visited":["Exordium"],"potions_floor_usage":[11,13,16],"damage_taken":[{"damage":1.0,"enemies":"Cultist","floor":1.0,"turns":5.0},{"damage":2.0,"enemies":"2 Louse","floor":3.0,"turns":2.0},{"damage":0.0,"enemies":"Jaw Worm","floor":5.0,"turns":3.0},{"damage":4.0,"enemies":"Lagavulin","floor":7.0,"turns":7.0},{"damage":4.0,"enemies":"Large Slime","floor":8.0,"turns":3.0},{"damage":0,"enemies":"3 Sentries","floor":11,"turns":2},{"damage":0,"enemies":"3 Louse","floor":12,"turns":1},{"damage":12,"enemies":"Gremlin Nob","floor":13,"turns":3},{"damage":0,"enemies":"2 Fungi Beasts","floor":14,"turns":3},{"damage":54,"enemies":"Hexaghost","floor":16,"turns":11}],"seed_played":"2861752119335357048","potions_obtained":[{"floor":1.0,"key":"Weak Potion"},{"floor":8.0,"key":"GamblersBrew"},{"floor":11,"key":"DuplicationPotion"},{"floor":12,"key":"Energy Potion"}],"is_trial":false,"path_per_floor":["M","$","M","?","M","R","E","M","T","?","E","M","E","M","R","B"],"character_chosen":"WATCHER","items_purchased":["Conclude"],"campfire_rested":0,"item_purchase_floors":[2],"current_hp_per_floor":[60,60,58,58,58,58,54,50,50,39,39,39,27,27,27,0,0],"gold":278,"neow_bonus":"HUNDRED_GOLD","is_daily":false,"chose_seed":false,"campfire_upgraded":2,"win_rate":0.0,"timestamp":1610507327,"path_taken":["M","$","M","?","M","R","E","M","T","?","E","M","E","M","R","BOSS"],"items_purchased_type":["Card"],"build_version":"2020-12-22","purchased_purges":1,"victory":false,"max_hp_per_floor":[68,68,68,68,68,68,68,68,68,68,68,68,68,68,68,68,68],"card_choices":[{"not_picked":["TalkToTheHand","Pray","Sanctity"],"picked":"SKIP","floor":1.0},{"not_picked":["JustLucky","Prostrate","BattleHymn"],"picked":"SKIP","floor":3.0},{"not_picked":["Wireheading","CutThroughFate"],"picked":"InnerPeace","floor":5.0},{"not_picked":["EmptyBody","FlurryOfBlows"],"picked":"Tantrum","floor":7.0},{"not_picked":["JustLucky","ClearTheMind","Evaluate"],"picked":"SKIP","floor":8.0},{"not_picked":["Halt","Blasphemy","BowlingBash"],"picked":"SKIP","floor":11},{"not_picked":["JustLucky","FlyingSleeves"],"picked":"MentalFortress","floor":12},{"not_picked":["PathToVictory","Halt"],"picked":"TalkToTheHand","floor":13},{"not_picked":["FollowUp","Worship"],"picked":"FlurryOfBlows","floor":14}],"player_experience":2871761,"relics_obtained":[{"floor":7.0,"key":"War Paint"},{"floor":9.0,"key":"Pantograph"},{"floor":11,"key":"Letter Opener"},{"floor":13,"key":"Mercury Hourglass"}],"event_choices":[{"cards_removed":["Strike_P"],"damage_healed":0.0,"max_hp_gain":0.0,"max_hp_loss":0.0,"gold_gain":0.0,"event_name":"The Cleric","player_choice":"Card Removal","floor":4.0,"gold_loss":75.0,"damage_taken":0.0},{"damage_healed":0.0,"max_hp_gain":0.0,"max_hp_loss":0.0,"gold_gain":75.0,"event_name":"World of Goop","player_choice":"Gather Gold","floor":10.0,"gold_loss":0.0,"damage_taken":11.0}],"is_beta":false,"boss_relics":[],"items_purged_floors":[2],"is_endless":false,"potions_floor_spawned":[1,8,11,12],"killed_by":"Hexaghost","ascension_level":20}}