{"host":"5jyeqch4fosnsiz2","time":1610578117,"event":{"mods":["BaseMod","Bestiary","Colored Map","Colored Powertips","Filter the Spire","Minty Spire (QoL Compilation)","Relic Stats","StSLib","Waifu the Spire","ojb\u0027s Better Paths Mod","ojb\u0027s Info Mod"],"gold_per_floor":[119,136,136,154,173,198,198,198,198,272,285,316,336,355,355,450,450,462,479,512,437,637,637,665,517,517,517,517],"floor_reached":27,"language":"ENG","playtime":1224,"items_purged":["Strike_G"],"score":268,"play_id":"131368da-635f-4a44-a4e8-8456a5dec3d2","local_time":"20210113174837","is_ascension_mode":false,"campfire_choices":[{"data":"Night Terror","floor":8,"key":"SMITH"},{"data":"Survivor","floor":15,"key":"SMITH"},{"floor":23,"key":"REST"}],"circlet_count":0,"master_deck":["Strike_G","Strike_G","Strike_G","Defend_G","Defend_G","Defend_G","Defend_G","Defend_G","Survivor+1","Neutralize","Glass Knife","Dagger Spray","Deadly Poison","Night Terror+1","Bouncing Flask","Deadly Poison","Catalyst","Poisoned Stab","Acrobatics","Burst","Flechettes","Backflip","Outmaneuver+1","Well Laid Plans"],"relics":["Ring of the Snake","Omamori","Matryoshka","Pantograph","Meat on the Bone","Tingsha","Sozu","Red Mask","MealTicket","Orichalcum"],"acts_visited":["Exordium","TheCity"],"potions_floor_usage":[6,16,16,20],"damage_taken":[{"damage":0,"enemies":"Jaw Worm","floor":1,"turns":4},{"damage":0,"enemies":"Cultist","floor":2,"turns":3},{"damage":3,"enemies":"Small Slimes","floor":4,"turns":3},{"damage":0,"enemies":"3 Louse","floor":5,"turns":2},{"damage":35,"enemies":"3 Sentries","floor":6,"turns":9},{"damage":29,"enemies":"Exordium Thugs","floor":11,"turns":3},{"damage":35,"enemies":"Lagavulin","floor":12,"turns":6},{"damage":0,"enemies":"2 Fungi Beasts","floor":13,"turns":3},{"damage":11,"enemies":"Blue Slaver","floor":14,"turns":3},{"damage":5,"enemies":"The Guardian","floor":16,"turns":8},{"damage":27,"enemies":"2 Thieves","floor":18,"turns":5},{"damage":3,"enemies":"3 Byrds","floor":19,"turns":4},{"damage":39,"enemies":"Masked Bandits","floor":20,"turns":5},{"damage":33,"enemies":"Book of Stabbing","floor":24,"turns":4},{"damage":30,"enemies":"Slavers","floor":27,"turns":2}],"seed_played":"2714577485463438975","potions_obtained":[{"floor":2,"key":"FearPotion"},{"floor":4,"key":"GhostInAJar"},{"floor":12,"key":"Swift Potion"},{"floor":13,"key":"Block Potion"},{"floor":14,"key":"DistilledChaos"}],"is_trial":false,"path_per_floor":["M","M","?","M","M","E","?","R","T","T","M","E","M","M","R","B",null,"M","M","?","?","?","R","E","$","T","E"],"character_chosen":"THE_SILENT","items_purchased":["Well Laid Plans"],"campfire_rested":1,"item_purchase_floors":[25],"current_hp_per_floor":[49,49,70,67,67,32,55,55,55,55,38,15,27,28,28,48,70,43,40,13,13,13,34,13,28,28,0,0],"gold":517,"neow_bonus":"THREE_RARE_CARDS","is_daily":false,"chose_seed":false,"campfire_upgraded":2,"win_rate":0.0,"timestamp":1610578117,"path_taken":["M","M","?","M","?","E","?","R","T","?","M","E","M","M","R","BOSS","M","M","?","?","?","R","E","$","T","E"],"items_purchased_type":["Card"],"build_version":"2020-12-22","purchased_purges":1,"victory":false,"max_hp_per_floor":[70,70,70,70,70,70,70,70,70,70,70,70,70,70,70,70,70,70,70,70,70,70,70,70,70,70,70,70],"relic_stats":{"Sozu":1,"counters":[15,64],"Pantograph":25,"Tingsha":[33],"MealTicket":15,"Orichalcum":[0],"obtain_stats":[{"Sozu":17,"Matryoshka":9,"Pantograph":10,"Tingsha":12,"MealTicket":24,"Omamori":6,"Red Mask":20,"Orichalcum":26,"Ring of the Snake":0,"Meat on the Bone":10},{"Sozu":10,"Matryoshka":5,"Pantograph":5,"Tingsha":7,"MealTicket":14,"Omamori":5,"Red Mask":13,"Orichalcum":14,"Ring of the Snake":0,"Meat on the Bone":5},{"Sozu":44,"Matryoshka":21,"Pantograph":21,"Tingsha":30,"MealTicket":62,"Omamori":21,"Red Mask":58,"Orichalcum":62,"Ring of the Snake":0,"Meat on the Bone":21}],"Ring of the Snake":[30],"Meat on the Bone":72},"card_choices":[{"not_picked":["Bullet Time","Venomology"],"picked":"Glass Knife","floor":0},{"not_picked":["Slice","Acrobatics"],"picked":"Dagger Spray","floor":1},{"not_picked":["Flying Knee","Slice"],"picked":"Predator","floor":2},{"not_picked":["Underhanded Strike","Dagger Throw"],"picked":"Deadly Poison","floor":4},{"not_picked":["Backstab","Slice"],"picked":"Night Terror","floor":5},{"not_picked":["Cloak And Dagger","Deadly Poison"],"picked":"Bouncing Flask","floor":6},{"not_picked":["Outmaneuver","Flying Knee"],"picked":"Deadly Poison","floor":11},{"not_picked":["Concentrate","Dodge and Roll"],"picked":"Catalyst","floor":12},{"not_picked":["Slice","Underhanded Strike"],"picked":"Poisoned Stab","floor":13},{"not_picked":["Slice","Riddle With Holes"],"picked":"Acrobatics","floor":14},{"not_picked":["Phantasmal Killer","A Thousand Cuts"],"picked":"Burst","floor":16},{"not_picked":["Bouncing Flask","Blade Dance+1"],"picked":"Flechettes","floor":18},{"not_picked":["Flechettes","Eviscerate"],"picked":"Backflip","floor":19},{"not_picked":["Dagger Throw","Sucker Punch"],"picked":"Outmaneuver+1","floor":20},{"not_picked":["Blade Dance","Outmaneuver","Flechettes"],"picked":"SKIP","floor":24}],"player_experience":307451,"relics_obtained":[{"floor":6,"key":"Omamori"},{"floor":9,"key":"Matryoshka"},{"floor":10,"key":"Pantograph"},{"floor":10,"key":"Meat on the Bone"},{"floor":12,"key":"Tingsha"},{"floor":20,"key":"Red Mask"},{"floor":24,"key":"MealTicket"},{"floor":26,"key":"Orichalcum"}],"event_choices":[{"cards_removed":["Predator"],"damage_healed":21,"gold_gain":0,"player_choice":"Offered Uncommon","damage_taken":0,"max_hp_gain":0,"max_hp_loss":0,"event_name":"Bonfire Elementals","floor":3,"gold_loss":0},{"damage_healed":23,"gold_gain":0,"player_choice":"Banana","damage_taken":0,"max_hp_gain":0,"max_hp_loss":0,"event_name":"Big Fish","floor":7,"gold_loss":0},{"damage_healed":0,"gold_gain":0,"player_choice":"Fought Bandits","damage_taken":0,"max_hp_gain":0,"max_hp_loss":0,"event_name":"Masked Bandits","floor":20,"gold_loss":0},{"cards_removed":["Strike_G"],"damage_healed":0,"gold_gain":0,"player_choice":"Gave Gold","damage_taken":0,"max_hp_gain":0,"max_hp_loss":0,"event_name":"Beggar","floor":21,"gold_loss":75},{"damage_healed":0,"gold_gain":250,"player_choice":"Bet on Owner","damage_taken":0,"max_hp_gain":0,"max_hp_loss":0,"event_name":"The Joust","floor":22,"gold_loss":50}],"is_beta":false,"boss_relics":[{"not_picked":["Velvet Choker","Ectoplasm"],"picked":"Sozu"}],"items_purged_floors":[25],"is_endless":false,"potions_floor_spawned":[2,4,12,13,14,19],"killed_by":"Slavers","ascension_level":0}}