{"host":"8i4doyxqctgl5qb0","time":1610544820,"event":{"mods":["AchievementEnabler","BaseMod","Block Reminder","Colored Powertips","Downfall","Minty Spire (QoL Compilation)","Permanent Neow","Potion Indicator Mod","Rare Cards Sparkle","StSLib","SuperFastMode","The Jungle"],"gold_per_floor":[215,215,9,24,41,70,70,85,85,120,138,138,150,182,182,284,284,299,398,409,192,117,117,217,232,257,273,273,303,14,14,14,14,14],"floor_reached":33,"language":"ZHS","playtime":1092,"items_purged":["Defend_G","Strike_G"],"score":373,"play_id":"f68892f3-6a0d-4fc3-b5ce-4fb29f9061f8","local_time":"20210113213340","is_ascension_mode":true,"campfire_choices":[{"floor":7.0,"key":"REST"},{"floor":12.0,"key":"REST"},{"floor":15.0,"key":"REST"},{"floor":23.0,"key":"REST"},{"data":"Neutralize","floor":28.0,"key":"SMITH"},{"floor":32.0,"key":"REST"}],"circlet_count":0,"master_deck":["Strike_G","Strike_G","Defend_G","Defend_G","Defend_G","Defend_G","Survivor","Neutralize+1","Poisoned Stab","Bane","Caltrops","Bane","Crippling Poison","Noxious Fumes","Poisoned Stab","Bullet Time","Well Laid Plans","Footwork","Bandage Up","Poisoned Stab","Infinite Blades","Bouncing Flask","Catalyst+1","Bouncing Flask","Finesse"],"relics":["Ring of the Serpent","Membership Card","White Beast Statue","Ornamental Fan","Bottled Tornado","Eternal Feather","ClockworkSouvenir","Art of War","FossilizedHelix","Molten Egg 2","Shuriken"],"acts_visited":["Exordium","TheCity"],"potions_floor_usage":[33,33],"damage_taken":[{"damage":0.0,"enemies":"Small Slimes","floor":1.0,"turns":3.0},{"damage":0.0,"enemies":"Cultist","floor":4.0,"turns":3.0},{"damage":1.0,"enemies":"Jaw Worm","floor":5.0,"turns":3.0},{"damage":18.0,"enemies":"Lagavulin","floor":6.0,"turns":4.0},{"damage":9.0,"enemies":"2 Fungi Beasts","floor":8.0,"turns":3.0},{"damage":22.0,"enemies":"3 Sentries","floor":10.0,"turns":9.0},{"damage":10.0,"enemies":"Red Slaver","floor":11.0,"turns":4.0},{"damage":1.0,"enemies":"Exordium Wildlife","floor":13.0,"turns":3.0},{"damage":12.0,"enemies":"Lagavulin","floor":14.0,"turns":5.0},{"damage":35.0,"enemies":"Hexaghost","floor":16.0,"turns":9.0},{"damage":25.0,"enemies":"2 Thieves","floor":18.0,"turns":5.0},{"damage":7.0,"enemies":"Chosen","floor":20.0,"turns":4.0},{"damage":23.0,"enemies":"3 Cultists","floor":25.0,"turns":6.0},{"damage":10.0,"enemies":"Centurion and Healer","floor":27.0,"turns":8.0},{"damage":35.0,"enemies":"Book of Stabbing","floor":29.0,"turns":5.0},{"damage":0.0,"enemies":"Snake Plant","floor":31.0,"turns":1.0},{"damage":57,"enemies":"Automaton","floor":33,"turns":8}],"seed_played":"4318675241552869393","potions_obtained":[{"floor":4.0,"key":"Block Potion"},{"floor":5.0,"key":"SkillPotion"},{"floor":6.0,"key":"LiquidMemories"},{"floor":8.0,"key":"SpeedPotion"},{"floor":10.0,"key":"Fire Potion"},{"floor":11.0,"key":"Dexterity Potion"},{"floor":14.0,"key":"Fire Potion"},{"floor":18.0,"key":"DistilledChaos"},{"floor":20.0,"key":"BlessingOfTheForge"},{"floor":25.0,"key":"AttackPotion"},{"floor":27.0,"key":"SmokeBomb"},{"floor":29.0,"key":"Fire Potion"}],"is_trial":false,"path_per_floor":["M","?","$","M","M","E","R","M","T","E","M","R","M","E","R","B",null,"M","?","M","$","?","R","?","M","T","M","R","E","$","M","R","B"],"character_chosen":"THE_SILENT","items_purchased":["Membership Card","Bane","ClockworkSouvenir","Bandage Up","Poisoned Stab","Infinite Blades","Molten Egg 2","Shuriken","Finesse"],"campfire_rested":5,"item_purchase_floors":[3,3,21,21,21,21,30,30,30],"current_hp_per_floor":[63,63,63,63,62,44,65,56,56,34,24,45,44,32,62,27,59,34,34,27,27,27,60,60,41,41,35,47,16,16,16,52,0,0],"gold":14,"neow_bonus":"HUNDRED_GOLD","is_daily":false,"chose_seed":false,"campfire_upgraded":1,"win_rate":0.0,"timestamp":1610544820,"path_taken":["M","?","$","M","M","E","R","M","T","E","M","R","?","E","R","BOSS","M","?","M","$","?","R","?","M","T","M","R","E","$","M","R","BOSS"],"items_purchased_type":["Relic","Card","Relic","Card","Card","Card","Relic","Relic","Card"],"build_version":"2020-12-22","purchased_purges":2,"victory":false,"max_hp_per_floor":[70,70,70,70,70,70,70,70,70,70,70,70,70,70,70,70,70,70,70,70,70,70,70,70,70,70,70,70,70,70,70,70,70,70],"card_choices":[{"not_picked":["Dodge and Roll","Leg Sweep"],"picked":"Poisoned Stab","floor":1.0},{"not_picked":["Dagger Throw","Reflex","Sucker Punch"],"picked":"SKIP","floor":4.0},{"not_picked":["Cloak And Dagger","Outmaneuver","Dash"],"picked":"SKIP","floor":5.0},{"not_picked":["Storm of Steel","Concentrate"],"picked":"Caltrops","floor":6.0},{"not_picked":["PiercingWail","Predator"],"picked":"Bane","floor":8.0},{"not_picked":["Sucker Punch","Backstab"],"picked":"Crippling Poison","floor":10.0},{"not_picked":["Dagger Throw","Riddle With Holes","Prepared"],"picked":"SKIP","floor":11.0},{"not_picked":["Dagger Throw","Leg Sweep"],"picked":"Noxious Fumes","floor":13.0},{"not_picked":["Storm of Steel","Sucker Punch"],"picked":"Poisoned Stab","floor":14.0},{"not_picked":["Unload","A Thousand Cuts"],"picked":"Bullet Time","floor":16.0},{"not_picked":["Concentrate","Escape Plan"],"picked":"Well Laid Plans","floor":18.0},{"not_picked":["Acrobatics","Caltrops"],"picked":"Footwork","floor":20.0},{"not_picked":["Eviscerate","Accuracy"],"picked":"Bouncing Flask","floor":25.0},{"not_picked":["Terror","Caltrops"],"picked":"Catalyst+1","floor":27.0},{"not_picked":["Choke","Bane+1"],"picked":"Bouncing Flask","floor":29.0}],"player_experience":173374,"relics_obtained":[{"floor":6.0,"key":"White Beast Statue"},{"floor":9.0,"key":"Ornamental Fan"},{"floor":10.0,"key":"Bottled Tornado"},{"floor":14.0,"key":"Eternal Feather"},{"floor":26.0,"key":"Art of War"},{"floor":29.0,"key":"FossilizedHelix"}],"event_choices":[{"cards_removed":["Strike_G"],"damage_healed":0.0,"max_hp_gain":0.0,"max_hp_loss":0.0,"gold_gain":0.0,"event_name":"Purifier","player_choice":"Purged","floor":2.0,"gold_loss":0.0,"damage_taken":0.0},{"damage_healed":0.0,"max_hp_gain":0.0,"max_hp_loss":0.0,"gold_gain":99.0,"event_name":"Nest","player_choice":"Stole From Cult","floor":19.0,"gold_loss":0.0,"damage_taken":0.0},{"cards_removed":["Strike_G"],"damage_healed":0.0,"max_hp_gain":0.0,"max_hp_loss":0.0,"gold_gain":0.0,"event_name":"Beggar","player_choice":"Gave Gold","floor":22.0,"gold_loss":75.0,"damage_taken":0.0},{"damage_healed":0.0,"max_hp_gain":0.0,"max_hp_loss":0.0,"gold_gain":100.0,"event_name":"Golden Shrine","player_choice":"Pray","floor":24.0,"gold_loss":0.0,"damage_taken":0.0}],"is_beta":false,"boss_relics":[{"not_picked":["Ectoplasm","Fusion Hammer"],"picked":"Ring of the Serpent"}],"items_purged_floors":[3,21],"is_endless":false,"potions_floor_spawned":[4,5,6,8,10,11,13,14,16,18,20,25,27,29,31],"killed_by":"Automaton","ascension_level":6}}