{"host":"40gggw0x72bpm5se","time":1610528465,"event":{"mods":["ATMod(°¢èªMod)","Act Like it!","Aspiration","BaseMod","Better Vampires","Colored Map","Conspire","Downfall","Energized Spire","Friendly Minions","Gensokyo","GungeonMod","Infinite Spire","Koishi","Library of Ruina","Library of Ruina Extra","Lobotomy","LobotomyExtend","Minty Spire (QoL Compilation)","Quarter Circle Forward PUNCH!","Quick Restart","Reimu£¨²©ÀöÁéÃÎ£©","Relic Stats","Replay The Spire","RumiaBox-Â¶Ã×æ«µÄÉñÃØºÐ×Ó","Shop Mod","Spicy Shops","StSLib","The Alterego","UnlockEverythingMod","Waifu the Spire","Youmu£¨»êÆÇÑýÃÎ£©","vexMod","¡¾¹¦ÄÜMod¡¿»ìãçÖ®»·ÐÞ¸´²¹¶¡","¡¾ÒÅÎï¿¨ÅÆ¡¿REMEMod"],"gold_per_floor":[118,130,197,215,232,279,304,371,371,404,67,67,98,132,132,227,227,246,262,281,281,281,410,410,410,410,410,544,315,315,315,315,414,414,429,443,443,443,460,460,9,142,142,69,195,195,211,231,231,331],"floor_reached":51,"language":"ZHS","playtime":3969,"items_purged":["ReplayTheSpireMod:Doomed","Gensokyo:ImpossibleRequest","Regret","Decay"],"score":1069,"play_id":"df3884a6-ee70-45ce-a93f-e9254f5eb3ae","local_time":"20210113170105","is_ascension_mode":true,"campfire_choices":[{"data":"expansioncontent:StudyTheSpire","floor":15,"key":"SMITH"},{"floor":24,"key":"RECALL"},{"data":"alterego_mod:STier","floor":27,"key":"SMITH"},{"data":"alterego_mod:Impale","floor":30,"key":"SMITH"},{"data":"AT_EmpoweredMortalDraw","floor":32,"key":"SMITH"},{"data":"alterego_mod:AlterEgo","floor":40,"key":"SMITH"},{"floor":49,"key":"REST"}],"circlet_count":0,"master_deck":["alterego_mod:Strike","alterego_mod:Strike","alterego_mod:Defend+1","alterego_mod:Defend+1","alterego_mod:Defend+1","alterego_mod:Impale+1","alterego_mod:BigMeatyClaws+1","alterego_mod:BrynhildrsRune+1","alterego_mod:ChallengeComplete","AT_FamilyPortrait+1","alterego_mod:Crossover+1","alterego_mod:Birthday+1","alterego_mod:Stockings","alterego_mod:Support","alterego_mod:Undulate+1","alterego_mod:PerceptionDisorder","alterego_mod:Punishment","alterego_mod:Birthday+1","alterego_mod:MaintainEyeContact+1","Apotheosis+1","Writhe","expansioncontent:StudyTheSpire+1","expansioncontent:FaceSlap","expansioncontent:FaceSlap","alterego_mod:Punishment","alterego_mod:Collar","alterego_mod:STier+1","Pot Of Greed+1","Pot Of Greed+1","Pot Of Greed+1","alterego_mod:Cushion+1","alterego_mod:Rip","Pot Of Greed+1","Predator","Eviscerate","Poison Darts","alterego_mod:PerceptionDisorder","AT_EmpoweredMortalDraw+1","alterego_mod:Exercise+1","alterego_mod:AlterEgo+1","AbeCurse","alterego_mod:Complex","alterego_mod:Undulate+1","alterego_mod:BiFurious","Pot Of Greed","Metamorphosis","alterego_mod:Cycle+1","Eviscerate+1","alterego_mod:BigMeatyClaws","alterego_mod:Birthday+1"],"relics":["alterego_mod:MasochisticConstitution","REME_ComplimentaryCards","AT_ATBox","aspiration:Nostalgia","PureWater","LetterFromLob","Durian","PageOfFairyFestival","aspiration:StickyExplosives_weak","aspiration:AnachronicSnailShell","PageOfTodaysShyLook","ReplayTheSpireMod:ShopPack","PureWhite:ReiMu","GodSword3","Replay:Ancient Bell","Grinning Jar","MagicDraw4","AT_TheCollector","DollysMirror","AT_MortalBlade","PageOfSpiderBud","Question Card","Replay:Baseball","ReplayTheSpireMod:TigerMarble","War Paint","Abe\u0027s Treasure","infinitespire:Beetle Shell","Baka2","ReplayTheSpireMod:Lightbulb","PageOfSingingMachine","qcfpunch:Fighting_Gloves","aspiration:HiddenCompartment","Pet Ghost"],"acts_visited":["Exordium","Gensokyo:Gensokyoer","TheBeyond"],"potions_floor_usage":[51,51,51,51,51],"damage_taken":[{"damage":0.0,"enemies":"2 Louse","floor":1.0,"turns":1.0},{"damage":6.0,"enemies":"Small Slimes","floor":2.0,"turns":4.0},{"damage":5.0,"enemies":"Jaw Worm","floor":4.0,"turns":2.0},{"damage":5.0,"enemies":"3 Louse","floor":5.0,"turns":2.0},{"damage":29.0,"enemies":"Lagavulin","floor":6.0,"turns":5.0},{"damage":5.0,"enemies":"Large Slime","floor":7.0,"turns":3.0},{"damage":7.0,"enemies":"Lagavulin Event","floor":8.0,"turns":6.0},{"damage":22.0,"enemies":"3 Sentries","floor":10.0,"turns":8.0},{"damage":9,"enemies":"conspire:MimicChest","floor":13,"turns":2},{"damage":14,"enemies":"Gremlin Nob","floor":14,"turns":4},{"damage":5,"enemies":"Slime Boss","floor":16,"turns":4},{"damage":5,"enemies":"Gensokyo:AngelMirror","floor":18,"turns":3},{"damage":5,"enemies":"Gensokyo:2_Gloops","floor":19,"turns":2},{"damage":8,"enemies":"Gensokyo:Swordslinger","floor":20,"turns":3},{"damage":15,"enemies":"Gensokyo:Tenshi","floor":23,"turns":2},{"damage":5,"enemies":"Gensokyo:Koishi","floor":28,"turns":1},{"damage":20,"enemies":"Gensokyo:Kaguya","floor":33,"turns":6},{"damage":5,"enemies":"3 Darklings","floor":35,"turns":2},{"damage":12,"enemies":"3 Shapes","floor":36,"turns":2},{"damage":5,"enemies":"Jaw Worm Horde","floor":39,"turns":1},{"damage":9,"enemies":"R_Hoarder","floor":42,"turns":3},{"damage":5,"enemies":"Nemesis","floor":45,"turns":3},{"damage":5,"enemies":"Spire Growth","floor":47,"turns":3},{"damage":5,"enemies":"Maw","floor":48,"turns":2},{"damage":9,"enemies":"conspire:OrnateMirror","floor":50,"turns":4},{"damage":18,"enemies":"Malkuth","floor":51,"turns":2},{"damage":67,"enemies":"Netzach","floor":51,"turns":5},{"damage":22,"enemies":"Chesed","floor":51,"turns":3},{"damage":88,"enemies":"Hokma","floor":51,"turns":10}],"seed_played":"-3969180498954076440","potions_obtained":[{"floor":2.0,"key":"SkillPotion"},{"floor":3.0,"key":"Dexterity Potion"},{"floor":3.0,"key":"LiquidMemories"},{"floor":4.0,"key":"REME_GoldPotion"},{"floor":5.0,"key":"GamblersBrew"},{"floor":13,"key":"Cursed Concoction"}],"is_trial":false,"path_per_floor":["M","M","?","M","M","E","M","?","T","E","$","?","?","E","R","B",null,"M","M","M","?","AVR","E","R","M","T","R","E","$","R","?","R","B",null,"M","M","AVR","?","M","R","$","E","T","$","E","?","M","M","R","B",null],"character_chosen":"The_Alterego","items_purchased":["Apotheosis","ReplayTheSpireMod:ShopPack","ReplayTheSpireMod:TigerMarble","ReplayTheSpireMod:Lightbulb","Metamorphosis","aspiration:HiddenCompartment"],"campfire_rested":1,"item_purchase_floors":[11,11,29,41,41,44],"current_hp_per_floor":[70,70,70,73,69,43,41,40,40,37,37,37,35,35,35,34,85,86,87,85,85,85,78,78,78,78,78,78,78,78,78,78,67,84,85,82,82,82,80,80,80,71,71,71,74,74,73,79,91,92],"gold":731,"neow_bonus":"NOSTALGIA","is_daily":false,"chose_seed":false,"campfire_upgraded":5,"win_rate":0.0,"timestamp":1610528465,"path_taken":["M","M","?","M","M","E","M","?","T","E","$","?","?","E","R","BOSS","M","M","M","?","AVR","E","R","?","T","R","E","?","R","?","R","BOSS","M","?","AVR","?","?","R","?","E","T","?","E","?","M","?","R","BOSS"],"items_purchased_type":["Card","Relic","Relic","Relic","Card","Relic"],"build_version":"2020-12-22","purchased_purges":4,"victory":true,"max_hp_per_floor":[70,76,76,77,78,79,80,81,81,82,82,82,83,84,84,85,85,86,87,88,88,88,89,89,89,89,89,90,90,90,83,83,84,84,85,86,86,86,87,87,87,88,88,88,89,89,90,91,91,92],"relic_stats":{"counters":[30,102],"War Paint":["Pot Of Greed","Pot Of Greed"],"Question Card":20,"obtain_stats":[{"AT_ATBox":0,"DemoMod:GlassGuonStoneRelic":4,"PageOfSingingMachine":42,"MagicDraw4":17,"Pet Ghost":45,"aspiration:StickyExplosives_weak":6,"PageOfSpiderBud":23,"Frozen Eye":28,"Replay:Bandana":3,"Baka2":39,"PageOfFairyFestival":2,"DollysMirror":22,"aspiration:AnachronicSnailShell":8,"PageOfTodaysShyLook":10,"alterego_mod:MasochisticConstitution":0,"aspiration:Nostalgia":0,"AT_MortalBlade":22,"infinitespire:Beetle Shell":37,"Baka":1,"Replay:Ancient Bell":17,"War Paint":31,"Question Card":26,"aspiration:HiddenCompartment":44,"PureWhite:ReiMu":13,"Replay:Baseball":28,"AT_TheCollector":17,"qcfpunch:Fighting_Gloves":43,"LetterFromLob":1,"Durian":2,"ReplayTheSpireMod:TigerMarble":29,"PureWater":0,"Grinning Jar":17,"GodSword3":14,"ReplayTheSpireMod:Lightbulb":41,"Abe\u0027s Treasure":34,"REME_ComplimentaryCards":0,"ReplayTheSpireMod:ShopPack":11},{"AT_ATBox":0,"DemoMod:GlassGuonStoneRelic":3,"PageOfSingingMachine":21,"MagicDraw4":11,"Pet Ghost":22,"aspiration:StickyExplosives_weak":5,"PageOfSpiderBud":15,"Frozen Eye":15,"Replay:Bandana":2,"Baka2":20,"PageOfFairyFestival":2,"DollysMirror":14,"aspiration:AnachronicSnailShell":6,"PageOfTodaysShyLook":8,"alterego_mod:MasochisticConstitution":0,"aspiration:Nostalgia":0,"AT_MortalBlade":14,"infinitespire:Beetle Shell":19,"Baka":1,"Replay:Ancient Bell":11,"War Paint":16,"Question Card":15,"aspiration:HiddenCompartment":21,"PureWhite:ReiMu":9,"Replay:Baseball":16,"AT_TheCollector":11,"qcfpunch:Fighting_Gloves":21,"LetterFromLob":1,"Durian":2,"ReplayTheSpireMod:TigerMarble":16,"PureWater":0,"Grinning Jar":11,"GodSword3":10,"ReplayTheSpireMod:Lightbulb":20,"Abe\u0027s Treasure":17,"REME_ComplimentaryCards":0,"ReplayTheSpireMod:ShopPack":8},{"AT_ATBox":0,"DemoMod:GlassGuonStoneRelic":7,"PageOfSingingMachine":66,"MagicDraw4":41,"Pet Ghost":69,"aspiration:StickyExplosives_weak":14,"PageOfSpiderBud":51,"Frozen Eye":51,"Replay:Bandana":5,"Baka2":63,"PageOfFairyFestival":5,"DollysMirror":49,"aspiration:AnachronicSnailShell":17,"PageOfTodaysShyLook":31,"alterego_mod:MasochisticConstitution":0,"aspiration:Nostalgia":0,"AT_MortalBlade":49,"infinitespire:Beetle Shell":62,"Baka":1,"Replay:Ancient Bell":41,"War Paint":52,"Question Card":51,"aspiration:HiddenCompartment":66,"PureWhite:ReiMu":33,"Replay:Baseball":52,"AT_TheCollector":41,"qcfpunch:Fighting_Gloves":66,"LetterFromLob":1,"Durian":5,"ReplayTheSpireMod:TigerMarble":52,"PureWater":0,"Grinning Jar":41,"GodSword3":37,"ReplayTheSpireMod:Lightbulb":63,"Abe\u0027s Treasure":58,"REME_ComplimentaryCards":0,"ReplayTheSpireMod:ShopPack":31}]},"card_choices":[{"not_picked":["alterego_mod:DeftHands","alterego_mod:Rip"],"picked":"alterego_mod:Crossover","floor":1.0},{"not_picked":["alterego_mod:Jiggle","alterego_mod:RidiculouslyBig"],"picked":"alterego_mod:Birthday","floor":2.0},{"not_picked":["alterego_mod:Lingerie","alterego_mod:Complex"],"picked":"alterego_mod:Stockings","floor":3.0},{"not_picked":["alterego_mod:Belle","alterego_mod:HighServant"],"picked":"alterego_mod:Support","floor":4.0},{"not_picked":["alterego_mod:Punishment","alterego_mod:HighServant"],"picked":"alterego_mod:Undulate","floor":5.0},{"not_picked":["alterego_mod:Birthday","alterego_mod:Punishment"],"picked":"alterego_mod:PerceptionDisorder","floor":6.0},{"not_picked":["alterego_mod:Weigh","alterego_mod:MagicResistance"],"picked":"alterego_mod:Punishment","floor":7.0},{"not_picked":["alterego_mod:Rip","alterego_mod:Maid"],"picked":"alterego_mod:Birthday","floor":8.0},{"not_picked":["alterego_mod:Palingenesis","alterego_mod:Table"],"picked":"alterego_mod:MaintainEyeContact","floor":10.0},{"not_picked":["AT_FamilyPortrait","Transmutation"],"picked":"expansioncontent:StudyTheSpire","floor":11},{"not_picked":["REME_TheoryOfElimination","expansioncontent:AwakenDeath"],"picked":"expansioncontent:FaceSlap","floor":11},{"not_picked":["AT_PowerWithin","REME_FirmDetermination"],"picked":"expansioncontent:FaceSlap","floor":11},{"not_picked":["alterego_mod:DustData","alterego_mod:PurpleHair"],"picked":"alterego_mod:Punishment","floor":13},{"not_picked":["alterego_mod:Cycle","alterego_mod:GoddessCore"],"picked":"alterego_mod:Collar","floor":14},{"not_picked":["alterego_mod:InsideBaseball","alterego_mod:Antipathy"],"picked":"alterego_mod:STier","floor":16},{"not_picked":["Shame","REME_CurseOfMatryoshka"],"picked":"ReplayTheSpireMod:Doomed","floor":17},{"not_picked":["conspire:Blindness","ReplayTheSpireMod:Restless Dread"],"picked":"Regret","floor":17},{"not_picked":["Writhe","Amnesia"],"picked":"Gensokyo:ImpossibleRequest","floor":17},{"not_picked":["alterego_mod:Maid+1","alterego_mod:Mirror"],"picked":"alterego_mod:Cushion+1","floor":18},{"not_picked":["alterego_mod:Mirror","alterego_mod:Crossover"],"picked":"alterego_mod:Rip","floor":19},{"not_picked":["alterego_mod:PurpleHair","alterego_mod:BiFurious"],"picked":"alterego_mod:DustData+1","floor":20},{"not_picked":["alterego_mod:Schoolgirl","alterego_mod:BreastValley","alterego_mod:Clones"],"picked":"SKIP","floor":23},{"not_picked":["alterego_mod:DestructionOfProperty","alterego_mod:Santa","alterego_mod:Schoolgirl"],"picked":"alterego_mod:Exercise+1","floor":28},{"not_picked":["alterego_mod:SideboobHour","alterego_mod:Rake","alterego_mod:InsideBaseball"],"picked":"alterego_mod:AlterEgo","floor":33},{"not_picked":["alterego_mod:MagicResistance","alterego_mod:DeftHands","alterego_mod:Cooking+1"],"picked":"alterego_mod:Complex","floor":35},{"not_picked":["alterego_mod:Bloomers+1","alterego_mod:Belts","alterego_mod:TrashNCrash"],"picked":"alterego_mod:Undulate+1","floor":36},{"not_picked":["alterego_mod:Birthday","alterego_mod:Palingenesis","alterego_mod:ChallengeComplete+1"],"picked":"alterego_mod:BiFurious","floor":39},{"not_picked":["alterego_mod:GoddessCore","alterego_mod:BustOut","alterego_mod:Rake"],"picked":"alterego_mod:Cycle+1","floor":42},{"not_picked":["alterego_mod:Santa+1","alterego_mod:Maid","alterego_mod:Complex","alterego_mod:MagicResistance+1"],"picked":"SKIP","floor":45},{"not_picked":["alterego_mod:Exercise","alterego_mod:HighServant+1","alterego_mod:Clap+1","alterego_mod:Complex+1"],"picked":"SKIP","floor":47},{"not_picked":["alterego_mod:Punishment+1","alterego_mod:Pet+1","alterego_mod:Mirror"],"picked":"alterego_mod:Birthday+1","floor":48}],"player_experience":55311,"relics_obtained":[{"floor":1.0,"key":"Baka"},{"floor":1.0,"key":"LetterFromLob"},{"floor":2.0,"key":"Durian"},{"floor":2.0,"key":"PageOfFairyFestival"},{"floor":3.0,"key":"Replay:Bandana"},{"floor":6.0,"key":"aspiration:StickyExplosives_weak"},{"floor":10.0,"key":"PageOfTodaysShyLook"},{"floor":13,"key":"PureWhite:ReiMu"},{"floor":14,"key":"GodSword3"},{"floor":23,"key":"PageOfSpiderBud"},{"floor":26,"key":"Question Card"},{"floor":28,"key":"Replay:Baseball"},{"floor":39,"key":"Baka2"},{"floor":42,"key":"PageOfSingingMachine"},{"floor":43,"key":"qcfpunch:Fighting_Gloves"},{"floor":45,"key":"Pet Ghost"}],"event_choices":[{"damage_healed":0.0,"max_hp_gain":0.0,"max_hp_loss":0.0,"gold_gain":0.0,"event_name":"Dead Adventurer","player_choice":"Searched \u00272\u0027 times","floor":8.0,"gold_loss":0.0,"damage_taken":0.0,"relics_obtained":["aspiration:AnachronicSnailShell"]},{"damage_healed":0,"gold_gain":0,"player_choice":"Cursed","damage_taken":0,"max_hp_gain":0,"max_hp_loss":0,"event_name":"Wheel of Change","floor":38,"gold_loss":0,"cards_obtained":["Decay"]},{"damage_healed":0,"gold_gain":0,"player_choice":"1 cards matched","damage_taken":0,"max_hp_gain":0,"max_hp_loss":0,"event_name":"Match and Keep!","floor":46,"gold_loss":0,"cards_obtained":["alterego_mod:BigMeatyClaws"]}],"is_beta":false,"boss_relics":[{"not_picked":["energizedSpire:NeverEndingSparkler","Runic Dome"],"picked":"Replay:Ancient Bell"},{"not_picked":["Art of War","Tiny Chest"],"picked":"Grinning Jar"},{"not_picked":["AT_BellowingDragoncrestRing","Iron Hammer"],"picked":"MagicDraw4"},{"not_picked":["Pocketwatch","DemoMod:PartiallyEatenCheese"],"picked":"AT_TheCollector"},{"not_picked":["Replay:Bronze Core","aspiration:SecretTechniqueScroll"],"picked":"Abe\u0027s Treasure"}],"items_purged_floors":[22,29,37,41],"is_endless":false,"potions_floor_spawned":[2,4,5,7,10,13,18,20,23,39,45],"ascension_level":3}}