{"host":"qrt7o4dq2qslzw13","time":1610543650,"event":{"mods":["AchievementEnabler","BaseMod","Colored Map","Colored Powertips","Minty Spire (QoL Compilation)","Quick Restart","StSLib","SuperFastMode"],"gold_per_floor":[112,112,112,132,151,151,186,186,186,186,40,71,71,21,21,144,144,169,169,189,201,201,201,201,201,201,218,38,38,72,72,72],"floor_reached":31,"language":"ENG","playtime":516,"items_purged":[],"score":259,"play_id":"5866ddeb-4926-4089-b20d-7e92ab24f66e","local_time":"20210113081410","is_ascension_mode":false,"campfire_choices":[{"data":"Catalyst","floor":6.0,"key":"SMITH"},{"data":"Noxious Fumes","floor":8.0,"key":"SMITH"},{"data":"Phantasmal Killer","floor":15.0,"key":"SMITH"},{"floor":23.0,"key":"REST"},{"floor":25.0,"key":"REST"},{"data":"Strike_G","floor":29,"key":"PURGE"}],"circlet_count":0,"master_deck":["Strike_G","Defend_G","Defend_G","Defend_G","Defend_G","Defend_G","Survivor","Neutralize","Bane","Noxious Fumes+1","Catalyst+1","Flechettes+1","Poisoned Stab","Poisoned Stab","Phantasmal Killer+1","Blade Dance","Bane","Reflex","Envenom","Backflip+1","Distraction","Deadly Poison+1","Blur+1","Apotheosis","Tactician"],"relics":["Ring of the Snake","NeowsBlessing","Bloody Idol","Lizard Tail","WingedGreaves","Orrery","Peace Pipe","Empty Cage","Letter Opener","Boot"],"acts_visited":["Exordium","TheCity"],"potions_floor_usage":[30],"damage_taken":[{"damage":0.0,"enemies":"2 Louse","floor":1.0,"turns":1.0},{"damage":0.0,"enemies":"Jaw Worm","floor":4.0,"turns":1.0},{"damage":0.0,"enemies":"Small Slimes","floor":5.0,"turns":1.0},{"damage":11.0,"enemies":"3 Sentries","floor":7.0,"turns":10.0},{"damage":16.0,"enemies":"Gremlin Nob","floor":12.0,"turns":4.0},{"damage":23.0,"enemies":"Hexaghost","floor":16.0,"turns":8.0},{"damage":25.0,"enemies":"2 Thieves","floor":18.0,"turns":4.0},{"damage":19.0,"enemies":"Shell Parasite","floor":20.0,"turns":5.0},{"damage":9.0,"enemies":"Snecko","floor":21.0,"turns":4.0},{"damage":6,"enemies":"Chosen and Byrds","floor":27,"turns":4},{"damage":55,"enemies":"Book of Stabbing","floor":30,"turns":6},{"damage":23,"enemies":"3 Cultists","floor":31,"turns":5}],"seed_played":"-7694883992108431806","potions_obtained":[{"floor":1.0,"key":"Weak Potion"},{"floor":7.0,"key":"BlessingOfTheForge"},{"floor":12.0,"key":"GamblersBrew"},{"floor":18.0,"key":"BlessingOfTheForge"},{"floor":27,"key":"Explosive Potion"},{"floor":30,"key":"SteroidPotion"}],"is_trial":false,"path_per_floor":["M","?","?","M","M","R","E","R","T","?","$","E","?","?","R","B",null,"M","?","M","M","?","R","$","R","T","M","$","R","E","M"],"character_chosen":"THE_SILENT","items_purchased":["Orrery","Apotheosis"],"campfire_rested":2,"item_purchase_floors":[11,28],"current_hp_per_floor":[70,63,63,63,63,63,52,52,52,52,52,36,59,59,59,36,70,45,45,31,27,27,48,48,69,69,68,68,68,18,35,35],"gold":72,"neow_bonus":"THREE_ENEMY_KILL","is_daily":false,"chose_seed":false,"campfire_upgraded":3,"win_rate":0.0,"timestamp":1610543650,"path_taken":["M","?","?","?","M","R","E","R","T","?","$","E","?","?","R","BOSS","M","?","M","M","?","R","$","R","T","M","$","R","E","M"],"items_purchased_type":["Relic","Card"],"build_version":"2020-12-22","purchased_purges":0,"victory":false,"max_hp_per_floor":[70,70,70,70,70,70,70,70,70,70,70,70,70,70,70,70,70,70,70,70,70,70,70,70,70,70,70,70,70,70,70,70],"card_choices":[{"not_picked":["Quick Slash","Sucker Punch"],"picked":"Bane","floor":1.0},{"not_picked":["Sucker Punch","Flying Knee"],"picked":"Noxious Fumes","floor":4.0},{"not_picked":["Flying Knee","Cloak And Dagger"],"picked":"Catalyst","floor":5.0},{"not_picked":["Unload","Prepared"],"picked":"Flechettes","floor":7.0},{"not_picked":["PiercingWail","Choke"],"picked":"Poisoned Stab","floor":11.0},{"not_picked":["PiercingWail","Cloak And Dagger"],"picked":"Poisoned Stab","floor":11.0},{"not_picked":["All Out Attack","Flying Knee"],"picked":"Phantasmal Killer","floor":11.0},{"not_picked":["Flying Knee","Dagger Spray"],"picked":"Blade Dance","floor":11.0},{"not_picked":["Dagger Spray","Blade Dance"],"picked":"Bane","floor":11.0},{"not_picked":["Outmaneuver","Dagger Spray"],"picked":"Reflex","floor":12.0},{"not_picked":["A Thousand Cuts","Night Terror"],"picked":"Envenom","floor":16.0},{"not_picked":["Choke","Underhanded Strike+1"],"picked":"Backflip+1","floor":18.0},{"not_picked":["Poisoned Stab","Prepared"],"picked":"Distraction","floor":20.0},{"not_picked":["Dagger Spray","Terror"],"picked":"Deadly Poison+1","floor":21.0},{"not_picked":["Bane","Masterful Stab"],"picked":"Blur+1","floor":27},{"not_picked":["Setup","Slice+1"],"picked":"Tactician","floor":30}],"player_experience":536826,"relics_obtained":[{"floor":7.0,"key":"Lizard Tail"},{"floor":9.0,"key":"WingedGreaves"},{"floor":12.0,"key":"Peace Pipe"},{"floor":26.0,"key":"Letter Opener"},{"floor":30,"key":"Boot"}],"event_choices":[{"cards_removed":["Strike_G"],"damage_healed":0.0,"max_hp_gain":0.0,"max_hp_loss":0.0,"gold_gain":0.0,"event_name":"Golden Wing","player_choice":"Card Removal","floor":2.0,"gold_loss":0.0,"damage_taken":7.0},{"damage_healed":0.0,"max_hp_gain":0.0,"max_hp_loss":0.0,"gold_gain":0.0,"event_name":"Golden Idol","player_choice":"Take Wound","floor":3.0,"gold_loss":0.0,"damage_taken":0.0,"relics_obtained":["Golden Idol"],"cards_obtained":["Injury"]},{"damage_healed":0.0,"max_hp_gain":0.0,"max_hp_loss":0.0,"gold_gain":0.0,"event_name":"Living Wall","player_choice":"Grow","floor":10.0,"gold_loss":0.0,"damage_taken":0.0,"cards_upgraded":["Flechettes"]},{"damage_healed":23.0,"max_hp_gain":0.0,"max_hp_loss":0.0,"gold_gain":0.0,"event_name":"Big Fish","player_choice":"Banana","floor":13.0,"gold_loss":0.0,"damage_taken":0.0},{"cards_removed":["Injury"],"damage_healed":0.0,"max_hp_gain":0.0,"max_hp_loss":0.0,"gold_gain":0.0,"event_name":"The Cleric","player_choice":"Card Removal","floor":14.0,"gold_loss":50.0,"damage_taken":0.0},{"damage_healed":0.0,"max_hp_gain":0.0,"max_hp_loss":0.0,"gold_gain":0.0,"event_name":"Forgotten Altar","player_choice":"Gave Idol","floor":19.0,"relics_lost":["Golden Idol"],"gold_loss":0.0,"damage_taken":0.0,"relics_obtained":["Bloody Idol"]},{"damage_healed":0.0,"max_hp_gain":0.0,"max_hp_loss":0.0,"gold_gain":0.0,"event_name":"Beggar","player_choice":"Ignored","floor":22.0,"gold_loss":0.0,"damage_taken":0.0}],"is_beta":false,"boss_relics":[{"not_picked":["Runic Pyramid","Fusion Hammer"],"picked":"Empty Cage"}],"items_purged_floors":[],"is_endless":false,"potions_floor_spawned":[1,7,12,18,27,30],"killed_by":"3 Cultists","ascension_level":0}}