{"host":"tne4ru9orcvptaml","time":1610561369,"event":{"mods":["ATMod(阿瑾Mod)","Act Like it!","Ascension Reborn","Ascension Unlocker","Aspiration","BaseMod","BetterRewards","CapriCore","Colored Powertips","Conspire","Dota2Spire","Friendly Minions","Gensokyo","GungeonMod","KinomotoSakuraMod(木之本樱)","Mari Mod (Legacy)","Mari\u0027s V1 Patch","Marisa（F雨　魔理沙）","Minty Spire (QoL Compilation)","MostiFishMod","Pale of the Ancients","Permanent Neow","Quick Restart","Replay The Spire","Robot Space Explorer","RumiaBox-露米娅的神秘盒子","SIMod","Shop Mod","Spicy Shops","StSLib","TestMod","The Alterego","The Animator","The Gatherer","The Immortal","Treasure Hunter","Uncapped","Waifu the Spire","Yakumo Yukari mod","noobMod","【功能Mod】混沌之环修复补丁","【遗物卡牌】REMEMod","篝火指南"],"gold_per_floor":[118,118,118,137,149,149,179,179,233,255,255,255,291,313,313,465,465,465,465],"floor_reached":18,"language":"ZHS","playtime":722,"items_purged":[],"score":237,"play_id":"e5b45123-34f9-4273-bb93-4277935d8080","local_time":"20210114020929","is_ascension_mode":true,"campfire_choices":[{"data":"RobotSpaceExplorer:Multitool","floor":6,"key":"SMITH"},{"floor":8,"key":"RECALL"},{"data":"TH:CopperCoins","floor":15,"key":"SMITH"}],"circlet_count":0,"master_deck":["RobotSpaceExplorer:Strike+1","RobotSpaceExplorer:Strike+1","RobotSpaceExplorer:Defend+1","RobotSpaceExplorer:Defend+1","RobotSpaceExplorer:Defend+1","RobotSpaceExplorer:Scan+1","RobotSpaceExplorer:MiniLasers+1","RobotSpaceExplorer:MiniDrones","RobotSpaceExplorer:Multitool+1","RobotSpaceExplorer:Probe","TH:CopperCoins+1","RobotSpaceExplorer:Pulsar","Injury","RobotSpaceExplorer:StarLightning","TH:BikiniMail","AbeCurse"],"relics":["RobotSpaceExplorer:RoboCore","ice","testmod-TestBox","DaveBox","REME_ComplimentaryCards","AT_ATBox","conspire:RunicOctahedron","Sozu","ImprovedEquipment","testmod-D_4","DemoMod:PoisonVial","SynthV:TestCard","Bag of Marbles","Dream Catcher","Strawberry","Anchor","DemoMod:GlassGuonStoneRelic","testmod-Maize","Abe\u0027s Treasure"],"acts_visited":["Gensokyo:Gensokyo","Gensokyo:Gensokyoer"],"potions_floor_usage":[],"damage_taken":[{"damage":0,"enemies":"Gensokyo:3_Fairies","floor":1,"turns":2},{"damage":0,"enemies":"Gensokyo:Gryphon","floor":4,"turns":1},{"damage":0,"enemies":"Gensokyo:2_Kodama","floor":5,"turns":2},{"damage":0,"enemies":"Gensokyo:Mamizou","floor":7,"turns":3},{"damage":0,"enemies":"Gensokyo:VengefulSpirit","floor":9,"turns":3},{"damage":0,"enemies":"Gensokyo:VengefulSpirit","floor":10,"turns":2},{"damage":0,"enemies":"Gensokyo:3_Kodama","floor":13,"turns":2},{"damage":0,"enemies":"Gensokyo:LivingMonolith","floor":14,"turns":2},{"damage":9,"enemies":"Gensokyo:Kokoro","floor":16,"turns":7},{"damage":0,"enemies":"Gensokyo:AngelMirror","floor":18,"turns":1}],"seed_played":"2751953085683699164","potions_obtained":[],"is_trial":false,"path_per_floor":["M","?","?","M","M","R","E","R","T","M","?","?","M","M","R","B",null,"M"],"character_chosen":"RobotSpaceExplorer","items_purchased":[],"campfire_rested":0,"item_purchase_floors":[],"current_hp_per_floor":[79,49,60,60,60,60,60,60,60,60,60,60,60,60,60,57,90,90,90],"gold":465,"neow_bonus":"DOUBLE_BOSS_RELIC","is_daily":false,"chose_seed":false,"campfire_upgraded":2,"win_rate":0.0,"timestamp":1610561369,"path_taken":["M","?","?","M","M","R","E","R","T","M","?","?","M","M","R","BOSS","M"],"items_purchased_type":[],"build_version":"2020-12-22","purchased_purges":0,"victory":false,"max_hp_per_floor":[79,79,79,79,79,79,79,79,79,79,79,86,86,86,86,90,90,90,90],"card_choices":[{"not_picked":["RobotSpaceExplorer:SlimeMissile","RobotSpaceExplorer:DoubleBlock"],"picked":"RobotSpaceExplorer:MiniDrones","floor":1},{"not_picked":["RobotSpaceExplorer:ScrapShield","RobotSpaceExplorer:PowerGlove","RobotSpaceExplorer:GlueShot","RobotSpaceExplorer:Counterblock"],"picked":"RobotSpaceExplorer:Multitool","floor":4},{"not_picked":["RobotSpaceExplorer:Ammunition","RobotSpaceExplorer:SlimeMissile","RobotSpaceExplorer:SurgingStrike","RobotSpaceExplorer:StunGrenade"],"picked":"RobotSpaceExplorer:Probe","floor":5},{"not_picked":["TH:CursedSword","TH:DeckOfManyThings","TH:Mimic"],"picked":"TH:CopperCoins","floor":7},{"not_picked":["RobotSpaceExplorer:ImprovisedAttack","RobotSpaceExplorer:FreezeRay","RobotSpaceExplorer:FrostMissile","RobotSpaceExplorer:StunGrenade","RobotSpaceExplorer:SurgingShield"],"picked":"SKIP","floor":7},{"not_picked":["RobotSpaceExplorer:StunGrenade","RobotSpaceExplorer:FrostMissile","RobotSpaceExplorer:Fix","RobotSpaceExplorer:SwiftStep"],"picked":"RobotSpaceExplorer:Pulsar","floor":9},{"not_picked":["RobotSpaceExplorer:FrostMissile","RobotSpaceExplorer:Probe","RobotSpaceExplorer:ToxicBomb","RobotSpaceExplorer:MiniDrones","RobotSpaceExplorer:FranticSearch"],"picked":"SKIP","floor":10},{"not_picked":["RobotSpaceExplorer:MetalStrike","RobotSpaceExplorer:MakeshiftVolley","RobotSpaceExplorer:Probe","RobotSpaceExplorer:Ammunition"],"picked":"RobotSpaceExplorer:StarLightning","floor":13},{"not_picked":["RobotSpaceExplorer:SwiftStep","RobotSpaceExplorer:ScrapShield","RobotSpaceExplorer:SurgingShield","RobotSpaceExplorer:FreezeRay","RobotSpaceExplorer:IronShell"],"picked":"SKIP","floor":14},{"not_picked":["TH:Mimic","TH:ArmorSpikes","TH:PixieDust"],"picked":"TH:BikiniMail","floor":16},{"not_picked":["RobotSpaceExplorer:Blaster","RobotSpaceExplorer:Explosion","RobotSpaceExplorer:Wormhole","RobotSpaceExplorer:Scanner"],"picked":"RobotSpaceExplorer:Exploration","floor":16}],"player_experience":316131,"relics_obtained":[{"floor":1,"key":"DemoMod:PoisonVial"},{"floor":1,"key":"SynthV:TestCard"},{"floor":7,"key":"Bag of Marbles"},{"floor":13,"key":"Anchor"},{"floor":16,"key":"testmod-Maize"}],"event_choices":[],"is_beta":false,"boss_relics":[{"not_picked":["Velvet Choker","Empty Cage"],"picked":"Abe\u0027s Treasure"}],"items_purged_floors":[],"is_endless":false,"potions_floor_spawned":[4,7,13,16],"killed_by":"Gensokyo:AngelMirror","ascension_level":0}}