{"host":"okzzojfld2krd5j7","time":1610541966,"event":{"mods":["Astrologer","BaseMod","Better Third Choice","Downfall","Googly Eyes","Minty Spire (QoL Compilation)","Rare Cards Sparkle","Relic Stats","Replay The Spire","Robot Space Explorer","Spicy Shops","StSLib","The Dragon Tamer","The Hayseed","The Marked","The Problem Sleuth","TheLocksmith","Wandering Minibosses","vexMod"],"gold_per_floor":[116,135,148,166,180,180,214,214,214,239,239,239,252,252,252,349,349,361,361,123,135,149,179,179,199,199,4,30,43,70,84,84,180,180,194,205,220,198,218,253,273,301,325,358,358,368,381,395,395,395,395,395,22,56,56,56],"floor_reached":55,"language":"ENG","playtime":3469,"items_purged":[],"score":885,"play_id":"c8b7e0bf-e0ff-4a58-a92c-214a3622bbd5","local_time":"20210113134606","is_ascension_mode":false,"campfire_choices":[{"data":"theMarked:WardOff","floor":6.0,"key":"SMITH"},{"data":"theMarked:HeritageOfTheMarked","floor":11.0,"key":"SMITH"},{"data":"theMarked:Seal","floor":15.0,"key":"SMITH"},{"floor":24.0,"key":"RECALL"},{"data":"theMarked:DeterminationOfTheMarked","floor":32.0,"key":"SMITH"},{"floor":45.0,"key":"REST"},{"data":"theMarked:WardOff","floor":49.0,"key":"SMITH"},{"data":"theMarked:WardOff","floor":52.0,"key":"SMITH"}],"circlet_count":0,"master_deck":["theMarked:Strike","theMarked:Strike","theMarked:Strike","theMarked:Strike","theMarked:Defend","theMarked:Defend","theMarked:Defend","theMarked:Defend","theMarked:SoldierOfQuellstein","theMarked:Levitate+1","theMarked:Standoff","theMarked:WardOff+1","theMarked:MuscleMemory+1","theMarked:Indomitable","theMarked:WardOff+1","theMarked:HeritageOfTheMarked+1","theMarked:Seal+1","expansioncontent:QuickStudy+1","theMarked:DeterminationOfTheMarked+1","astrologer:SpaceDust","theMarked:Standoff","Judgement+1","theMarked:WardOff+1","expansioncontent:Collect","Replay:DivineShield+1","theSleuth:CandyCorn+1","ReplayTheSpireMod:System Scan+1","Prepared+1"],"relics":["theMarked:ArtifactOfAir","Bottled Tornado","Sundial","ReplayTheSpireMod:TigerMarble","PrismaticShard","Velvet Choker","theMarked:NailFile","Ginger","Potion Belt","Sling","Happy Flower","Toy Ornithopter","vexMod:MysteryBossChallenge","theMarked:SpiritSword","Toxic Egg 2","Akabeko","Centennial Puzzle","Replay:Baseball","vexMod:PaidLearning","Guide Book","Art of War"],"acts_visited":["Exordium","TheCity","TheBeyond","TheEnding"],"potions_floor_usage":[55],"damage_taken":[{"damage":0.0,"enemies":"2 Louse","floor":1.0,"turns":3.0},{"damage":0.0,"enemies":"Small Slimes","floor":2.0,"turns":4.0},{"damage":4.0,"enemies":"Cultist","floor":3.0,"turns":4.0},{"damage":7.0,"enemies":"Exordium Wildlife","floor":4.0,"turns":4.0},{"damage":0.0,"enemies":"Looter","floor":5.0,"turns":5.0},{"damage":0.0,"enemies":"Replay:BlueRogue","floor":7.0,"turns":7.0},{"damage":3.0,"enemies":"Lagavulin","floor":10.0,"turns":7.0},{"damage":0.0,"enemies":"Exordium Thugs","floor":13.0,"turns":3.0},{"damage":0.0,"enemies":"Slime Boss","floor":16.0,"turns":4.0},{"damage":15.0,"enemies":"3 Byrds","floor":18.0,"turns":3.0},{"damage":5.0,"enemies":"2 Thieves","floor":21.0,"turns":3.0},{"damage":4.0,"enemies":"Centurion and Healer","floor":22.0,"turns":4.0},{"damage":0.0,"enemies":"Replay:Snechameleon","floor":23.0,"turns":5.0},{"damage":2.0,"enemies":"Chosen and Byrds","floor":25.0,"turns":4.0},{"damage":12.0,"enemies":"Gremlin Leader","floor":28.0,"turns":4.0},{"damage":10.0,"enemies":"Snecko","floor":29.0,"turns":5.0},{"damage":9.0,"enemies":"Slavers","floor":30.0,"turns":2.0},{"damage":5.0,"enemies":"Centurion and Healer","floor":31.0,"turns":2.0},{"damage":34.0,"enemies":"Champ","floor":33.0,"turns":11.0},{"damage":14.0,"enemies":"3 Darklings","floor":35.0,"turns":3.0},{"damage":0.0,"enemies":"Orb Walker","floor":36.0,"turns":3.0},{"damage":10.0,"enemies":"Sphere and 2 Shapes","floor":37.0,"turns":5.0},{"damage":23.0,"enemies":"Jaw Worm Horde","floor":39.0,"turns":4.0},{"damage":41.0,"enemies":"Nemesis","floor":40.0,"turns":7.0},{"damage":0.0,"enemies":"Spire Growth","floor":41.0,"turns":5.0},{"damage":31.0,"enemies":"Giant Head","floor":42.0,"turns":9.0},{"damage":32.0,"enemies":"Reptomancer","floor":44.0,"turns":6.0},{"damage":2.0,"enemies":"Writhing Mass","floor":46.0,"turns":6.0},{"damage":1.0,"enemies":"3 Darklings","floor":47.0,"turns":6.0},{"damage":3.0,"enemies":"Spire Growth","floor":48.0,"turns":6.0},{"damage":61.0,"enemies":"Donu and Deca","floor":50.0,"turns":12.0},{"damage":21.0,"enemies":"Shield and Spear","floor":54.0,"turns":4.0},{"damage":62,"enemies":"The Heart","floor":55,"turns":5}],"seed_played":"5685862966262567883","potions_obtained":[{"floor":2.0,"key":"Dexterity Potion"},{"floor":4.0,"key":"EntropicBrew"},{"floor":5.0,"key":"Doom Potion"},{"floor":28.0,"key":"theMarked:ChargePotion"},{"floor":30.0,"key":"Weak Potion"},{"floor":36.0,"key":"Toxic Potion"},{"floor":37.0,"key":"champ:CounterPotion"},{"floor":44.0,"key":"FearPotion"},{"floor":46.0,"key":"Fire Potion"},{"floor":47.0,"key":"DistilledChaos"}],"is_trial":false,"path_per_floor":["M","M","M","M","M","R","E","?","T","E","R","?","M","?","R","B",null,"M","?","$","M","M","E","R","M","T","$","E","M","E","M","R","B",null,"M","M","M","$","M","E","M","E","T","E","R","M","M","M","R","B",null,"R","$","E","B"],"character_chosen":"THE_DEFAULT","items_purchased":["theMarked:NailFile","Sling","theMarked:Standoff","theMarked:WardOff","Replay:Baseball","vexMod:PaidLearning","Guide Book"],"campfire_rested":1,"item_purchase_floors":[20,27,27,38,53,53,53],"current_hp_per_floor":[70,70,66,59,59,59,59,52,52,49,49,49,49,49,49,49,70,55,55,55,70,66,70,70,70,70,70,68,68,70,70,70,49,70,66,66,70,70,70,29,39,23,23,26,47,55,64,70,70,19,70,70,70,51,0,0],"gold":56,"neow_bonus":"ONE_RANDOM_RARE_CARD","is_daily":false,"chose_seed":false,"campfire_upgraded":6,"win_rate":0.0,"timestamp":1610541966,"path_taken":["M","M","M","M","M","R","E","?","T","E","R","?","?","?","R","BOSS","M","?","$","M","M","E","R","M","T","?","E","M","E","M","R","BOSS","M","M","?","$","M","E","M","E","T","E","R","M","M","M","R","BOSS","R","$","E","BOSS"],"items_purchased_type":["Relic","Relic","Card","Card","Relic","Relic","Relic"],"build_version":"2020-12-22","purchased_purges":0,"victory":false,"max_hp_per_floor":[70,70,70,70,70,70,70,70,70,70,70,70,70,70,70,70,70,70,70,70,70,70,70,70,70,70,70,70,70,70,70,70,70,70,70,70,70,70,70,70,70,70,70,70,70,70,70,70,70,70,70,70,70,70,70,70],"relic_stats":{"Centennial Puzzle":[18],"Happy Flower":[34],"counters":[33,158],"Sundial":[20],"Art of War":[2],"Ginger":[12],"obtain_stats":[{"Potion Belt":26,"theMarked:NailFile":20,"Happy Flower":28,"Guide Book":53,"Velvet Choker":17,"vexMod:MysteryBossChallenge":34,"theMarked:SpiritSword":34,"vexMod:PaidLearning":53,"Ginger":23,"Bottled Tornado":7,"PrismaticShard":14,"Sling":27,"Akabeko":42,"theMarked:ArtifactOfAir":0,"Centennial Puzzle":44,"Replay:Baseball":53,"Sundial":9,"ReplayTheSpireMod:TigerMarble":10,"Art of War":54,"Toxic Egg 2":40,"Toy Ornithopter":30},{"Potion Belt":14,"theMarked:NailFile":10,"Happy Flower":15,"Guide Book":31,"Velvet Choker":9,"vexMod:MysteryBossChallenge":19,"theMarked:SpiritSword":19,"vexMod:PaidLearning":31,"Ginger":13,"Bottled Tornado":6,"PrismaticShard":8,"Sling":14,"Akabeko":26,"theMarked:ArtifactOfAir":0,"Centennial Puzzle":27,"Replay:Baseball":31,"Sundial":6,"ReplayTheSpireMod:TigerMarble":7,"Art of War":32,"Toxic Egg 2":24,"Toy Ornithopter":17},{"Potion Belt":58,"theMarked:NailFile":43,"Happy Flower":62,"Guide Book":149,"Velvet Choker":40,"vexMod:MysteryBossChallenge":81,"theMarked:SpiritSword":81,"vexMod:PaidLearning":149,"Ginger":55,"Bottled Tornado":27,"PrismaticShard":36,"Sling":58,"Akabeko":115,"theMarked:ArtifactOfAir":0,"Centennial Puzzle":121,"Replay:Baseball":149,"Sundial":27,"ReplayTheSpireMod:TigerMarble":33,"Art of War":153,"Toxic Egg 2":102,"Toy Ornithopter":68}],"Toy Ornithopter":40},"card_choices":[{"not_picked":["theMarked:Frustration","theMarked:SwordAndMagic"],"picked":"theMarked:Standoff","floor":1.0},{"not_picked":["theMarked:Overcharge","theMarked:WastefulDefense"],"picked":"theMarked:WardOff","floor":2.0},{"not_picked":["theMarked:Frustration","theMarked:EmpowerWeapon"],"picked":"theMarked:MuscleMemory","floor":3.0},{"not_picked":["theMarked:Electrify","theMarked:Frustration"],"picked":"theMarked:Indomitable","floor":4.0},{"not_picked":["theMarked:Parry","theMarked:TakeCover"],"picked":"theMarked:WardOff","floor":5.0},{"not_picked":["theMarked:ComboAttacks","theMarked:BanishingWave"],"picked":"theMarked:HeritageOfTheMarked","floor":7.0},{"not_picked":["theMarked:Static","theMarked:Electrify"],"picked":"theMarked:Seal","floor":10.0},{"not_picked":["theMarked:RepellingDischarge","theMarked:ResourceFulStrike","theMarked:Overthink"],"picked":"SKIP","floor":13.0},{"not_picked":["hexamod:FifthSeal","Corruption"],"picked":"expansioncontent:QuickStudy","floor":16.0},{"not_picked":["Guardian:ShieldCharger+1","theSleuth:BenStillerBust","theMarked:ReduceFriction+1"],"picked":"SKIP","floor":18.0},{"not_picked":["champ:GladiatorsShout","Guardian:ChargeCore","sneckomod:UnknownUncommonAttack"],"picked":"SKIP","floor":21.0},{"not_picked":["hexamod:HauntingEcho","Underhanded Strike","Guardian:GemFire"],"picked":"SKIP","floor":22.0},{"not_picked":["champ:FlashCut","Poisoned Stab"],"picked":"theMarked:DeterminationOfTheMarked","floor":23.0},{"not_picked":["astrologer:Stardust","locksmith:LockSmack+1"],"picked":"astrologer:SpaceDust","floor":25.0},{"not_picked":["theSleuth:ForceDeck+1","Slimebound:SlimeSpikes","Slimebound:FirmFortitude"],"picked":"SKIP","floor":28.0},{"not_picked":["theSleuth:Tootshotgun","Conclude","locksmith:TrueEvil"],"picked":"SKIP","floor":29.0},{"not_picked":["astrologer:MeteorShower","theSleuth:Ogle+1","Streamline+1"],"picked":"SKIP","floor":30.0},{"not_picked":["sneckomod:UnknownCommonSkill","champ:Encircle+1","sneckomod:DiceCrush"],"picked":"SKIP","floor":31.0},{"not_picked":["sneckomod:DangerNoodle","Slimebound:SelfFormingGoo"],"picked":"Judgement","floor":33.0},{"not_picked":["Slimebound:LeechEnergy+1","DTMod:BreakAttack","FlurryOfBlows"],"picked":"SKIP","floor":35.0},{"not_picked":["DTMod:ForkedFire","champ:ArenaPreparation+1","sneckomod:MasterEye+1"],"picked":"SKIP","floor":36.0},{"not_picked":["Guardian:Planning+1","theMarked:Polarize+1","hexamod:NecessarySacrifice+1"],"picked":"SKIP","floor":37.0},{"not_picked":["theSleuth:Parry","champ:TornadoPunch+1"],"picked":"expansioncontent:Collect","floor":39.0},{"not_picked":["hexamod:GhostflameBarrier+1","Second Wind+1"],"picked":"Replay:DivineShield+1","floor":40.0},{"not_picked":["TheSimpletonMod:Pruning+1","Guardian:Gem_Crimson","Darkness+1"],"picked":"SKIP","floor":41.0},{"not_picked":["champ:Haymaker","Hemogenesis"],"picked":"theSleuth:CandyCorn+1","floor":42.0},{"not_picked":["champ:Duel+1","Pommel Strike"],"picked":"ReplayTheSpireMod:System Scan+1","floor":44.0},{"not_picked":["Guardian:Gem_Green","Deadly Poison+1","champ:Backstep+1"],"picked":"SKIP","floor":46.0},{"not_picked":["locksmith:Grab","Guardian:Gem_Green","Worship+1"],"picked":"SKIP","floor":47.0},{"not_picked":["PathToVictory+1","theSleuth:FlaskOfWhiskey+1"],"picked":"Prepared+1","floor":48.0},{"not_picked":["hexamod:HeatMetal+1","theMarked:Indomitable+1","hexamod:AdvancingGuard+1"],"picked":"SKIP","floor":54.0}],"player_experience":692255,"relics_obtained":[{"floor":7.0,"key":"Bottled Tornado"},{"floor":9.0,"key":"Sundial"},{"floor":10.0,"key":"ReplayTheSpireMod:TigerMarble"},{"floor":23.0,"key":"Ginger"},{"floor":26.0,"key":"Potion Belt"},{"floor":28.0,"key":"Happy Flower"},{"floor":30.0,"key":"Toy Ornithopter"},{"floor":40.0,"key":"Toxic Egg 2"},{"floor":42.0,"key":"Akabeko"},{"floor":44.0,"key":"Centennial Puzzle"},{"floor":54.0,"key":"Art of War"}],"event_choices":[{"cards_removed":["theMarked:Strike"],"damage_healed":0.0,"max_hp_gain":0.0,"max_hp_loss":0.0,"gold_gain":0.0,"event_name":"Golden Wing","player_choice":"Card Removal","floor":8.0,"gold_loss":0.0,"damage_taken":7.0},{"damage_healed":0.0,"max_hp_gain":0.0,"max_hp_loss":0.0,"gold_gain":0.0,"event_name":"The Woman in Blue","player_choice":"Bought 0 Potions","floor":12.0,"gold_loss":0.0,"damage_taken":0.0},{"cards_removed":["TheSimpletonMod:Gnats"],"damage_healed":0.0,"max_hp_gain":0.0,"max_hp_loss":0.0,"gold_gain":0.0,"event_name":"Purifier","player_choice":"Purged","floor":19.0,"gold_loss":0.0,"damage_taken":0.0}],"is_beta":false,"boss_relics":[{"not_picked":["Replay:Wanted Poster","vexMod:CursedCompass"],"picked":"Velvet Choker"},{"not_picked":["Tiny House","Abe\u0027s Treasure"],"picked":"vexMod:MysteryBossChallenge"}],"items_purged_floors":[],"is_endless":false,"potions_floor_spawned":[2,4,5,13,21,22,28,30,36,37,44,46,47,48],"killed_by":"The Heart","ascension_level":0}}