{"host":"y76clbnovzmw9ubx","time":1610543254,"event":{"mods":["AchievementEnabler","BaseMod","Minty Spire (QoL Compilation)","Permanent Neow","Relic Stats"],"gold_per_floor":[114,131,150,166,166,191,191,201,283,308,327,338,338,372,384,468,480,505,517,444,43,43,75,75,108,134,146,146,175,191,221,221,221,221],"floor_reached":33,"language":"ENG","playtime":1967,"items_purged":["Strike_R"],"score":690,"play_id":"6dca60d2-ef9e-44cb-94b1-cebc3fe974c0","local_time":"20210113080734","is_ascension_mode":true,"campfire_choices":[{"floor":7.0,"key":"REST"},{"floor":13.0,"key":"REST"},{"data":"Limit Break","floor":15.0,"key":"SMITH"},{"floor":24.0,"key":"REST"},{"floor":28.0,"key":"REST"},{"data":"Heavy Blade","floor":32,"key":"SMITH"}],"circlet_count":0,"master_deck":["AscendersBane","Strike_R+1","Strike_R+1","Strike_R+1","Defend_R+1","Defend_R+1","Defend_R+1","Defend_R+1","Bash","Wild Strike","True Grit","Blood for Blood","Battle Trance","Infernal Blade","Limit Break+1","Heavy Blade+1","Twin Strike","Spot Weakness","Carnage","Offering","Metallicize","Exhume","Exhume","Feel No Pain","Inflame","Shockwave","Impervious"],"relics":["Burning Blood","MealTicket","Lantern","Question Card","Gambling Chip","MawBank","Runic Pyramid","Bronze Scales","Sling","Boot","Meat on the Bone","Anchor","StrikeDummy","Centennial Puzzle"],"acts_visited":["Exordium","TheCity"],"potions_floor_usage":[31,33],"damage_taken":[{"damage":11.0,"enemies":"Jaw Worm","floor":1.0,"turns":5.0},{"damage":6.0,"enemies":"Cultist","floor":2.0,"turns":3.0},{"damage":1.0,"enemies":"Small Slimes","floor":3.0,"turns":4.0},{"damage":15.0,"enemies":"Looter","floor":4.0,"turns":4.0},{"damage":42.0,"enemies":"Gremlin Nob","floor":6.0,"turns":4.0},{"damage":13.0,"enemies":"Exordium Wildlife","floor":8.0,"turns":6.0},{"damage":21.0,"enemies":"3 Sentries","floor":10.0,"turns":9.0},{"damage":6.0,"enemies":"2 Fungi Beasts","floor":11.0,"turns":3.0},{"damage":19.0,"enemies":"Large Slime","floor":12.0,"turns":3.0},{"damage":32.0,"enemies":"Gremlin Nob","floor":14.0,"turns":4.0},{"damage":38.0,"enemies":"The Guardian","floor":16.0,"turns":8.0},{"damage":29.0,"enemies":"2 Thieves","floor":18.0,"turns":3.0},{"damage":47.0,"enemies":"Slavers","floor":23.0,"turns":5.0},{"damage":21.0,"enemies":"Book of Stabbing","floor":25.0,"turns":3.0},{"damage":13.0,"enemies":"Spheric Guardian","floor":27.0,"turns":6.0},{"damage":35.0,"enemies":"Gremlin Leader","floor":29.0,"turns":12.0},{"damage":0,"enemies":"Centurion and Healer","floor":30,"turns":7},{"damage":1,"enemies":"Slavers","floor":31,"turns":3},{"damage":58,"enemies":"Collector","floor":33,"turns":8}],"seed_played":"-4961314102560933699","potions_obtained":[{"floor":8.0,"key":"GamblersBrew"},{"floor":10.0,"key":"Ancient Potion"},{"floor":11.0,"key":"FairyPotion"},{"floor":12.0,"key":"BloodPotion"},{"floor":14.0,"key":"SpeedPotion"},{"floor":25.0,"key":"LiquidMemories"},{"floor":27.0,"key":"GamblersBrew"},{"floor":29.0,"key":"AttackPotion"}],"is_trial":false,"path_per_floor":["M","M","M","M","?","E","R","M","T","E","M","M","R","E","R","B",null,"M","?","?","$","?","E","R","E","T","M","R","E","M","E","R","B"],"character_chosen":"IRONCLAD","items_purchased":["Sling","Exhume"],"campfire_rested":4,"item_purchase_floors":[21,21],"current_hp_per_floor":[63,63,68,59,59,23,45,38,38,23,23,10,32,28,28,11,59,36,36,36,51,51,10,32,17,17,22,44,27,45,50,50,0,0],"gold":221,"neow_bonus":"RANDOM_COMMON_RELIC","is_daily":false,"chose_seed":false,"campfire_upgraded":2,"win_rate":0.0,"timestamp":1610543254,"path_taken":["M","M","M","M","?","E","R","M","T","E","M","M","R","E","R","BOSS","M","?","?","$","?","E","R","E","T","M","R","E","M","E","R","BOSS"],"items_purchased_type":["Relic","Card"],"build_version":"2020-12-22","purchased_purges":1,"victory":false,"max_hp_per_floor":[75,75,75,75,75,75,75,75,75,75,75,75,75,75,75,75,75,75,75,75,75,75,75,75,75,75,75,75,75,75,75,75,75,75],"relic_stats":{"Centennial Puzzle":[2],"counters":[19,100],"Gambling Chip":[42],"Bronze Scales":[94],"MealTicket":15,"Question Card":13,"MawBank":84,"Boot":[0],"obtain_stats":[{"Lantern":6,"Question Card":9,"MawBank":14,"Sling":21,"Boot":23,"Burning Blood":0,"Anchor":26,"Centennial Puzzle":31,"Gambling Chip":10,"Bronze Scales":20,"MealTicket":0,"StrikeDummy":29,"Runic Pyramid":17,"Meat on the Bone":25},{"Lantern":5,"Question Card":6,"MawBank":10,"Sling":12,"Boot":13,"Burning Blood":0,"Anchor":14,"Centennial Puzzle":18,"Gambling Chip":7,"Bronze Scales":12,"MealTicket":0,"StrikeDummy":16,"Runic Pyramid":11,"Meat on the Bone":14},{"Lantern":20,"Question Card":26,"MawBank":45,"Sling":56,"Boot":61,"Burning Blood":0,"Anchor":64,"Centennial Puzzle":92,"Gambling Chip":35,"Bronze Scales":56,"MealTicket":0,"StrikeDummy":82,"Runic Pyramid":53,"Meat on the Bone":64}],"Burning Blood":108,"Meat on the Bone":36},"card_choices":[{"not_picked":["Warcry","Havoc"],"picked":"Wild Strike","floor":1.0},{"not_picked":["Anger","Havoc"],"picked":"True Grit","floor":2.0},{"not_picked":["Thunderclap","Clash"],"picked":"Blood for Blood","floor":3.0},{"not_picked":["Entrench","Heavy Blade"],"picked":"Battle Trance","floor":4.0},{"not_picked":["Flex","Armaments"],"picked":"Limit Break","floor":6.0},{"not_picked":["Pommel Strike","Shrug It Off"],"picked":"Heavy Blade","floor":8.0},{"not_picked":["Body Slam","Cleave","Heavy Blade"],"picked":"Twin Strike","floor":10.0},{"not_picked":["Second Wind","Inflame","Sword Boomerang"],"picked":"Spot Weakness","floor":11.0},{"not_picked":["Perfected Strike","Heavy Blade","Hemokinesis","Cleave"],"picked":"SKIP","floor":12.0},{"not_picked":["Pummel","Anger","Iron Wave"],"picked":"Carnage","floor":14.0},{"not_picked":["Bludgeon","Demon Form","Exhume"],"picked":"Offering","floor":16.0},{"not_picked":["Fire Breathing","Entrench","Sword Boomerang"],"picked":"Metallicize","floor":18.0},{"not_picked":["Warcry","Havoc+1","Perfected Strike"],"picked":"Exhume","floor":23.0},{"not_picked":["Cleave","Pummel","Wild Strike"],"picked":"Feel No Pain","floor":25.0},{"not_picked":["Anger","Searing Blow","Spot Weakness"],"picked":"Inflame","floor":27.0},{"not_picked":["Warcry","Brutality","Sever Soul"],"picked":"Shockwave","floor":29.0},{"not_picked":["Iron Wave+1","Evolve","Havoc","Shrug It Off"],"picked":"SKIP","floor":30},{"not_picked":["Demon Form","Berserk","Cleave"],"picked":"Impervious","floor":31}],"player_experience":3049738,"relics_obtained":[{"floor":6.0,"key":"Lantern"},{"floor":9.0,"key":"Question Card"},{"floor":10.0,"key":"Gambling Chip"},{"floor":14.0,"key":"MawBank"},{"floor":23.0,"key":"Boot"},{"floor":25.0,"key":"Meat on the Bone"},{"floor":26.0,"key":"Anchor"},{"floor":29.0,"key":"StrikeDummy"},{"floor":31,"key":"Centennial Puzzle"}],"event_choices":[{"damage_healed":0.0,"max_hp_gain":0.0,"max_hp_loss":0.0,"gold_gain":0.0,"cards_transformed":["Strike_R"],"event_name":"Transmorgrifier","player_choice":"Transformed","floor":5.0,"gold_loss":0.0,"damage_taken":0.0,"cards_obtained":["Infernal Blade"]},{"damage_healed":0.0,"max_hp_gain":0.0,"max_hp_loss":0.0,"gold_gain":0.0,"event_name":"The Mausoleum","player_choice":"Ignored","floor":19.0,"gold_loss":0.0,"damage_taken":0.0},{"damage_healed":0.0,"max_hp_gain":0.0,"max_hp_loss":0.0,"gold_gain":0.0,"event_name":"Addict","player_choice":"Obtained Relic","floor":20.0,"gold_loss":85.0,"damage_taken":0.0,"relics_obtained":["Bronze Scales"]},{"damage_healed":0.0,"max_hp_gain":0.0,"max_hp_loss":0.0,"gold_gain":0.0,"event_name":"Back to Basics","player_choice":"Simplicity","floor":22.0,"gold_loss":0.0,"damage_taken":0.0,"cards_upgraded":["Strike_R","Strike_R","Strike_R","Defend_R","Defend_R","Defend_R","Defend_R"]}],"is_beta":false,"boss_relics":[{"not_picked":["SacredBark","Mark of Pain"],"picked":"Runic Pyramid"}],"items_purged_floors":[21],"is_endless":false,"potions_floor_spawned":[8,10,11,12,14,25,27,29],"killed_by":"Collector","ascension_level":20}}