{"host":"uv231blk40vjdojr","time":1610578787,"event":{"mods":["AchievementEnabler","BaseMod","Bestiary","Minty Spire (QoL Compilation)","Relic Stats"],"gold_per_floor":[114,189,204,54,69,99,114,144,144,159,159,174,189,204,204,304,304,319,36,51,66,81,120,120,159,168,168,213,258,288,288,288,406,406,451,451,451,101,101,170,170,258,317,347,736,736,736,781,790,799],"floor_reached":51,"language":"ENG","playtime":1274,"items_purged":["Writhe","Normality"],"score":1252,"play_id":"b1027c69-26d6-410c-894d-d3d49321ef2f","local_time":"20210113235947","daily_mods":["Cursed Run","Vintage","Lethality"],"is_ascension_mode":false,"campfire_choices":[{"data":"Eruption","floor":15,"key":"SMITH"},{"data":"Ragnarok","floor":24,"key":"SMITH"},{"data":"Wish","floor":27,"key":"SMITH"},{"data":"Meditate","floor":32,"key":"SMITH"},{"data":"CrushJoints","floor":41,"key":"SMITH"},{"data":"Brilliance","floor":46,"key":"SMITH"},{"floor":49,"key":"REST"}],"circlet_count":0,"master_deck":["Strike_P","Strike_P","Strike_P","Strike_P","Defend_P","Defend_P","Defend_P+1","Defend_P","Eruption+1","Vigilance+1","CrushJoints+1","EmptyFist","Brilliance+1","Ragnarok+1","Meditate+1","Wish+1","Vault+1","CutThroughFate+1","Study+1","Decay","TalkToTheHand+1","WindmillStrike+1","Writhe"],"relics":["Cursed Key","Darkstone Periapt","Du-Vu Doll","Pen Nib","Happy Flower","ClockworkSouvenir","PreservedInsect","Potion Belt","Meat on the Bone","Orichalcum","White Beast Statue","Bottled Flame","Smiling Mask","War Paint","Blue Candle","Pantograph","Empty Cage","Blood Vial","CeramicFish","Centennial Puzzle","Bronze Scales","Juzu Bracelet","Dream Catcher","Gremlin Horn","Bag of Marbles","InkBottle","Toxic Egg 2","Velvet Choker","Ginger","FossilizedHelix","The Courier","Dead Branch","Akabeko","Vajra","Old Coin","Bag of Preparation"],"acts_visited":["Exordium","TheCity","TheBeyond"],"potions_floor_usage":[8,16,18,22,23,25,25,30,35,50,50,50,50,50],"damage_taken":[{"damage":0,"enemies":"Cultist","floor":1,"turns":3},{"damage":0,"enemies":"Jaw Worm","floor":3,"turns":2},{"damage":0,"enemies":"2 Louse","floor":5,"turns":1},{"damage":0,"enemies":"Gremlin Nob","floor":6,"turns":2},{"damage":0,"enemies":"Exordium Thugs","floor":7,"turns":2},{"damage":0,"enemies":"Lagavulin","floor":8,"turns":3},{"damage":9,"enemies":"Exordium Wildlife","floor":10,"turns":4},{"damage":3,"enemies":"Looter","floor":12,"turns":2},{"damage":2,"enemies":"Large Slime","floor":13,"turns":3},{"damage":8,"enemies":"Red Slaver","floor":14,"turns":2},{"damage":2,"enemies":"Slime Boss","floor":16,"turns":5},{"damage":1,"enemies":"Shell Parasite","floor":18,"turns":4},{"damage":0,"enemies":"Spheric Guardian","floor":20,"turns":2},{"damage":0,"enemies":"Snecko","floor":21,"turns":2},{"damage":0,"enemies":"Snake Plant","floor":22,"turns":1},{"damage":0,"enemies":"Slavers","floor":23,"turns":1},{"damage":0,"enemies":"Gremlin Leader","floor":25,"turns":1},{"damage":11,"enemies":"Centurion and Healer","floor":28,"turns":3},{"damage":0,"enemies":"Snecko","floor":29,"turns":2},{"damage":0,"enemies":"Book of Stabbing","floor":30,"turns":1},{"damage":1,"enemies":"Collector","floor":33,"turns":1},{"damage":2,"enemies":"Orb Walker","floor":35,"turns":2},{"damage":0,"enemies":"Reptomancer","floor":40,"turns":1},{"damage":1,"enemies":"2 Orb Walkers","floor":42,"turns":3},{"damage":27,"enemies":"Giant Head","floor":44,"turns":2},{"damage":1,"enemies":"Mind Bloom Boss Battle","floor":45,"turns":2},{"damage":0,"enemies":"3 Darklings","floor":48,"turns":2},{"damage":8,"enemies":"Donu and Deca","floor":50,"turns":4}],"seed_played":"-4624312993155624390","potions_obtained":[{"floor":3,"key":"Ambrosia"},{"floor":6,"key":"FearPotion"},{"floor":7,"key":"FearPotion"},{"floor":8,"key":"StancePotion"},{"floor":10,"key":"DistilledChaos"},{"floor":12,"key":"Fire Potion"},{"floor":13,"key":"Strength Potion"},{"floor":16,"key":"Weak Potion"},{"floor":18,"key":"GamblersBrew"},{"floor":20,"key":"PowerPotion"},{"floor":22,"key":"Strength Potion"},{"floor":23,"key":"BottledMiracle"},{"floor":25,"key":"SpeedPotion"},{"floor":28,"key":"BlessingOfTheForge"},{"floor":30,"key":"GamblersBrew"},{"floor":35,"key":"Weak Potion"},{"floor":37,"key":"EntropicBrew"},{"floor":37,"key":"Strength Potion"}],"is_trial":false,"path_per_floor":["M","?","M","$","M","E","M","E","T","M","?","M","M","M","R","B",null,"M","$","M","M","M","E","R","E","T","R","M","M","E","?","R","B",null,"M","?","?","$","?","E","R","?","T","E","?","R","?","M","R","B",null],"character_chosen":"WATCHER","items_purchased":["ClockworkSouvenir","Ragnarok","Meditate","FossilizedHelix"],"campfire_rested":1,"item_purchase_floors":[4,19,19,38],"current_hp_per_floor":[72,61,61,61,61,61,61,61,67,58,64,61,59,51,51,80,90,89,89,90,90,90,90,90,90,96,96,85,87,89,70,70,102,107,105,105,105,105,102,102,102,101,107,81,107,107,107,108,108,106],"gold":799,"neow_bonus":"","is_daily":true,"chose_seed":false,"campfire_upgraded":6,"win_rate":0.0,"timestamp":1610578787,"path_taken":["M","?","M","$","M","E","M","E","T","M","?","M","M","M","R","BOSS","M","$","M","M","M","E","R","E","T","R","M","M","E","?","R","BOSS","M","?","?","$","?","E","R","?","T","E","?","R","?","M","R","BOSS"],"items_purchased_type":["Relic","Card","Card","Relic"],"build_version":"2020-12-22","purchased_purges":2,"victory":true,"max_hp_per_floor":[72,72,72,72,72,72,72,72,78,78,84,84,84,84,84,90,90,90,90,90,90,90,90,90,90,96,96,96,96,96,101,101,107,107,107,107,107,107,102,102,102,102,108,108,108,108,108,108,108,114],"relic_stats":{"Darkstone Periapt":42,"Happy Flower":[19],"Gremlin Horn":[7,7],"counters":[28,63],"Blue Candle":[12],"CeramicFish":99,"Dead Branch":[11],"Pen Nib":[12],"PreservedInsect":362,"Juzu Bracelet":1,"Bag of Preparation":[2],"Ginger":[0],"Orichalcum":[48],"War Paint":["Defend_P","Vigilance"],"Cursed Key":3,"Smiling Mask":75,"Blood Vial":11,"Centennial Puzzle":[21],"Dream Catcher":1,"Pantograph":75,"Bronze Scales":[21],"obtain_stats":[{"Darkstone Periapt":0,"Gremlin Horn":26,"CeramicFish":20,"Vajra":44,"Juzu Bracelet":23,"Bag of Preparation":48,"Ginger":35,"Cursed Key":0,"Smiling Mask":11,"Empty Cage":17,"ClockworkSouvenir":4,"Old Coin":45,"Blood Vial":18,"Centennial Puzzle":21,"Dream Catcher":25,"Pantograph":14,"Toxic Egg 2":30,"InkBottle":29,"Potion Belt":6,"Happy Flower":3,"Blue Candle":13,"Dead Branch":42,"Velvet Choker":34,"Pen Nib":1,"PreservedInsect":5,"The Courier":40,"Orichalcum":8,"War Paint":12,"White Beast Statue":9,"Akabeko":43,"Du-Vu Doll":0,"Bottled Flame":10,"Bronze Scales":22,"Bag of Marbles":28,"FossilizedHelix":38,"Meat on the Bone":7},{"Darkstone Periapt":0,"Gremlin Horn":17,"CeramicFish":13,"Vajra":25,"Juzu Bracelet":16,"Bag of Preparation":27,"Ginger":22,"Cursed Key":0,"Smiling Mask":7,"Empty Cage":11,"ClockworkSouvenir":2,"Old Coin":26,"Blood Vial":12,"Centennial Puzzle":14,"Dream Catcher":17,"Pantograph":10,"Toxic Egg 2":20,"InkBottle":19,"Potion Belt":4,"Happy Flower":2,"Blue Candle":9,"Dead Branch":24,"Velvet Choker":21,"Pen Nib":1,"PreservedInsect":3,"The Courier":23,"Orichalcum":6,"War Paint":8,"White Beast Statue":6,"Akabeko":24,"Du-Vu Doll":0,"Bottled Flame":7,"Bronze Scales":15,"Bag of Marbles":18,"FossilizedHelix":22,"Meat on the Bone":5},{"Darkstone Periapt":0,"Gremlin Horn":40,"CeramicFish":35,"Vajra":55,"Juzu Bracelet":39,"Bag of Preparation":59,"Ginger":49,"Cursed Key":0,"Smiling Mask":17,"Empty Cage":29,"ClockworkSouvenir":5,"Old Coin":57,"Blood Vial":33,"Centennial Puzzle":37,"Dream Catcher":40,"Pantograph":24,"Toxic Egg 2":46,"InkBottle":45,"Potion Belt":8,"Happy Flower":5,"Blue Candle":22,"Dead Branch":53,"Velvet Choker":47,"Pen Nib":3,"PreservedInsect":6,"The Courier":50,"Orichalcum":13,"War Paint":19,"White Beast Statue":13,"Akabeko":53,"Du-Vu Doll":0,"Bottled Flame":17,"Bronze Scales":38,"Bag of Marbles":43,"FossilizedHelix":49,"Meat on the Bone":10}],"InkBottle":[5],"Meat on the Bone":0},"card_choices":[{"not_picked":["Halt","LikeWater"],"picked":"CrushJoints","floor":6},{"not_picked":["EmptyMind","FollowUp"],"picked":"EmptyFist","floor":8},{"not_picked":["ConjureBlade","MasterReality"],"picked":"Brilliance","floor":16},{"not_picked":["JustLucky","EmptyFist+1"],"picked":"Protect","floor":23},{"not_picked":["Study","CutThroughFate"],"picked":"Wish","floor":25},{"not_picked":["Collect+1","EmptyFist","Sanctity+1"],"picked":"SKIP","floor":30},{"not_picked":["Judgement+1","MasterReality"],"picked":"Vault+1","floor":33},{"not_picked":["EmptyBody+1","JustLucky"],"picked":"CutThroughFate+1","floor":40},{"not_picked":["FollowUp","CrushJoints+1"],"picked":"Study+1","floor":42},{"not_picked":["SashWhip+1","WreathOfFlame+1","JustLucky+1"],"picked":"SKIP","floor":44},{"not_picked":["Collect+1","Protect+1"],"picked":"TalkToTheHand+1","floor":45},{"not_picked":["PathToVictory+1","Establishment"],"picked":"WindmillStrike+1","floor":49}],"player_experience":687601,"relics_obtained":[{"floor":1,"key":"Pen Nib"},{"floor":3,"key":"Happy Flower"},{"floor":5,"key":"PreservedInsect"},{"floor":6,"key":"Potion Belt"},{"floor":7,"key":"Meat on the Bone"},{"floor":8,"key":"Orichalcum"},{"floor":9,"key":"White Beast Statue"},{"floor":10,"key":"Bottled Flame"},{"floor":12,"key":"War Paint"},{"floor":13,"key":"Blue Candle"},{"floor":14,"key":"Pantograph"},{"floor":18,"key":"Blood Vial"},{"floor":20,"key":"CeramicFish"},{"floor":21,"key":"Centennial Puzzle"},{"floor":22,"key":"Bronze Scales"},{"floor":23,"key":"Juzu Bracelet"},{"floor":25,"key":"Dream Catcher"},{"floor":26,"key":"Gremlin Horn"},{"floor":28,"key":"Bag of Marbles"},{"floor":29,"key":"InkBottle"},{"floor":30,"key":"Toxic Egg 2"},{"floor":35,"key":"Ginger"},{"floor":40,"key":"The Courier"},{"floor":42,"key":"Dead Branch"},{"floor":43,"key":"Akabeko"},{"floor":44,"key":"Vajra"},{"floor":45,"key":"Old Coin"},{"floor":48,"key":"Bag of Preparation"}],"event_choices":[{"damage_healed":0,"gold_gain":75,"player_choice":"Gather Gold","damage_taken":11,"max_hp_gain":0,"max_hp_loss":0,"event_name":"World of Goop","floor":2,"gold_loss":0},{"damage_healed":0,"gold_gain":0,"player_choice":"Box","damage_taken":0,"relics_obtained":["Smiling Mask"],"max_hp_gain":0,"max_hp_loss":0,"event_name":"Big Fish","floor":11,"gold_loss":0,"cards_obtained":["Regret"]},{"damage_healed":0,"gold_gain":0,"player_choice":"Shed Blood","damage_taken":24,"max_hp_gain":5,"max_hp_loss":0,"event_name":"Forgotten Altar","floor":31,"gold_loss":0},{"cards_removed":["Protect"],"damage_healed":0,"gold_gain":0,"player_choice":"Removed Skill","damage_taken":0,"max_hp_gain":0,"max_hp_loss":0,"event_name":"Falling","floor":36,"gold_loss":0},{"damage_healed":0,"gold_gain":0,"player_choice":"Got Potions","damage_taken":0,"max_hp_gain":0,"max_hp_loss":0,"event_name":"Lab","floor":37,"gold_loss":0},{"damage_healed":0,"gold_gain":0,"player_choice":"Max HP","damage_taken":0,"max_hp_gain":0,"max_hp_loss":5,"event_name":"Winding Halls","floor":39,"gold_loss":0},{"damage_healed":0,"gold_gain":0,"player_choice":"Fight","damage_taken":0,"max_hp_gain":0,"max_hp_loss":0,"event_name":"Mysterious Sphere","floor":42,"gold_loss":0},{"damage_healed":0,"gold_gain":0,"player_choice":"Fight","damage_taken":0,"max_hp_gain":0,"max_hp_loss":0,"event_name":"MindBloom","floor":45,"gold_loss":0},{"cards_removed":["Doubt"],"damage_healed":0,"gold_gain":0,"player_choice":"Purged","damage_taken":0,"max_hp_gain":0,"max_hp_loss":0,"event_name":"Purifier","floor":47,"gold_loss":0}],"is_beta":false,"boss_relics":[{"not_picked":["SacredBark","Ectoplasm"],"picked":"Empty Cage"},{"not_picked":["Tiny House","Black Star"],"picked":"Velvet Choker"}],"items_purged_floors":[19,38],"is_endless":false,"potions_floor_spawned":[3,6,7,8,10,12,13,14,16,18,20,21,22,23,25,28,29,30,33,35,40,42,44,45,48],"ascension_level":0}}