{"host":"9fpqyohhfgykisug","time":1610557822,"event":{"mods":["BaseMod","Block Reminder","DeckTracker","Highlight Path","Minty Spire (QoL Compilation)","Permanent Neow","Quick Restart"],"gold_per_floor":[109,122,122,135,152,152,162,162,162,220,220,249,305,26,26,128,128,142,158,158,178,30,30,40,54,80,80,96,96,115,127,127,232,232,246,206,216,233,2,2,31,41,41,41,41,75,75,89,89,89],"floor_reached":51,"language":"PTB","playtime":4643,"items_purged":["Parasite"],"score":686,"play_id":"db8ffdfe-5b07-4393-918f-2b9b5670a488","local_time":"20210113141022","is_ascension_mode":false,"campfire_choices":[{"data":"Double Energy","floor":6,"key":"SMITH"},{"data":"Sunder","floor":8,"key":"SMITH"},{"floor":11,"key":"REST"},{"floor":15,"key":"REST"},{"floor":23,"key":"REST"},{"floor":29,"key":"REST"},{"floor":32,"key":"REST"},{"data":"Defragment","floor":40,"key":"SMITH"},{"floor":45,"key":"REST"},{"floor":47,"key":"REST"},{"data":"Loop","floor":49,"key":"SMITH"}],"circlet_count":0,"master_deck":["Strike_B","Strike_B","Strike_B","Strike_B","Defend_B+1","Defend_B","Defend_B","Defend_B","Zap","Dualcast","Cold Snap","Chaos","Sunder+1","Double Energy+1","Defragment+1","Chill+1","Compile Driver","Streamline","Skim","Coolheaded","Static Discharge","Rainbow","Fusion","Reprogram+1","Stack+1","Rainbow","Go for the Eyes+1","Leap","Loop+1","Reinforced Body","Self Repair","Recycle+1","Loop+1","Hologram+1","Fission","Steam Power+1","Steam","Stack+1","Defragment+1","Redo","Hologram","Sunder","Redo","Glacier","Compile Driver"],"relics":["Inserter","Strawberry","Dream Catcher","Gremlin Horn","Tiny Chest","War Paint","Nuclear Battery","DollysMirror","Orichalcum","Shuriken","Busted Crown","PreservedInsect","Bottled Flame","Sundial","HornCleat"],"acts_visited":["Exordium","TheCity","TheBeyond"],"potions_floor_usage":[16,25,33,33,48],"damage_taken":[{"damage":4,"enemies":"Cultist","floor":1,"turns":4},{"damage":3,"enemies":"2 Louse","floor":2,"turns":3},{"damage":3,"enemies":"Small Slimes","floor":4,"turns":5},{"damage":8,"enemies":"Looter","floor":5,"turns":3},{"damage":0,"enemies":"Blue Slaver","floor":7,"turns":3},{"damage":27,"enemies":"Lagavulin","floor":12,"turns":6},{"damage":2,"enemies":"3 Sentries","floor":13,"turns":9},{"damage":28,"enemies":"The Guardian","floor":16,"turns":10},{"damage":10,"enemies":"Shell Parasite","floor":18,"turns":6},{"damage":12,"enemies":"3 Byrds","floor":19,"turns":6},{"damage":23,"enemies":"Snecko","floor":21,"turns":5},{"damage":26,"enemies":"Centurion and Healer","floor":24,"turns":6},{"damage":20,"enemies":"Chosen and Byrds","floor":25,"turns":7},{"damage":0,"enemies":"Cultist and Chosen","floor":28,"turns":5},{"damage":11,"enemies":"Centurion and Healer","floor":30,"turns":8},{"damage":9,"enemies":"Snake Plant","floor":31,"turns":6},{"damage":51,"enemies":"Automaton","floor":33,"turns":12},{"damage":33,"enemies":"Orb Walker","floor":35,"turns":6},{"damage":0,"enemies":"3 Shapes","floor":37,"turns":5},{"damage":3,"enemies":"Writhing Mass","floor":38,"turns":10},{"damage":30,"enemies":"Giant Head","floor":41,"turns":10},{"damage":26,"enemies":"Spire Growth","floor":42,"turns":6},{"damage":6,"enemies":"Reptomancer","floor":46,"turns":7},{"damage":10,"enemies":"Transient","floor":48,"turns":5},{"damage":42,"enemies":"Time Eater","floor":50,"turns":19}],"seed_played":"-3700321627039009251","potions_obtained":[{"floor":1,"key":"SneckoOil"},{"floor":4,"key":"Explosive Potion"},{"floor":13,"key":"SpeedPotion"},{"floor":16,"key":"FearPotion"},{"floor":19,"key":"LiquidMemories"},{"floor":21,"key":"CultistPotion"},{"floor":28,"key":"Weak Potion"},{"floor":35,"key":"CultistPotion"},{"floor":38,"key":"FairyPotion"},{"floor":42,"key":"Dexterity Potion"},{"floor":46,"key":"DistilledChaos"},{"floor":48,"key":"BlessingOfTheForge"}],"is_trial":false,"path_per_floor":["M","M","?","M","M","R","M","R","T","?","R","E","?","$","R","B",null,"M","M","?","M","$","R","M","M","T","T","M","R","M","M","R","B",null,"M","?","M","M","$","R","E","M","T","T","R","E","R","M","R","B",null],"character_chosen":"DEFECT","items_purchased":["Skim","War Paint","Coolheaded","DollysMirror","Defragment","Redo","Hologram"],"campfire_rested":7,"item_purchase_floors":[14,14,14,22,39,39,39],"current_hp_per_floor":[71,68,63,60,52,52,52,52,52,52,76,49,47,47,71,43,82,72,60,60,37,37,61,35,15,15,15,15,39,35,33,57,6,82,56,56,63,67,67,67,44,25,25,25,48,49,72,69,69,34],"gold":89,"neow_bonus":"BOSS_RELIC","is_daily":false,"chose_seed":false,"campfire_upgraded":4,"win_rate":0.0,"timestamp":1610557822,"path_taken":["M","?","?","M","M","R","M","R","T","?","R","E","?","?","R","BOSS","M","?","?","M","$","R","M","M","T","?","M","R","?","M","R","BOSS","M","?","M","M","$","R","E","?","T","?","R","E","R","M","R","BOSS"],"items_purchased_type":["Card","Relic","Card","Relic","Card","Card","Card"],"build_version":"2020-12-22","purchased_purges":1,"victory":true,"max_hp_per_floor":[75,75,82,82,82,82,82,82,82,82,82,82,82,82,82,82,82,82,82,82,82,82,82,82,82,82,82,82,82,82,82,82,82,82,82,82,82,82,79,79,79,79,79,79,79,79,79,79,79,79],"card_choices":[{"not_picked":["Heatsinks","Melter"],"picked":"Cold Snap","floor":1},{"not_picked":["Rebound","Go for the Eyes"],"picked":"Chaos","floor":2},{"not_picked":["Coolheaded","Redo"],"picked":"Sunder","floor":4},{"not_picked":["Streamline","Hologram"],"picked":"Double Energy","floor":5},{"not_picked":["Leap","Gash"],"picked":"Defragment","floor":7},{"not_picked":["Stack","Beam Cell"],"picked":"Chill","floor":11},{"not_picked":["White Noise","Capacitor"],"picked":"Compile Driver","floor":12},{"not_picked":["Auto Shields","Beam Cell"],"picked":"Streamline","floor":13},{"not_picked":["Fusion","Hello World"],"picked":"Static Discharge","floor":15},{"not_picked":["All For One","Buffer"],"picked":"Rainbow","floor":16},{"not_picked":["Go for the Eyes","Sweeping Beam"],"picked":"Fusion","floor":18},{"not_picked":["Streamline","Skim"],"picked":"Reprogram+1","floor":19},{"not_picked":["Reprogram","Cold Snap"],"picked":"Stack+1","floor":21},{"not_picked":["Sweeping Beam","Coolheaded"],"picked":"Go for the Eyes+1","floor":23},{"not_picked":["Hologram","Compile Driver"],"picked":"Leap","floor":24},{"not_picked":["Streamline+1","BootSequence"],"picked":"Loop","floor":25},{"not_picked":["Loop","Aggregate+1"],"picked":"Reinforced Body","floor":28},{"not_picked":["Loop+1","Coolheaded"],"picked":"Self Repair","floor":29},{"not_picked":["Genetic Algorithm","Barrage"],"picked":"Recycle+1","floor":30},{"not_picked":["Chill","Compile Driver"],"picked":"Loop+1","floor":31},{"not_picked":["Gash","Compile Driver"],"picked":"Hologram+1","floor":32},{"not_picked":["Creative AI","Meteor Strike"],"picked":"Fission","floor":33},{"not_picked":[],"picked":"Steam Power+1","floor":35},{"not_picked":[],"picked":"Steam","floor":37},{"not_picked":[],"picked":"Stack+1","floor":38},{"not_picked":["Stack"],"picked":"SKIP","floor":41},{"not_picked":[],"picked":"Sunder","floor":42},{"not_picked":[],"picked":"Redo","floor":45},{"not_picked":[],"picked":"Glacier","floor":46},{"not_picked":[],"picked":"Compile Driver","floor":47},{"not_picked":["Gash"],"picked":"SKIP","floor":48}],"player_experience":44208,"relics_obtained":[{"floor":9,"key":"Dream Catcher"},{"floor":12,"key":"Gremlin Horn"},{"floor":26,"key":"Orichalcum"},{"floor":27,"key":"Shuriken"},{"floor":41,"key":"PreservedInsect"},{"floor":43,"key":"Bottled Flame"},{"floor":44,"key":"Sundial"},{"floor":46,"key":"HornCleat"}],"event_choices":[{"damage_healed":0,"gold_gain":0,"player_choice":"Success","damage_taken":12,"relics_obtained":["Strawberry"],"max_hp_gain":0,"max_hp_loss":0,"event_name":"Scrap Ooze","floor":3,"gold_loss":0},{"damage_healed":0,"gold_gain":58,"player_choice":"Gained Gold","damage_taken":0,"max_hp_gain":0,"max_hp_loss":0,"event_name":"Golden Wing","floor":10,"gold_loss":0},{"damage_healed":0,"gold_gain":30,"player_choice":"Searched \u00273\u0027 times","damage_taken":0,"relics_obtained":["Tiny Chest"],"max_hp_gain":0,"max_hp_loss":0,"event_name":"Dead Adventurer","floor":13,"gold_loss":0},{"damage_healed":0,"gold_gain":0,"player_choice":"Ignored","damage_taken":0,"max_hp_gain":0,"max_hp_loss":0,"event_name":"Ghosts","floor":20,"gold_loss":0},{"damage_healed":0,"gold_gain":0,"player_choice":"Upgrade","damage_taken":0,"max_hp_gain":0,"max_hp_loss":0,"event_name":"Designer","floor":36,"gold_loss":40,"cards_upgraded":["Defragment"]}],"is_beta":false,"boss_relics":[{"not_picked":["Empty Cage","Snecko Eye"],"picked":"Nuclear Battery"},{"not_picked":["Coffee Dripper","SlaversCollar"],"picked":"Busted Crown"}],"items_purged_floors":[39],"is_endless":false,"potions_floor_spawned":[1,4,13,16,19,21,28,30,35,38,42,46,48],"ascension_level":0}}