{"host":"lck2g1j0kcwr02ez","time":1610529567,"event":{"mods":["BaseMod","CapriCore","Hermit","Jorbs\u0027s Wanderer Trilogy","Marisa£®ÏF”Í°°ƒß¿Ì…≥£©","Minty Spire (QoL Compilation)","Rare Cards Sparkle","StSLib","The Alterego","The Hierophant"],"gold_per_floor":[110,7764,7774,6855,6878,6878,6890,6890,6890,6890,6890,6920,6989,7064,7064,7159,7159,7203,7203,6144,6156,5293,5293,5338,5347,5347,5356,5385,5416,5439,5512,5512,5632,5632,5661,5683,5745,4310,4410,4410,4434,4469,4469,4522,4522,4540,4555,3640,3640,3640,3640,3640,2689,2723,2723,2723],"floor_reached":55,"language":"ZHS","playtime":5350,"items_purged":["stsjorbsmod:Strike_Wanderer","stsjorbsmod:Defend_Wanderer","stsjorbsmod:Strike_Wanderer","stsjorbsmod:Defend_Wanderer","stsjorbsmod:Strike_Wanderer","stsjorbsmod:FreshAdventure+1"],"score":931,"play_id":"42039af9-ac11-4a93-a95b-caca50102aae","local_time":"20210113171927","is_ascension_mode":false,"campfire_choices":[{"data":"Apotheosis","floor":6,"key":"SMITH"},{"data":"stsjorbsmod:FindFamiliar","floor":8,"key":"SMITH"},{"floor":11,"key":"RECALL"},{"data":"stsjorbsmod:Defend_Wanderer","floor":15,"key":"PURGE"},{"data":"stsjorbsmod:Patron","floor":23,"key":"SMITH"},{"data":"stsjorbsmod:LocateObject","floor":32,"key":"SMITH"},{"data":"stsjorbsmod:Patron","floor":40,"key":"SMITH"},{"data":"stsjorbsmod:Defend_Wanderer","floor":45,"key":"PURGE"},{"data":"stsjorbsmod:FindFamiliar","floor":49,"key":"SMITH"},{"data":"stsjorbsmod:Patron","floor":52,"key":"SMITH"}],"circlet_count":0,"master_deck":["stsjorbsmod:ForbiddenGrimoire+1","stsjorbsmod:EyeOfTheStorm","stsjorbsmod:ColorSpray","stsjorbsmod:FindFamiliar+1","stsjorbsmod:Message","Apotheosis+1","stsjorbsmod:ColorSpray+1","stsjorbsmod:FaerieFire","stsjorbsmod:ArcaneWeapon","stsjorbsmod:LocateObject+1","stsjorbsmod:Aid","stsjorbsmod:FindFamiliar+1","stsjorbsmod:DoubleCheck","stsjorbsmod:RefuseToForget","stsjorbsmod:BookOfTongues","stsjorbsmod:Entangle","CurseOfTheBell","stsjorbsmod:ScorchingRay","Sadistic Nature","Panacea","stsjorbsmod:Patron","stsjorbsmod:ArcaneForm","stsjorbsmod:BlackTentacles","stsjorbsmod:MagicMirror","RitualDagger","J.A.X.","stsjorbsmod:MistyStep","stsjorbsmod:Pyromancy","stsjorbsmod:Stalwart+1","stsjorbsmod:Trauma","stsjorbsmod:FracturedMind","stsjorbsmod:Will+1","stsjorbsmod:FindFamiliar+1","stsjorbsmod:Prestidigitation","stsjorbsmod:Counterspell","Finesse","Master of Strategy","stsjorbsmod:Index+1","stsjorbsmod:UnseenServant","Madness","Madness","stsjorbsmod:FindFamiliar+1","stsjorbsmod:MagicMissiles","Master of Strategy","stsjorbsmod:TinyHut+1"],"relics":["stsjorbsmod:GrimoireRelic","NeowsBlessing","Blue Candle","Tiny Chest","OrangePellets","Peace Pipe","Sundial","Toolbox","Mummified Hand","Whetstone","Calling Bell","Akabeko","HornCleat","Thread and Needle","Matryoshka","Calipers","StrikeDummy","TheAbacus","Blood Vial","CeramicFish","Strange Spoon","Happy Flower","Potion Belt","Vajra","Juzu Bracelet","stsjorbsmod:BottledMemoryRelic","Red Mask","Philosopher\u0027s Stone","stsjorbsmod:MindPalaceRelic","Question Card","Lizard Tail","Medical Kit","Nunchaku","Mercury Hourglass","Gremlin Horn","Frozen Egg 2","DollysMirror","Chemical X","Torii","Art of War","Lantern"],"acts_visited":["Exordium","TheCity","TheBeyond","TheEnding"],"potions_floor_usage":[13,16,24,24,31,33,47,50,50,55,55,55,55,55],"damage_taken":[{"damage":0,"enemies":"Cultist","floor":1,"turns":1},{"damage":0,"enemies":"2 Louse","floor":3,"turns":1},{"damage":0,"enemies":"Jaw Worm","floor":5,"turns":1},{"damage":5,"enemies":"3 Louse","floor":7,"turns":3},{"damage":0,"enemies":"Lagavulin","floor":12,"turns":6},{"damage":0,"enemies":"Lagavulin Event","floor":13,"turns":3},{"damage":0,"enemies":"The Guardian","floor":16,"turns":7},{"damage":7,"enemies":"3 Byrds","floor":18,"turns":3},{"damage":6,"enemies":"2 Thieves","floor":21,"turns":2},{"damage":0,"enemies":"Book of Stabbing","floor":24,"turns":2},{"damage":1,"enemies":"Chosen and Byrds","floor":28,"turns":2},{"damage":8,"enemies":"Centurion and Healer","floor":29,"turns":3},{"damage":7,"enemies":"Masked Bandits","floor":31,"turns":3},{"damage":13,"enemies":"Automaton","floor":33,"turns":5},{"damage":4,"enemies":"Orb Walker","floor":35,"turns":1},{"damage":5,"enemies":"3 Darklings","floor":36,"turns":4},{"damage":3,"enemies":"2 Orb Walkers","floor":37,"turns":5},{"damage":4,"enemies":"Maw","floor":42,"turns":5},{"damage":0,"enemies":"Sphere and 2 Shapes","floor":44,"turns":3},{"damage":0,"enemies":"Jaw Worm Horde","floor":47,"turns":3},{"damage":80,"enemies":"Awakened One","floor":50,"turns":8},{"damage":6,"enemies":"Shield and Spear","floor":54,"turns":1},{"damage":68,"enemies":"The Heart","floor":55,"turns":5}],"seed_played":"-5622694534591888895","potions_obtained":[{"floor":12,"key":"PowerPotion"},{"floor":13,"key":"Dexterity Potion"},{"floor":16,"key":"Swift Potion"},{"floor":31,"key":"BlessingOfTheForge"},{"floor":33,"key":"Strength Potion"},{"floor":37,"key":"FearPotion"},{"floor":47,"key":"Strength Potion"}],"is_trial":false,"path_per_floor":["M","$","M","$","M","R","M","R","T","?","R","E","?","?","R","B",null,"M","T","$","M","$","R","E","?","T","?","M","M","T","?","R","B",null,"M","M","?","$","?","R","T","M","T","M","R","?","M","$","R","B",null,"R","$","E","B"],"character_chosen":"WANDERER","items_purchased":["Fire Potion","Blue Candle","Tiny Chest","OrangePellets","stsjorbsmod:FindFamiliar","stsjorbsmod:Message","Apotheosis","DistilledChaos","GamblersBrew","stsjorbsmod:ColorSpray","Peace Pipe","Sundial","Toolbox","stsjorbsmod:ArcaneWeapon","stsjorbsmod:LocateObject","Sadistic Nature","Calipers","StrikeDummy","TheAbacus","Panacea","Blood Vial","CeramicFish","Strange Spoon","stsjorbsmod:ArcaneForm","stsjorbsmod:BlackTentacles","LiquidMemories","Question Card","Lizard Tail","Medical Kit","stsjorbsmod:Prestidigitation","stsjorbsmod:Counterspell","Finesse","Master of Strategy","Swift Potion","LiquidBronze","EssenceOfSteel","Gremlin Horn","Frozen Egg 2","DollysMirror","EssenceOfSteel","Chemical X","Torii","Art of War","stsjorbsmod:MagicMissiles","Master of Strategy","PowerPotion","DuplicationPotion"],"campfire_rested":0,"item_purchase_floors":[2,2,2,2,2,2,2,2,2,2,4,4,4,4,4,20,20,20,20,20,22,22,22,22,22,22,38,38,38,38,38,38,38,38,38,38,48,48,48,48,53,53,53,53,53,53,53],"current_hp_per_floor":[68,68,68,68,68,68,65,65,65,65,65,68,68,57,57,61,68,63,63,63,59,59,59,64,58,58,58,64,64,64,62,62,59,68,64,68,72,72,72,72,72,72,72,72,72,63,71,71,71,33,72,72,72,66,0,0],"gold":2723,"neow_bonus":"THREE_ENEMY_KILL","is_daily":false,"chose_seed":false,"campfire_upgraded":7,"win_rate":0.0,"timestamp":1610529567,"path_taken":["M","$","M","$","M","R","M","R","T","?","R","E","?","?","R","BOSS","M","?","$","M","$","R","E","?","T","?","?","M","?","?","R","BOSS","M","M","?","$","?","R","?","M","T","M","R","?","M","$","R","BOSS","R","$","E","BOSS"],"items_purchased_type":["Potion","Relic","Relic","Relic","Card","Card","Card","Potion","Potion","Card","Relic","Relic","Relic","Card","Card","Card","Relic","Relic","Relic","Card","Relic","Relic","Relic","Card","Card","Potion","Relic","Relic","Relic","Card","Card","Card","Card","Potion","Potion","Potion","Relic","Relic","Relic","Potion","Relic","Relic","Relic","Card","Card","Potion","Potion"],"build_version":"2020-12-22","purchased_purges":6,"victory":false,"max_hp_per_floor":[68,68,68,68,68,68,68,68,68,68,68,68,68,68,68,68,68,68,68,68,68,68,68,68,68,68,68,68,68,68,68,68,68,68,68,68,72,72,72,72,72,72,72,72,72,72,72,72,72,72,72,72,72,72,72,72],"card_choices":[{"not_picked":["stsjorbsmod:Hibernate","stsjorbsmod:WanderingMind"],"picked":"stsjorbsmod:ColorSpray","floor":1},{"not_picked":["stsjorbsmod:ScorchingRay","stsjorbsmod:BurningFlask"],"picked":"stsjorbsmod:FaerieFire","floor":3},{"not_picked":["stsjorbsmod:FindFamiliar","stsjorbsmod:RayOfFrost"],"picked":"stsjorbsmod:Aid","floor":5},{"not_picked":["stsjorbsmod:ChainLightning","stsjorbsmod:ChatteringStrike"],"picked":"stsjorbsmod:FindFamiliar","floor":7},{"not_picked":["stsjorbsmod:RayOfFrost","stsjorbsmod:LoseGrip"],"picked":"stsjorbsmod:RefuseToForget","floor":12},{"not_picked":["stsjorbsmod:Will","stsjorbsmod:TrueStrike"],"picked":"stsjorbsmod:BookOfTongues","floor":13},{"not_picked":["stsjorbsmod:Rediscovery","stsjorbsmod:Trauma"],"picked":"stsjorbsmod:Entangle","floor":16},{"not_picked":["stsjorbsmod:Index+1","stsjorbsmod:ColorSpray+1"],"picked":"stsjorbsmod:ScorchingRay","floor":18},{"not_picked":["stsjorbsmod:Hurt","stsjorbsmod:Prepare"],"picked":"stsjorbsmod:Patron","floor":21},{"not_picked":["stsjorbsmod:Hurt","stsjorbsmod:ArcaneWeapon"],"picked":"stsjorbsmod:MagicMirror","floor":24},{"not_picked":["stsjorbsmod:AnimateObjects","stsjorbsmod:FracturedMind"],"picked":"stsjorbsmod:MistyStep","floor":28},{"not_picked":["stsjorbsmod:TrueStrike+1","stsjorbsmod:MagicMissiles"],"picked":"stsjorbsmod:Pyromancy","floor":29},{"not_picked":["stsjorbsmod:ChatteringStrike+1","stsjorbsmod:ArcaneWeapon"],"picked":"stsjorbsmod:Stalwart+1","floor":31},{"not_picked":["stsjorbsmod:HoldMonster","stsjorbsmod:DeathThroes"],"picked":"stsjorbsmod:Trauma","floor":33},{"not_picked":["stsjorbsmod:Hurt","stsjorbsmod:RayOfFrost+1"],"picked":"stsjorbsmod:FracturedMind","floor":35},{"not_picked":["stsjorbsmod:Channel","stsjorbsmod:Introspection+1"],"picked":"stsjorbsmod:Will+1","floor":36},{"not_picked":["stsjorbsmod:DeathThroes","stsjorbsmod:Hurt"],"picked":"stsjorbsmod:FindFamiliar+1","floor":37},{"not_picked":["stsjorbsmod:Firebolt","stsjorbsmod:ParryingBlow","stsjorbsmod:DisguiseSelf+1"],"picked":"stsjorbsmod:Index+1","floor":42},{"not_picked":["stsjorbsmod:TrueStrike","stsjorbsmod:Index+1","stsjorbsmod:WeightOfMemory+1"],"picked":"stsjorbsmod:UnseenServant","floor":44},{"not_picked":["stsjorbsmod:RayOfFrost+1","stsjorbsmod:Aid","stsjorbsmod:Counterspell","stsjorbsmod:Inferno+1"],"picked":"SKIP","floor":47},{"not_picked":["stsjorbsmod:Prestidigitation+1","stsjorbsmod:WanderingMind+1","stsjorbsmod:Mending"],"picked":"stsjorbsmod:TinyHut+1","floor":54}],"player_experience":269961,"relics_obtained":[{"floor":12,"key":"Mummified Hand"},{"floor":13,"key":"Whetstone"},{"floor":17,"key":"Akabeko"},{"floor":17,"key":"HornCleat"},{"floor":17,"key":"Thread and Needle"},{"floor":19,"key":"Matryoshka"},{"floor":24,"key":"Happy Flower"},{"floor":26,"key":"Potion Belt"},{"floor":26,"key":"Vajra"},{"floor":30,"key":"Juzu Bracelet"},{"floor":30,"key":"stsjorbsmod:BottledMemoryRelic"},{"floor":31,"key":"Red Mask"},{"floor":37,"key":"stsjorbsmod:MindPalaceRelic"},{"floor":41,"key":"Nunchaku"},{"floor":43,"key":"Mercury Hourglass"},{"floor":54,"key":"Lantern"}],"event_choices":[{"damage_healed":0,"gold_gain":0,"cards_transformed":["stsjorbsmod:Strike_Wanderer"],"player_choice":"Change","damage_taken":0,"max_hp_gain":0,"max_hp_loss":0,"event_name":"Living Wall","floor":10,"gold_loss":0,"cards_obtained":["stsjorbsmod:DoubleCheck"]},{"damage_healed":0,"gold_gain":0,"player_choice":"Searched \u00271\u0027 times","damage_taken":0,"max_hp_gain":0,"max_hp_loss":0,"event_name":"Dead Adventurer","floor":13,"gold_loss":0},{"damage_healed":0,"gold_gain":75,"player_choice":"Gather Gold","damage_taken":11,"max_hp_gain":0,"max_hp_loss":0,"event_name":"World of Goop","floor":14,"gold_loss":0},{"damage_healed":0,"gold_gain":0,"player_choice":"Joined the Cult","damage_taken":6,"max_hp_gain":0,"max_hp_loss":0,"event_name":"Nest","floor":25,"gold_loss":0,"cards_obtained":["RitualDagger"]},{"damage_healed":0,"gold_gain":0,"player_choice":"Obtain J.A.X.","damage_taken":0,"max_hp_gain":0,"max_hp_loss":0,"event_name":"Drug Dealer","floor":27,"gold_loss":0,"cards_obtained":["J.A.X."]},{"damage_healed":0,"gold_gain":0,"player_choice":"Fought Bandits","damage_taken":0,"max_hp_gain":0,"max_hp_loss":0,"event_name":"Masked Bandits","floor":31,"gold_loss":0},{"damage_healed":0,"gold_gain":0,"player_choice":"Fight","damage_taken":0,"max_hp_gain":0,"max_hp_loss":0,"event_name":"Mysterious Sphere","floor":37,"gold_loss":0},{"damage_healed":0,"gold_gain":100,"player_choice":"Pray","damage_taken":0,"max_hp_gain":0,"max_hp_loss":0,"event_name":"Golden Shrine","floor":39,"gold_loss":0},{"damage_healed":0,"gold_gain":0,"player_choice":"Embrace Madness","damage_taken":9,"max_hp_gain":0,"max_hp_loss":0,"event_name":"Winding Halls","floor":46,"gold_loss":0,"cards_obtained":["Madness","Madness"]}],"is_beta":false,"boss_relics":[{"not_picked":["Velvet Choker","Snecko Eye"],"picked":"Calling Bell"},{"not_picked":["Sozu","Astrolabe"],"picked":"Philosopher\u0027s Stone"}],"items_purged_floors":[2,4,20,22,38,48],"is_endless":false,"potions_floor_spawned":[12,13,16,21,31,33,37,44,47],"killed_by":"The Heart","ascension_level":0}}