{"host":"oigynbtg272c19pw","time":1610578820,"event":{"mods":["BaseMod","Colored Map","Minty Spire (QoL Compilation)","Relic Stats","StSLib"],"gold_per_floor":[117,127,48,48,48,48,77,77,101,173,188,205,205,235,235,307,307,323,339,339,350,100,134,147,147,147,159,159,74,108,134,146,232,244,269,328,357,383,407,445,457,503,515,527,568,592,184,199,199,199,199,199,199,37,65,65],"floor_reached":57,"playtime":3622,"items_purged":["Strike_R","Strike_R"],"score":3129,"play_id":"811cbbde-8d21-463e-a15b-beab9c508d05","local_time":"20210114000020","is_ascension_mode":true,"campfire_choices":[{"data":"Feel No Pain","floor":6.0,"key":"SMITH"},{"data":"Carnage","floor":8.0,"key":"SMITH"},{"data":"Rampage","floor":15.0,"key":"SMITH"},{"data":"Flame Barrier","floor":25.0,"key":"SMITH"},{"data":"Offering","floor":28.0,"key":"SMITH"},{"data":"Shockwave","floor":32.0,"key":"SMITH"},{"data":"Barricade","floor":41.0,"key":"SMITH"},{"data":"Impervious","floor":44.0,"key":"SMITH"},{"floor":49.0,"key":"RECALL"},{"data":"Flame Barrier","floor":53,"key":"SMITH"}],"circlet_count":0,"master_deck":["AscendersBane","Defend_R","Defend_R","Defend_R","Defend_R","Bash","Rampage+1","Feel No Pain+1","Carnage+1","Thunderclap","Spot Weakness","Headbutt","Flame Barrier+1","Offering+1","Entrench+1","Flame Barrier+1","Shrug It Off","Armaments+1","Shockwave+1","True Grit+1","Impervious+1","True Grit+1","Barricade+1","Shrug It Off+1","Limit Break","Body Slam+1","Limit Break","Pummel","Entrench","Dark Embrace"],"relics":["Burning Blood","NeowsBlessing","Meat on the Bone","Self Forming Clay","Du-Vu Doll","Velvet Choker","Anchor","Bronze Scales","Mercury Hourglass","MawBank","Coffee Dripper","Pocketwatch","Bag of Marbles","Ancient Tea Set","PreservedInsect","Strawberry","Oddly Smooth Stone","Toy Ornithopter"],"acts_visited":["Exordium","TheCity","TheBeyond","TheEnding"],"potions_floor_usage":[50,50],"damage_taken":[{"damage":0.0,"enemies":"Small Slimes","floor":1.0,"turns":1.0},{"damage":0.0,"enemies":"Cultist","floor":2.0,"turns":1.0},{"damage":0.0,"enemies":"Gremlin Nob","floor":7.0,"turns":1.0},{"damage":17.0,"enemies":"3 Sentries","floor":10.0,"turns":12.0},{"damage":1.0,"enemies":"2 Louse","floor":11.0,"turns":3.0},{"damage":16.0,"enemies":"Exordium Wildlife","floor":12.0,"turns":4.0},{"damage":25.0,"enemies":"Gremlin Nob","floor":14.0,"turns":4.0},{"damage":8.0,"enemies":"Slime Boss","floor":16.0,"turns":8.0},{"damage":19.0,"enemies":"2 Thieves","floor":18.0,"turns":5.0},{"damage":17.0,"enemies":"3 Byrds","floor":19.0,"turns":3.0},{"damage":19.0,"enemies":"Snake Plant","floor":21.0,"turns":2.0},{"damage":29.0,"enemies":"Book of Stabbing","floor":23.0,"turns":5.0},{"damage":13.0,"enemies":"Centurion and Healer","floor":24.0,"turns":7.0},{"damage":6.0,"enemies":"Sentry and Sphere","floor":27.0,"turns":5.0},{"damage":6.0,"enemies":"Gremlin Leader","floor":30.0,"turns":4.0},{"damage":17.0,"enemies":"Shelled Parasite and Fungi","floor":31.0,"turns":5.0},{"damage":6.0,"enemies":"Collector","floor":33.0,"turns":12.0},{"damage":1.0,"enemies":"3 Shapes","floor":35.0,"turns":5.0},{"damage":28.0,"enemies":"2 Orb Walkers","floor":36.0,"turns":5.0},{"damage":6.0,"enemies":"3 Darklings","floor":37.0,"turns":4.0},{"damage":13.0,"enemies":"Transient","floor":38.0,"turns":6.0},{"damage":56.0,"enemies":"Spire Growth","floor":39.0,"turns":6.0},{"damage":9.0,"enemies":"Reptomancer","floor":40.0,"turns":10.0},{"damage":6.0,"enemies":"Giant Head","floor":42.0,"turns":13.0},{"damage":6.0,"enemies":"Reptomancer","floor":45.0,"turns":9.0},{"damage":13.0,"enemies":"Maw","floor":46.0,"turns":8.0},{"damage":6.0,"enemies":"4 Shapes","floor":48.0,"turns":4.0},{"damage":24,"enemies":"Donu and Deca","floor":50,"turns":11},{"damage":28,"enemies":"Time Eater","floor":51,"turns":8},{"damage":21,"enemies":"Shield and Spear","floor":55,"turns":11},{"damage":92,"enemies":"The Heart","floor":56,"turns":11}],"seed_played":"-649892561211784623","potions_obtained":[{"floor":1.0,"key":"ColorlessPotion"},{"floor":2.0,"key":"SteroidPotion"},{"floor":14.0,"key":"SkillPotion"},{"floor":21.0,"key":"FearPotion"},{"floor":24.0,"key":"DistilledChaos"},{"floor":31.0,"key":"PowerPotion"},{"floor":38.0,"key":"Explosive Potion"},{"floor":39.0,"key":"SkillPotion"},{"floor":40.0,"key":"Explosive Potion"},{"floor":42.0,"key":"Fire Potion"},{"floor":46.0,"key":"DistilledChaos"},{"floor":48.0,"key":"Block Potion"}],"is_trial":false,"path_per_floor":["M","M","$","?","$","R","E","R","T","E","M","M","?","E","R","B",null,"M","M","?","M","$","E","M","R","T","M","R","?","E","M","R","B",null,"M","?","M","M","M","E","R","E","T","R","E","M","$","M","R","B","B",null,"R","$","E","B",null],"character_chosen":"IRONCLAD","items_purchased":["Feel No Pain","Flame Barrier","Regen Potion","Oddly Smooth Stone","Limit Break","Pummel","Entrench","Dark Embrace"],"campfire_rested":0,"item_purchase_floors":[3,22,22,47,47,47,54,54],"current_hp_per_floor":[74,75,75,68,68,68,74,74,74,63,68,58,58,51,51,49,69,56,45,45,44,44,33,53,53,53,53,53,53,53,54,54,54,70,75,53,53,46,28,37,37,49,49,49,56,49,49,49,49,43,33,70,70,70,55,28],"gold":65,"neow_bonus":"THREE_ENEMY_KILL","is_daily":false,"chose_seed":false,"campfire_upgraded":9,"win_rate":0.0,"timestamp":1610578820,"path_taken":["M","M","$","?","$","R","E","R","T","E","M","M","?","E","R","BOSS","M","M","?","M","$","E","M","R","T","M","R","?","E","M","R","BOSS","M","?","M","M","M","E","R","E","T","R","E","M","$","M","R","BOSS","BOSS","R","$","E","BOSS"],"items_purchased_type":["Card","Card","Potion","Relic","Card","Card","Card","Card"],"build_version":"2020-12-13","purchased_purges":2,"victory":true,"max_hp_per_floor":[75,75,75,75,75,75,75,75,75,75,75,75,75,75,75,75,75,75,75,75,75,75,75,75,75,75,75,75,75,75,75,75,75,75,75,75,75,75,75,75,75,75,75,75,82,82,82,82,82,82,82,82,82,82,82,82],"relic_stats":{"counters":[31,193],"Self Forming Clay":[246],"Bronze Scales":[580],"PreservedInsect":137,"MawBank":204,"obtain_stats":[{"NeowsBlessing":0,"Self Forming Clay":10,"Velvet Choker":17,"Oddly Smooth Stone":47,"PreservedInsect":43,"MawBank":30,"Ancient Tea Set":42,"Burning Blood":0,"Mercury Hourglass":29,"Du-Vu Doll":14,"Anchor":23,"Bronze Scales":26,"Strawberry":45,"Coffee Dripper":34,"Bag of Marbles":40,"Toy Ornithopter":55,"Meat on the Bone":7,"Pocketwatch":36},{"NeowsBlessing":0,"Self Forming Clay":4,"Velvet Choker":8,"Oddly Smooth Stone":26,"PreservedInsect":24,"MawBank":15,"Ancient Tea Set":24,"Burning Blood":0,"Mercury Hourglass":14,"Du-Vu Doll":7,"Anchor":12,"Bronze Scales":13,"Strawberry":25,"Coffee Dripper":17,"Bag of Marbles":23,"Toy Ornithopter":30,"Meat on the Bone":3,"Pocketwatch":19},{"NeowsBlessing":0,"Self Forming Clay":15,"Velvet Choker":34,"Oddly Smooth Stone":148,"PreservedInsect":131,"MawBank":65,"Ancient Tea Set":131,"Burning Blood":0,"Mercury Hourglass":61,"Du-Vu Doll":26,"Anchor":49,"Bronze Scales":56,"Strawberry":140,"Coffee Dripper":82,"Bag of Marbles":118,"Toy Ornithopter":182,"Meat on the Bone":3,"Pocketwatch":92}],"Burning Blood":181,"Toy Ornithopter":0,"Meat on the Bone":132,"Mercury Hourglass":[588],"Pocketwatch":[81]},"card_choices":[{"not_picked":["Twin Strike","Metallicize"],"picked":"Rampage","floor":1.0},{"not_picked":["Anger","Warcry","Body Slam"],"picked":"SKIP","floor":2.0},{"not_picked":["Iron Wave","Feel No Pain"],"picked":"Carnage","floor":7.0},{"not_picked":["Searing Blow","Twin Strike"],"picked":"Thunderclap","floor":10.0},{"not_picked":["Rampage","Fire Breathing"],"picked":"Spot Weakness","floor":11.0},{"not_picked":["Perfected Strike","Rupture"],"picked":"Headbutt","floor":12.0},{"not_picked":["True Grit","Disarm"],"picked":"Flame Barrier","floor":14.0},{"not_picked":["Berserk","Limit Break"],"picked":"Offering","floor":16.0},{"not_picked":["Clothesline+1","Blood for Blood+1","Cleave"],"picked":"SKIP","floor":18.0},{"not_picked":["Body Slam","Anger+1","Flex"],"picked":"SKIP","floor":19.0},{"not_picked":["Perfected Strike","Clash"],"picked":"Entrench+1","floor":21.0},{"not_picked":["Perfected Strike+1","Armaments"],"picked":"Shrug It Off","floor":23.0},{"not_picked":["Wild Strike","Dual Wield","Clothesline"],"picked":"SKIP","floor":24.0},{"not_picked":["Hemokinesis+1","Wild Strike"],"picked":"Armaments+1","floor":27.0},{"not_picked":["Exhume","Blood for Blood"],"picked":"Shockwave","floor":30.0},{"not_picked":["Heavy Blade","Uppercut+1"],"picked":"True Grit+1","floor":31.0},{"not_picked":["Immolate","Limit Break"],"picked":"Impervious","floor":33.0},{"not_picked":["Clothesline+1","Heavy Blade","Body Slam"],"picked":"SKIP","floor":35.0},{"not_picked":["Cleave","Perfected Strike"],"picked":"True Grit+1","floor":37.0},{"not_picked":["Ghostly Armor","Headbutt"],"picked":"Barricade","floor":38.0},{"not_picked":["Sword Boomerang+1","Headbutt","Cleave"],"picked":"SKIP","floor":39.0},{"not_picked":["Sword Boomerang","Whirlwind+1"],"picked":"Shrug It Off+1","floor":40.0},{"not_picked":["Infernal Blade+1","Clothesline","Thunderclap+1"],"picked":"SKIP","floor":42.0},{"not_picked":["Sword Boomerang","Anger"],"picked":"Limit Break","floor":45.0},{"not_picked":["Dropkick","Armaments+1"],"picked":"Body Slam+1","floor":46.0},{"not_picked":["Searing Blow","Anger","Power Through"],"picked":"SKIP","floor":48.0},{"not_picked":["Twin Strike+1","Dual Wield","Offering"],"picked":"SKIP","floor":55}],"player_experience":1384709,"relics_obtained":[{"floor":7.0,"key":"Meat on the Bone"},{"floor":10.0,"key":"Self Forming Clay"},{"floor":14.0,"key":"Du-Vu Doll"},{"floor":23.0,"key":"Anchor"},{"floor":26.0,"key":"Bronze Scales"},{"floor":30.0,"key":"MawBank"},{"floor":36.0,"key":"Pocketwatch"},{"floor":40.0,"key":"Bag of Marbles"},{"floor":42.0,"key":"Ancient Tea Set"},{"floor":43.0,"key":"PreservedInsect"},{"floor":45.0,"key":"Strawberry"},{"floor":55,"key":"Toy Ornithopter"}],"event_choices":[{"cards_removed":["Strike_R"],"damage_healed":0.0,"max_hp_gain":0.0,"max_hp_loss":0.0,"gold_gain":0.0,"event_name":"Golden Wing","player_choice":"Card Removal","floor":4.0,"gold_loss":0.0,"damage_taken":7.0},{"cards_removed":["Strike_R"],"damage_healed":0.0,"max_hp_gain":0.0,"max_hp_loss":0.0,"gold_gain":0.0,"event_name":"Bonfire Elementals","player_choice":"Offered Basic","floor":13.0,"gold_loss":0.0,"damage_taken":0.0},{"cards_removed":["Strike_R"],"damage_healed":0.0,"max_hp_gain":0.0,"max_hp_loss":0.0,"gold_gain":0.0,"event_name":"Back to Basics","player_choice":"Elegance","floor":20.0,"gold_loss":0.0,"damage_taken":0.0},{"damage_healed":0.0,"max_hp_gain":0.0,"max_hp_loss":0.0,"gold_gain":0.0,"event_name":"Addict","player_choice":"Obtained Relic","floor":29.0,"gold_loss":85.0,"damage_taken":0.0,"relics_obtained":["Mercury Hourglass"]},{"damage_healed":0.0,"max_hp_gain":0.0,"max_hp_loss":0.0,"gold_gain":0.0,"event_name":"Mysterious Sphere","player_choice":"Fight","floor":36.0,"gold_loss":0.0,"damage_taken":0.0}],"is_beta":false,"boss_relics":[{"not_picked":["Philosopher\u0027s Stone","Calling Bell"],"picked":"Velvet Choker"},{"not_picked":["Empty Cage","Busted Crown"],"picked":"Coffee Dripper"}],"items_purged_floors":[22,47],"is_endless":false,"potions_floor_spawned":[1,2,14,21,23,24,31,38,39,40,42,46,48],"ascension_level":20}}