{"host":"6azrrw3tf7wb0f4b","time":1610524941,"event":{"mods":["BaseMod","DeckTracker","Minty Spire (QoL Compilation)","SuperFastMode"],"gold_per_floor":[214,69,69,69,69,69,69,95,122,134,146,173,210,238,250,357,369,400,352,89,89,99,99,118,129,153,172,172,172,200,10,10,10,10],"floor_reached":33,"language":"KOR","playtime":779,"items_purged":["Strike_B","Zap"],"score":434,"play_id":"ccec4385-cc66-44c7-abdf-1cfd321ca780","local_time":"20210113170221","is_ascension_mode":true,"campfire_choices":[{"data":"Darkness","floor":6,"key":"SMITH"},{"floor":11,"key":"REST"},{"floor":15,"key":"REST"},{"data":"Loop","floor":23,"key":"SMITH"},{"floor":29,"key":"REST"},{"floor":32,"key":"REST"}],"circlet_count":0,"master_deck":["AscendersBane","Strike_B","Strike_B","Defend_B","Defend_B","Dualcast","Tempest","Loop+1","Darkness+1","Stack","Undo","Glacier","Coolheaded","Core Surge+1","Go for the Eyes+1","Turbo","Darkness+1","Chill","Rebound+1","Melter+1","Redo"],"relics":["Cracked Core","Bag of Marbles","Kunai","Molten Egg 2","MawBank","DataDisk","SlaversCollar","Lee\u0027s Waffle","PreservedInsect","Juzu Bracelet","Sling"],"acts_visited":["Exordium","TheCity"],"potions_floor_usage":[13,16,27,30],"damage_taken":[{"damage":0,"enemies":"Small Slimes","floor":1,"turns":3},{"damage":28,"enemies":"Gremlin Nob","floor":8,"turns":4},{"damage":12,"enemies":"2 Louse","floor":12,"turns":3},{"damage":28,"enemies":"3 Sentries","floor":13,"turns":7},{"damage":0,"enemies":"Cultist","floor":14,"turns":3},{"damage":11,"enemies":"Slime Boss","floor":16,"turns":11},{"damage":18,"enemies":"3 Byrds","floor":18,"turns":5},{"damage":23,"enemies":"2 Thieves","floor":19,"turns":4},{"damage":15,"enemies":"Snake Plant","floor":22,"turns":3},{"damage":11,"enemies":"Centurion and Healer","floor":24,"turns":5},{"damage":4,"enemies":"Snecko","floor":25,"turns":7},{"damage":22,"enemies":"3 Cultists","floor":27,"turns":6},{"damage":35,"enemies":"Gremlin Leader","floor":30,"turns":7},{"damage":97,"enemies":"Automaton","floor":33,"turns":12}],"seed_played":"8867007660244930663","potions_obtained":[{"floor":8,"key":"SpeedPotion"},{"floor":13,"key":"DuplicationPotion"},{"floor":22,"key":"Strength Potion"},{"floor":24,"key":"DistilledChaos"},{"floor":25,"key":"Energy Potion"},{"floor":27,"key":"FearPotion"}],"is_trial":false,"path_per_floor":["M","$","?","?","?","R","T","E","T","$","R","M","E","M","R","B",null,"M","M","$","?","M","R","M","M","T","M","?","R","E","$","R","B"],"character_chosen":"DEFECT","items_purchased":["Loop","Turbo","Lee\u0027s Waffle","Sling","Redo"],"campfire_rested":4,"item_purchase_floors":[2,20,20,31,31],"current_hp_per_floor":[68,68,65,58,58,58,58,30,30,30,52,40,12,12,34,23,62,44,21,82,82,67,67,56,52,52,30,30,54,19,19,43,0,0],"gold":10,"neow_bonus":"HUNDRED_GOLD","is_daily":false,"chose_seed":false,"campfire_upgraded":2,"win_rate":0.0,"timestamp":1610524941,"path_taken":["M","$","?","?","?","R","?","E","T","$","R","M","E","M","R","BOSS","M","M","$","?","?","R","M","M","T","M","?","R","E","$","R","BOSS"],"items_purchased_type":["Card","Card","Relic","Relic","Card"],"build_version":"2020-12-22","purchased_purges":2,"victory":false,"max_hp_per_floor":[75,75,75,75,75,75,75,75,75,75,75,75,75,75,75,75,75,75,75,82,82,82,82,82,82,82,82,82,82,82,82,82,82,82],"card_choices":[{"not_picked":["Streamline","Hologram"],"picked":"Tempest","floor":1},{"not_picked":["Steam","Reprogram"],"picked":"Stack","floor":8},{"not_picked":["Sweeping Beam+1","Go for the Eyes+1"],"picked":"Undo","floor":12},{"not_picked":["Aggregate","Scrape+1"],"picked":"Glacier","floor":13},{"not_picked":["Barrage+1","FTL+1"],"picked":"Coolheaded","floor":14},{"not_picked":["Thunder Strike+1","Fission"],"picked":"Core Surge+1","floor":16},{"not_picked":["Beam Cell+1","Ball Lightning+1","Steam Power"],"picked":"SKIP","floor":18},{"not_picked":["Steam","Gash+1"],"picked":"Go for the Eyes+1","floor":19},{"not_picked":["Sweeping Beam+1","Steam"],"picked":"Chill","floor":22},{"not_picked":["Compile Driver+1","Sweeping Beam+1"],"picked":"Rebound+1","floor":24},{"not_picked":["Compile Driver+1","Sunder+1"],"picked":"Melter+1","floor":25},{"not_picked":["Rainbow","Coolheaded","Storm"],"picked":"SKIP","floor":27},{"not_picked":["Meteor Strike+1","Capacitor","Storm"],"picked":"SKIP","floor":30}],"player_experience":699837,"relics_obtained":[{"floor":7,"key":"Kunai"},{"floor":8,"key":"Molten Egg 2"},{"floor":9,"key":"MawBank"},{"floor":13,"key":"DataDisk"},{"floor":26,"key":"PreservedInsect"},{"floor":30,"key":"Juzu Bracelet"}],"event_choices":[{"damage_healed":0,"gold_gain":0,"player_choice":"Success","damage_taken":3,"relics_obtained":["Bag of Marbles"],"max_hp_gain":0,"max_hp_loss":0,"event_name":"Scrap Ooze","floor":3,"gold_loss":0},{"cards_removed":["Defend_B"],"damage_healed":0,"gold_gain":0,"player_choice":"Card Removal","damage_taken":7,"max_hp_gain":0,"max_hp_loss":0,"event_name":"Golden Wing","floor":4,"gold_loss":0},{"damage_healed":0,"gold_gain":0,"cards_transformed":["Defend_B"],"player_choice":"Change","damage_taken":0,"max_hp_gain":0,"max_hp_loss":0,"event_name":"Living Wall","floor":5,"gold_loss":0,"cards_obtained":["Darkness"]},{"damage_healed":0,"gold_gain":0,"player_choice":"Copied","damage_taken":0,"max_hp_gain":0,"max_hp_loss":0,"event_name":"Duplicator","floor":21,"gold_loss":0,"cards_obtained":["Darkness"]},{"cards_removed":["Strike_B"],"damage_healed":0,"gold_gain":0,"player_choice":"Elegance","damage_taken":0,"max_hp_gain":0,"max_hp_loss":0,"event_name":"Back to Basics","floor":28,"gold_loss":0}],"is_beta":false,"boss_relics":[{"not_picked":["Tiny House","FrozenCore"],"picked":"SlaversCollar"}],"items_purged_floors":[2,20],"is_endless":false,"potions_floor_spawned":[8,13,22,24,25,27],"killed_by":"Automaton","ascension_level":12}}