{"host":"zydufobuumzsx0vb","time":1610540979,"event":{"mods":["Act Like it!","BaseMod","Better Note","Colored Map","Gensokyo","Marisa£®ÏF”Í°°ƒß¿Ì…≥£©","Minty Spire (QoL Compilation)","Rare Cards Sparkle","Spicy Shops","StSLib","SuperFastMode"],"gold_per_floor":[117,117,128,1,1,1,30,46,73,85,117,147,159,196,208,299,311,340,352,378,402,18,60,72,84,150,173,209,250,276,508,520,606,618,648,672,698,725,232,232,232,232,232,243,243,259,259,287,287,287,287,287,12,45,45,45],"floor_reached":55,"language":"ZHS","playtime":3205,"items_purged":["Strike_MRS","TreasureHunter","Strike_MRS","Strike_MRS"],"score":1400,"play_id":"78dcea92-95fa-49c5-8c30-a05d78a55a1c","local_time":"20210113202939","is_ascension_mode":true,"campfire_choices":[{"data":"Gensokyo:MarisaTwilightSpark","floor":6.0,"key":"SMITH"},{"data":"OortCloud","floor":10.0,"key":"SMITH"},{"floor":13.0,"key":"REST"},{"floor":15.0,"key":"REST"},{"floor":24.0,"key":"REST"},{"data":"Gensokyo:ManorOfTheDishes","floor":32.0,"key":"SMITH"},{"floor":41.0,"key":"REST"},{"floor":49.0,"key":"RECALL"},{"floor":52.0,"key":"REST"}],"circlet_count":0,"master_deck":["AscendersBane","Strike_MRS","Defend_MRS","Defend_MRS","Defend_MRS","Defend_MRS","MasterSpark+1","UpSweep+1","ChargingUp+1","Gensokyo:MarisaTwilightSpark+1","Acceleration","MilkyWay","MagicAbsorber+1","OortCloud+1","OneTimeOff","PropBag","AsteroidBelt","GalacticHalo+1","MilkyWay+1","SuperPerseids+1","Gensokyo:ManorOfTheDishes+1","PowerUp+1","Parasite","Parasite","ManaConvection+1","UltimateShortwave+1","GasGiant+1","Gensokyo:GreaterSplit","Doubt","Gensokyo:UnhurriedMind+1","Gensokyo:MedicineKit","AsteroidBelt+1"],"relics":["MiniHakkero","NeowsBlessing","Omamori","MawBank","Lizard Tail","Calling Bell","Strawberry","Toxic Egg 2","SproutingBranch","Mercury Hourglass","Blue Candle","Whetstone","Vajra","Unceasing Top","ShroomBag","Fusion Hammer","Frozen Egg 2","Question Card","Bottled Lightning","Ancient Tea Set","War Paint"],"acts_visited":["Gensokyo:Gensokyo","Gensokyo:Gensokyoer","Gensokyo:Gensokyoest","TheEnding"],"potions_floor_usage":[],"damage_taken":[{"damage":0.0,"enemies":"Gensokyo:3_Fairies","floor":1.0,"turns":2.0},{"damage":0.0,"enemies":"Gensokyo:Python","floor":3.0,"turns":1.0},{"damage":0.0,"enemies":"Gensokyo:Mamizou","floor":7.0,"turns":2.0},{"damage":8.0,"enemies":"Gensokyo:2_Kodama","floor":8.0,"turns":2.0},{"damage":6.0,"enemies":"Gensokyo:CorruptedTreant","floor":11.0,"turns":5.0},{"damage":0.0,"enemies":"Gensokyo:3_Kodama","floor":12.0,"turns":3.0},{"damage":39.0,"enemies":"Gensokyo:Aya","floor":14.0,"turns":6.0},{"damage":6.0,"enemies":"Gensokyo:Reimu","floor":16.0,"turns":6.0},{"damage":19.0,"enemies":"Gensokyo:Chomper","floor":18.0,"turns":5.0},{"damage":18.0,"enemies":"Gensokyo:3_Dogs","floor":20.0,"turns":4.0},{"damage":20.0,"enemies":"Gensokyo:Wraith","floor":21.0,"turns":4.0},{"damage":39.0,"enemies":"Gensokyo:Reisen","floor":23.0,"turns":9.0},{"damage":31.0,"enemies":"Gensokyo:3_Gloops","floor":27.0,"turns":4.0},{"damage":34.0,"enemies":"Gensokyo:Tenshi","floor":29.0,"turns":5.0},{"damage":8.0,"enemies":"Gensokyo:Mirror_and_Dog","floor":30.0,"turns":7.0},{"damage":18.0,"enemies":"Gensokyo:Wraith","floor":31.0,"turns":6.0},{"damage":93.0,"enemies":"Gensokyo:Kaguya","floor":33.0,"turns":15.0},{"damage":14.0,"enemies":"Gensokyo:AncientGuardian","floor":35.0,"turns":6.0},{"damage":11.0,"enemies":"Gensokyo:3_Boulders","floor":36.0,"turns":6.0},{"damage":14.0,"enemies":"Gensokyo:SeedOfUnknown","floor":37.0,"turns":5.0},{"damage":35.0,"enemies":"Gensokyo:Rafflesia","floor":38.0,"turns":7.0},{"damage":22.0,"enemies":"","floor":42.0,"turns":7.0},{"damage":5.0,"enemies":"Gensokyo:Dusk_and_Dawn","floor":44.0,"turns":5.0},{"damage":1.0,"enemies":"Gensokyo:AtlasGolem","floor":46.0,"turns":4.0},{"damage":17.0,"enemies":"Gensokyo:Marisa","floor":48.0,"turns":4.0},{"damage":19.0,"enemies":"Gensokyo:Yuyuko","floor":50.0,"turns":5.0},{"damage":89,"enemies":"Shield and Spear","floor":54,"turns":6},{"damage":52,"enemies":"The Heart","floor":55,"turns":3}],"seed_played":"7676448999101138354","potions_obtained":[{"floor":8.0,"key":"DistilledChaos"},{"floor":11.0,"key":"DuplicationPotion"},{"floor":12.0,"key":"BlessingOfTheForge"},{"floor":23.0,"key":"SpeedPotion"},{"floor":27.0,"key":"Weak Potion"},{"floor":29.0,"key":"Swift Potion"},{"floor":30.0,"key":"Strength Potion"},{"floor":36.0,"key":"BottledSpark"},{"floor":44.0,"key":"Weak Potion"}],"is_trial":false,"path_per_floor":["M","?","M","$","?","R","E","M","T","R","M","M","R","E","R","B",null,"M","?","M","M","COS","E","R","?","T","M","T","E","M","M","R","B",null,"M","M","M","M","$","?","R","?","T","M","?","M","?","E","R","B",null,"R","$","E","B"],"character_chosen":"MARISA","items_purchased":["MilkyWay","Frozen Egg 2","Question Card"],"campfire_rested":5,"item_purchase_floors":[4,39,39],"current_hp_per_floor":[63,63,63,63,63,63,63,55,55,55,49,49,70,31,52,46,71,63,63,57,49,49,25,48,48,48,29,29,9,20,21,21,4,54,59,67,59,41,41,41,62,62,62,70,70,70,56,55,55,55,66,70,70,36,0,0],"gold":45,"neow_bonus":"THREE_ENEMY_KILL","is_daily":false,"chose_seed":false,"campfire_upgraded":3,"win_rate":0.0,"timestamp":1610540979,"path_taken":["M","?","M","$","?","R","E","M","T","R","?","?","R","E","R","BOSS","M","?","M","?","COS","E","R","?","T","M","?","E","M","M","R","BOSS","M","M","?","M","$","?","R","?","T","M","?","M","?","E","R","BOSS","R","$","E","BOSS"],"items_purchased_type":["Card","Relic","Relic"],"build_version":"2020-12-22","purchased_purges":4,"victory":false,"max_hp_per_floor":[70,70,70,70,70,70,70,70,70,70,70,70,70,70,70,70,77,77,77,77,77,77,77,77,70,70,70,70,70,70,70,70,70,70,70,70,70,70,70,70,70,70,70,70,70,70,70,70,70,70,70,70,70,70,70,70],"card_choices":[{"not_picked":["DC","SprinkleStarSeal"],"picked":"ChargingUp","floor":1.0},{"not_picked":["UnstableBomb","DarkMatter"],"picked":"Acceleration","floor":3.0},{"not_picked":["ShootingEcho","Occultation"],"picked":"MagicAbsorber","floor":7.0},{"not_picked":["WitchLeyline","AlicesGift"],"picked":"OortCloud","floor":8.0},{"not_picked":["IllusionStar","EventHorizon"],"picked":"OneTimeOff","floor":11.0},{"not_picked":["AsteroidBelt","6A"],"picked":"PropBag","floor":12.0},{"not_picked":["WitchLeyline","BlazingStar"],"picked":"AsteroidBelt","floor":14.0},{"not_picked":["MillisecondPulsars","AbsoluteMagnitude"],"picked":"TreasureHunter","floor":16.0},{"not_picked":["LuminesStrike","GravityBeat"],"picked":"GalacticHalo+1","floor":18.0},{"not_picked":["NonDirectionalLaser","6A+1"],"picked":"MilkyWay+1","floor":20.0},{"not_picked":["DC","Acceleration+1"],"picked":"SuperPerseids+1","floor":21.0},{"not_picked":["DeepEcoloBomb","EventHorizon","FairyDestructionRay"],"picked":"SKIP","floor":23.0},{"not_picked":["SuperPerseids+1","UnstableBomb"],"picked":"PowerUp+1","floor":27.0},{"not_picked":["WitchOfGreed+1","DoubleSpark","OrrerysSun"],"picked":"SKIP","floor":29.0},{"not_picked":["MysteriousBeam","WitchLeyline+1","GravityBeat"],"picked":"SKIP","floor":30.0},{"not_picked":["ShootingEcho","Singularity"],"picked":"ManaConvection+1","floor":31.0},{"not_picked":["EscapeVelocity","JA"],"picked":"UltimateShortwave+1","floor":33.0},{"not_picked":["DragonMeteor","ManaConvection+1","DC+1"],"picked":"SKIP","floor":35.0},{"not_picked":["NonDirectionalLaser","DarkSpark","6A"],"picked":"SKIP","floor":36.0},{"not_picked":["Occultation+1","WitchLeyline"],"picked":"GasGiant+1","floor":37.0},{"not_picked":["DoubleSpark+1","TreasureHunter","MysteriousBeam"],"picked":"SKIP","floor":38.0},{"not_picked":["Gensokyo:RisingWorld","Gensokyo:MorningStar"],"picked":"Gensokyo:UnhurriedMind","floor":42.0},{"not_picked":["ChargeUpSpray","GravityBeat+1","OrrerysSun+1","ShootTheMoon+1"],"picked":"SKIP","floor":44.0},{"not_picked":["RefractionSpark","GravityBeat","MeteoricShower","WitchLeyline+1"],"picked":"SKIP","floor":46.0},{"not_picked":["DoubleSpark","EnergyFlow+1","ChargingUp+1","GalacticHalo+1"],"picked":"SKIP","floor":48.0},{"not_picked":["ShootTheMoon","SatelliteIllusion+1","ManaConvection+1"],"picked":"AsteroidBelt+1","floor":54}],"player_experience":167921,"relics_obtained":[{"floor":7.0,"key":"Omamori"},{"floor":9.0,"key":"MawBank"},{"floor":14.0,"key":"Lizard Tail"},{"floor":17.0,"key":"Strawberry"},{"floor":17.0,"key":"Toxic Egg 2"},{"floor":17.0,"key":"SproutingBranch"},{"floor":23.0,"key":"Mercury Hourglass"},{"floor":28.0,"key":"Whetstone"},{"floor":29.0,"key":"ShroomBag"},{"floor":43.0,"key":"Bottled Lightning"},{"floor":48.0,"key":"Ancient Tea Set"},{"floor":54,"key":"War Paint"}],"event_choices":[],"is_beta":false,"boss_relics":[{"not_picked":["Busted Crown","Runic Dome"],"picked":"Calling Bell"},{"not_picked":["Coffee Dripper","RampagingMagicTools"],"picked":"Fusion Hammer"}],"items_purged_floors":[4,39,53,53],"is_endless":false,"potions_floor_spawned":[8,11,12,23,27,29,30,36,44],"killed_by":"The Heart","ascension_level":19}}