{"host":"u7lm8z2rvb4dg2oo","time":1610516424,"event":{"mods":["AchievementEnabler","BaseMod","Bestiary","Block Reminder","Colored Map","Colored Powertips","Curses Come First","DeckTracker","Googly Eyes","Highlight Path","Minty Spire (QoL Compilation)","Quick Restart","StSLib"],"gold_per_floor":[116,136,152,152,3,3,38,38,38,38,38,57,88,118,118,237,237,253,221,240,39,53,53,53,92,119,138,162,162,181,206,206,206,206],"floor_reached":33,"language":"ENG","playtime":2645,"items_purged":["Strike_G"],"score":395,"play_id":"1038ac13-82be-476f-ba42-6e2c16421fcf","local_time":"20210113004024","is_ascension_mode":true,"campfire_choices":[{"data":"Finisher","floor":6.0,"key":"SMITH"},{"floor":8.0,"key":"REST"},{"data":"Infinite Blades","floor":10.0,"key":"SMITH"},{"data":"Blur","floor":15.0,"key":"SMITH"},{"floor":23.0,"key":"REST"},{"floor":29.0,"key":"REST"},{"floor":32.0,"key":"REST"}],"circlet_count":0,"master_deck":["Strike_G","Strike_G","Defend_G","Defend_G","Defend_G","Defend_G","Defend_G","Survivor","Neutralize","Infinite Blades+1","Finisher+1","Backstab","Blur+1","Wraith Form v2","Footwork","Caltrops","Bullet Time","Night Terror","Quick Slash+1","Backstab+1"],"relics":["Ring of the Snake","Bag of Marbles","Darkstone Periapt","PreservedInsect","Incense Burner","Centennial Puzzle","Golden Idol","CaptainsWheel","Odd Mushroom","Empty Cage","MealTicket","CeramicFish"],"acts_visited":["Exordium","TheCity"],"potions_floor_usage":[33,33,33],"damage_taken":[{"damage":1.0,"enemies":"Jaw Worm","floor":1.0,"turns":4.0},{"damage":0.0,"enemies":"Small Slimes","floor":2.0,"turns":3.0},{"damage":1.0,"enemies":"2 Louse","floor":3.0,"turns":3.0},{"damage":2.0,"enemies":"3 Sentries","floor":7.0,"turns":5.0},{"damage":0.0,"enemies":"Looter","floor":12.0,"turns":1.0},{"damage":0.0,"enemies":"Gremlin Nob","floor":13.0,"turns":2.0},{"damage":1.0,"enemies":"The Mushroom Lair","floor":14.0,"turns":7.0},{"damage":18.0,"enemies":"The Guardian","floor":16.0,"turns":14.0},{"damage":7.0,"enemies":"3 Byrds","floor":18.0,"turns":6.0},{"damage":24.0,"enemies":"2 Thieves","floor":19.0,"turns":5.0},{"damage":8.0,"enemies":"Snake Plant","floor":20.0,"turns":5.0},{"damage":9.0,"enemies":"Centurion and Healer","floor":22.0,"turns":11.0},{"damage":0.0,"enemies":"Slavers","floor":25.0,"turns":6.0},{"damage":26.0,"enemies":"3 Cultists","floor":27.0,"turns":7.0},{"damage":0.0,"enemies":"Snecko","floor":28.0,"turns":4.0},{"damage":4.0,"enemies":"Cultist and Chosen","floor":30.0,"turns":4.0},{"damage":19.0,"enemies":"Snake Plant","floor":31.0,"turns":2.0},{"damage":48,"enemies":"Collector","floor":33,"turns":14}],"seed_played":"7559756499119863023","potions_obtained":[{"floor":3.0,"key":"SteroidPotion"},{"floor":7.0,"key":"Poison Potion"},{"floor":13.0,"key":"LiquidBronze"},{"floor":14.0,"key":"Strength Potion"},{"floor":19.0,"key":"Poison Potion"},{"floor":22.0,"key":"Ancient Potion"},{"floor":27.0,"key":"Ancient Potion"}],"is_trial":false,"path_per_floor":["M","M","M","?","$","R","E","R","T","R","?","M","E","?","R","B",null,"M","M","M","$","M","R","?","E","T","M","M","R","M","M","R","B"],"character_chosen":"THE_SILENT","items_purchased":["PreservedInsect","Caltrops","Fire Potion"],"campfire_rested":4,"item_purchase_floors":[5,21,21],"current_hp_per_floor":[69,69,68,43,43,43,41,62,62,62,68,68,68,67,67,49,76,69,45,37,37,28,50,50,50,50,24,24,46,42,23,45,0,0],"gold":206,"neow_bonus":"RANDOM_COMMON_RELIC","is_daily":false,"chose_seed":false,"campfire_upgraded":3,"win_rate":0.0,"timestamp":1610516424,"path_taken":["M","M","M","?","$","R","E","R","T","R","?","M","E","?","R","BOSS","M","M","M","$","M","R","?","E","T","M","M","R","M","M","R","BOSS"],"items_purchased_type":["Relic","Card","Potion"],"build_version":"2020-12-22","purchased_purges":1,"victory":false,"max_hp_per_floor":[70,70,70,70,70,70,70,70,70,70,76,76,76,76,76,76,76,76,76,76,76,76,76,76,76,76,76,76,76,76,76,76,76,76],"card_choices":[{"not_picked":["Flying Knee","Backflip"],"picked":"Infinite Blades","floor":1.0},{"not_picked":["Underhanded Strike","Bane"],"picked":"Finisher","floor":2.0},{"not_picked":["Predator","Skewer"],"picked":"Backstab","floor":3.0},{"not_picked":["Acrobatics","Dodge and Roll","Dagger Spray"],"picked":"SKIP","floor":7.0},{"not_picked":["Sucker Punch","Riddle With Holes"],"picked":"Blur","floor":12.0},{"not_picked":["Bane","Poisoned Stab","Catalyst"],"picked":"SKIP","floor":13.0},{"not_picked":["Night Terror","Tools of the Trade"],"picked":"Wraith Form v2","floor":16.0},{"not_picked":["Flying Knee","Dagger Spray","Outmaneuver"],"picked":"SKIP","floor":18.0},{"not_picked":["Slice","Sucker Punch"],"picked":"Footwork","floor":19.0},{"not_picked":["Flying Knee","Deadly Poison+1","Deflect"],"picked":"SKIP","floor":20.0},{"not_picked":["Slice+1","Quick Slash+1"],"picked":"Bullet Time","floor":22.0},{"not_picked":["Infinite Blades","Heel Hook"],"picked":"Quick Slash+1","floor":25.0},{"not_picked":["All Out Attack","Flying Knee","Outmaneuver"],"picked":"SKIP","floor":27.0},{"not_picked":["Deadly Poison","Expertise+1"],"picked":"Backstab+1","floor":28.0},{"not_picked":["Prepared","Distraction","Dodge and Roll"],"picked":"SKIP","floor":30.0},{"not_picked":["Flying Knee","Acrobatics","Bullet Time"],"picked":"SKIP","floor":31.0}],"player_experience":968922,"relics_obtained":[{"floor":7.0,"key":"Incense Burner"},{"floor":9.0,"key":"Centennial Puzzle"},{"floor":13.0,"key":"CaptainsWheel"},{"floor":14.0,"key":"Odd Mushroom"},{"floor":25.0,"key":"MealTicket"},{"floor":26.0,"key":"CeramicFish"}],"event_choices":[{"damage_healed":0.0,"max_hp_gain":0.0,"max_hp_loss":0.0,"gold_gain":0.0,"event_name":"Scrap Ooze","player_choice":"Success","floor":4.0,"gold_loss":0.0,"damage_taken":25.0,"relics_obtained":["Darkstone Periapt"]},{"damage_healed":0.0,"max_hp_gain":0.0,"max_hp_loss":0.0,"gold_gain":0.0,"event_name":"Golden Idol","player_choice":"Take Wound","floor":11.0,"gold_loss":0.0,"damage_taken":0.0,"relics_obtained":["Golden Idol"],"cards_obtained":["Injury"]},{"damage_healed":0.0,"max_hp_gain":0.0,"max_hp_loss":0.0,"gold_gain":0.0,"event_name":"Mushrooms","player_choice":"Fought Mushrooms","floor":14.0,"gold_loss":0.0,"damage_taken":0.0},{"damage_healed":0.0,"max_hp_gain":0.0,"max_hp_loss":0.0,"gold_gain":0.0,"cards_transformed":["Strike_G"],"event_name":"Transmorgrifier","player_choice":"Transformed","floor":24.0,"gold_loss":0.0,"damage_taken":0.0,"cards_obtained":["Night Terror"]}],"is_beta":false,"boss_relics":[{"not_picked":["SlaversCollar","Tiny House"],"picked":"Empty Cage"}],"items_purged_floors":[21],"is_endless":false,"potions_floor_spawned":[3,7,13,14,19,22,27,28],"killed_by":"Collector","ascension_level":4}}