{"host":"l8lm1goh5xm9tkuw","time":1610530591,"event":{"mods":["Act Like it!","Alarm Clock","Astrologer","BaseMod","Colored Map","Colored Powertips","Hermit","KomeijiMod","Library of Ruina","Library of Ruina Extra","Lobotomy","LobotomyExtend","Marisa£®ÏF”Í°°ƒß¿Ì…≥£©","Minty Spire (QoL Compilation)","MostiFishMod","Quick Restart","Replay The Spire","StSLib","TestMod","The Animator","The Bug Knight","The Hierophant","UnlockEverythingMod","[IsaacMod]“‘»ˆº‚À˛","vexMod","°æ“≈ŒÔø®≈∆°øREMEMod"],"gold_per_floor":[116,133,133,144,158,187,261,261,261],"floor_reached":8,"language":"ZHS","playtime":249,"items_purged":[],"score":116,"play_id":"241dfa26-5838-4216-94d3-e40ad71f9779","local_time":"20210113173631","is_ascension_mode":true,"campfire_choices":[],"circlet_count":0,"master_deck":["AscendersBane","Dodge","EnergyCycle","RapidGashes","DarkCloud","RipSpace","QuickSuppression","AbsorbImpact","HighKick","ReadyUp","Clone","GrazeTheGrass","UncannyStrike","RhinoRam"],"relics":["PageOfLibrarian","DaveBox","testmod-TestBox","REME_ComplimentaryCards","HushsDoor","DoctorsRemote","testmod-IntensifyImprint","Pandora\u0027s Box","SynthV:TestCard","LetterFromLob","Orichalcum"],"acts_visited":["Exordium"],"potions_floor_usage":[],"damage_taken":[{"damage":10.0,"enemies":"Small Slimes","floor":1.0,"turns":3.0},{"damage":6.0,"enemies":"Cultist","floor":2.0,"turns":3.0},{"damage":0.0,"enemies":"2 Louse","floor":4.0,"turns":2.0},{"damage":11.0,"enemies":"Looter","floor":5.0,"turns":2.0},{"damage":20.0,"enemies":"3 Sentries","floor":6.0,"turns":3.0},{"damage":11,"enemies":"Lagavulin","floor":8,"turns":3}],"seed_played":"-1471165644444586096","potions_obtained":[{"floor":4.0,"key":"SpeedPotion"}],"is_trial":false,"path_per_floor":["M","M","?","M","M","E","?","E"],"character_chosen":"Librarian","items_purchased":[],"campfire_rested":0,"item_purchase_floors":[],"current_hp_per_floor":[43,37,37,37,26,6,6,0,0],"gold":261,"neow_bonus":"TRANSFORM_CARD","is_daily":false,"chose_seed":false,"campfire_upgraded":0,"win_rate":0.0,"timestamp":1610530591,"path_taken":["M","M","?","M","M","E","?","E"],"items_purchased_type":[],"build_version":"2020-12-22","purchased_purges":0,"victory":false,"max_hp_per_floor":[59,59,59,70,77,74,74,74,74],"card_choices":[{"not_picked":["MultiBlock","AGoldenOpportunity"],"picked":"Clone","floor":1.0},{"not_picked":["YourShield","SinglePointStab","StrongStrike","UnforgettableMelody"],"picked":"GrazeTheGrass","floor":2.0},{"not_picked":["MultiBlock","GrazeTheGrass","FieryWaltz","MultiHit","DarkCloud"],"picked":"SKIP","floor":4.0},{"not_picked":["Parry","GrazeTheGrass","Quickness","BladeWhirl"],"picked":"RhinoRam","floor":5.0},{"not_picked":["Pound","Quickness","UnforgettableMelody","QuickAttack","Rewind"],"picked":"SKIP","floor":6.0}],"player_experience":357839,"relics_obtained":[{"floor":1.0,"key":"SynthV:TestCard"},{"floor":1.0,"key":"LetterFromLob"},{"floor":6.0,"key":"Orichalcum"}],"event_choices":[{"damage_healed":0.0,"max_hp_gain":0.0,"max_hp_loss":0.0,"gold_gain":0.0,"cards_transformed":["ReadyUp"],"event_name":"Transmorgrifier","player_choice":"Transformed","floor":3.0,"gold_loss":0.0,"damage_taken":0.0,"cards_obtained":["UncannyStrike"]},{"damage_healed":0.0,"max_hp_gain":0.0,"max_hp_loss":0.0,"gold_gain":74.0,"event_name":"Golden Wing","player_choice":"Gained Gold","floor":7.0,"gold_loss":0.0,"damage_taken":0.0}],"is_beta":false,"boss_relics":[],"items_purged_floors":[],"is_endless":false,"potions_floor_spawned":[4],"killed_by":"Lagavulin","ascension_level":20}}