{"host":"hxqmxu97ax4h93y4","time":1610498535,"event":{"mods":["BaseMod","Downfall","Hermit","Marisa????????","Minty Spire (QoL Compilation)","Random Character Button","StSLib","The Cursed","The Necromancer","The Runesmith"],"gold_per_floor":[18,29,40,56,231,231,259,259,327,341,351,371,371,389,389,489,489,508,526,451,188,201,201,235,250,273,273,305,305,305,336,336,440,440,460,273,273,291,301,332,344,375,387,399,428,119,119,148,148,148],"floor_reached":51,"language":"ENG","playtime":3488,"items_purged":["Strike_W","Strike_W","Defend_W"],"score":774,"play_id":"623be375-d087-4883-872a-4ebba2233541","local_time":"20210112164215","is_ascension_mode":false,"campfire_choices":[{"data":"expansioncontent:DashGenerateEvil","floor":6,"key":"SMITH"},{"data":"Blood_Wake","floor":13,"key":"SMITH"},{"data":"Vampiric_Strike","floor":15,"key":"SMITH"},{"data":"Skeleton_Dragon","floor":23,"key":"SMITH"},{"data":"Summon_Undead_Army","floor":29,"key":"SMITH"},{"floor":32,"key":"REST"},{"data":"Finger_Of_Death","floor":41,"key":"SMITH"},{"data":"Acid_Javelin","floor":44,"key":"SMITH"},{"data":"Spectral_Armor","floor":47,"key":"SMITH"},{"floor":49,"key":"REST"}],"circlet_count":0,"master_deck":["Strike_W","Strike_W","Defend_W","Defend_W","Defend_W","Negative_Energy_Arrows","Bone_Wall","expansioncontent:DashGenerateEvil+1","Bone_Bullets","Shackles_Of_Pain","Bones_to_Steel","Bone_Armor","Spectral_Armor+1","Vampiric_Strike+1","Siphon_Strength+1","Blood_Wake+1","Finger_Of_Death+1","Skeleton_Dragon+1","Shackles_Of_Pain+1","Finger_Of_Death","Summon_Undead_Army+1","Stop_Heart+1","Chill_Blood+1","Vampiric_Strike+1","Acid_Javelin+1","Spectral_Walk+1","Summon_Death_Knight","Summon_Undead+1","Impatience+1","Bone_Armory","Bone_Armor+1","Negative_Energy_Sphere+1","Life_Drain+1","Consume_Illness+1","expansioncontent:Corrupt+1","Spectral_Walk+1"],"relics":["Vampire_Amulet","Gambling Chip","Toxic Egg 2","Snecko Eye","Lantern","Regal Pillow","MealTicket","Red Mask","Bird Faced Urn","Pantograph","Black Star","MawBank","Bottled Lightning","Mercury Hourglass","Vajra","StoneCalendar"],"acts_visited":["Exordium","TheCity","TheBeyond"],"potions_floor_usage":[16,16,19,19,28,31,31,40,40,40,40,48,48,50],"damage_taken":[{"damage":0.0,"enemies":"2 Louse","floor":1.0,"turns":2.0},{"damage":0.0,"enemies":"Jaw Worm","floor":2.0,"turns":4.0},{"damage":0.0,"enemies":"Cultist","floor":3.0,"turns":3.0},{"damage":6,"enemies":"Looter","floor":4,"turns":3},{"damage":27,"enemies":"Gremlin Nob","floor":7,"turns":4},{"damage":2,"enemies":"Exordium Wildlife","floor":10,"turns":8},{"damage":8,"enemies":"Large Slime","floor":11,"turns":8},{"damage":0,"enemies":"2 Fungi Beasts","floor":12,"turns":2},{"damage":3,"enemies":"Gremlin Gang","floor":14,"turns":3},{"damage":41,"enemies":"Slime Boss","floor":16,"turns":10},{"damage":7,"enemies":"2 Thieves","floor":18,"turns":3},{"damage":3,"enemies":"Shell Parasite","floor":19,"turns":2},{"damage":13,"enemies":"Cultist and Chosen","floor":22,"turns":3},{"damage":5,"enemies":"Slavers","floor":24,"turns":3},{"damage":20,"enemies":"Shelled Parasite and Fungi","floor":25,"turns":3},{"damage":5,"enemies":"Masked Bandits","floor":28,"turns":3},{"damage":53,"enemies":"Book of Stabbing","floor":31,"turns":5},{"damage":18,"enemies":"Collector","floor":33,"turns":5},{"damage":10,"enemies":"3 Shapes","floor":35,"turns":3},{"damage":5,"enemies":"Orb Walker","floor":38,"turns":3},{"damage":9,"enemies":"4 Shapes","floor":39,"turns":2},{"damage":30,"enemies":"Reptomancer","floor":40,"turns":5},{"damage":0,"enemies":"Transient","floor":42,"turns":5},{"damage":6,"enemies":"3 Darklings","floor":45,"turns":3},{"damage":50,"enemies":"Nemesis","floor":48,"turns":6},{"damage":60,"enemies":"Time Eater","floor":50,"turns":11}],"seed_played":"-6274530710236107854","potions_obtained":[{"floor":2.0,"key":"FearPotion"},{"floor":4,"key":"PowerPotion"},{"floor":12,"key":"AttackPotion"},{"floor":14,"key":"Swift Potion"},{"floor":16,"key":"GamblersBrew"},{"floor":19,"key":"DistilledChaos"},{"floor":24,"key":"Fire Potion"},{"floor":25,"key":"hexamod:EctoCoolerPotion"},{"floor":33,"key":"CultistPotion"},{"floor":38,"key":"EntropicBrew"},{"floor":39,"key":"hexamod:EctoCoolerPotion"},{"floor":45,"key":"Explosive Potion"}],"is_trial":false,"path_per_floor":["M","M","M","M","?","R","E","?","T","M","M","M","R","M","R","B",null,"M","M","?","$","M","R","E","M","T","?","?","R","T","E","R","B",null,"M","$","?","M","M","E","R","M","T","R","M","$","R","E","R","B",null],"character_chosen":"NECROMANCER","items_purchased":["Summon_Undead_Army","Lantern","Impatience+1","expansioncontent:Corrupt+1"],"campfire_rested":2,"item_purchase_floors":[21,21,36,46],"current_hp_per_floor":[75,75,75,71,71,71,46,51,51,53,51,55,55,60,60,32,80,77,76,76,76,70,70,71,55,55,55,56,56,56,7,46,67,80,76,80,80,77,79,71,71,80,80,80,80,80,80,46,80,30],"gold":148,"neow_bonus":"RANDOM_COLORLESS_2","is_daily":false,"chose_seed":false,"campfire_upgraded":8,"win_rate":0.0,"timestamp":1610498535,"path_taken":["M","M","M","M","?","R","E","?","T","M","M","M","R","M","R","BOSS","M","M","?","$","M","R","E","M","T","?","?","R","?","E","R","BOSS","M","$","?","?","M","E","R","M","T","R","M","$","R","E","R","BOSS"],"items_purchased_type":["Card","Relic","Card","Card"],"build_version":"2020-12-22","purchased_purges":3,"victory":true,"max_hp_per_floor":[75,75,75,75,75,75,75,80,80,80,80,80,80,80,80,80,80,80,80,80,80,80,80,80,80,80,80,80,80,80,80,80,80,80,80,80,80,80,80,80,80,80,80,80,80,80,80,80,80,80],"card_choices":[{"not_picked":["Apotheosis","Secret Technique"],"picked":"expansioncontent:DashGenerateEvil","floor":0.0},{"not_picked":["Strike_from_Beyond","Negative_Energy_Mist"],"picked":"Bone_Bullets","floor":1.0},{"not_picked":["Blood_Whip","Epidemic"],"picked":"Shackles_Of_Pain","floor":2.0},{"not_picked":["Necromantic_Selection","Corrupt"],"picked":"Bones_to_Steel","floor":3.0},{"not_picked":["Negative_Energy_Sphere","Negative_Energy_Javelin"],"picked":"Bone_Armor","floor":4},{"not_picked":["Shackles_Of_Pain","Bones_to_Steel"],"picked":"Spectral_Armor","floor":7},{"not_picked":["Violent_Necrosis+1","Toxic_Smoke_Screen+1"],"picked":"Vampiric_Strike","floor":10},{"not_picked":["Acid_Javelin","Bones_to_Steel+1"],"picked":"Siphon_Strength+1","floor":11},{"not_picked":["Blood_Whip","Strike_from_Beyond"],"picked":"Blood_Wake","floor":12},{"not_picked":["Negative_Energy_Burst","Blood_Curse"],"picked":"Finger_Of_Death","floor":14},{"not_picked":["Requiem","Detonate_Bones"],"picked":"Skeleton_Dragon","floor":16},{"not_picked":["Violent_Necrosis+1","Bones_to_Steel+1"],"picked":"Shackles_Of_Pain+1","floor":18},{"not_picked":["Slay_Living","Deaths_Shadow"],"picked":"Finger_Of_Death","floor":19},{"not_picked":["Corrupt+1","Death_Coil"],"picked":"Stop_Heart+1","floor":22},{"not_picked":["Necromantic_Selection+1","Death_Coil"],"picked":"Chill_Blood+1","floor":24},{"not_picked":["Blood_Curse","Consume_Illness+1"],"picked":"Vampiric_Strike+1","floor":25},{"not_picked":["Bones_to_Steel+1","Blood_Curse"],"picked":"Acid_Javelin","floor":28},{"not_picked":["Negative_Energy_Javelin","Toxic_Smoke_Screen+1"],"picked":"Spectral_Walk+1","floor":31},{"not_picked":["Detonate_Bones","Grasp_Heart"],"picked":"Summon_Death_Knight","floor":33},{"not_picked":["Negative_Energy_Mist+1","Blood_Whip+1"],"picked":"Summon_Undead+1","floor":35},{"not_picked":["Blood_Whip+1","Consume_Illness+1"],"picked":"Bone_Armory","floor":38},{"not_picked":["Thousand_Bone_Knives+1","Slay_Living"],"picked":"Bone_Armor+1","floor":39},{"not_picked":["Summon_Undead_Army","Siphon_Strength+1"],"picked":"Negative_Energy_Sphere+1","floor":40},{"not_picked":["Finger_Of_Death","Blood_Shield+1"],"picked":"Life_Drain+1","floor":42},{"not_picked":["Negative_Energy_Mist+1","Death_Coil+1"],"picked":"Consume_Illness+1","floor":45},{"not_picked":["Necromantic_Selection+1","Uncharnel+1"],"picked":"Spectral_Walk+1","floor":48}],"player_experience":49068,"relics_obtained":[{"floor":7,"key":"Gambling Chip"},{"floor":9,"key":"Toxic Egg 2"},{"floor":24,"key":"Regal Pillow"},{"floor":26,"key":"MealTicket"},{"floor":28,"key":"Red Mask"},{"floor":30,"key":"Bird Faced Urn"},{"floor":31,"key":"Pantograph"},{"floor":40,"key":"MawBank"},{"floor":40,"key":"Bottled Lightning"},{"floor":43,"key":"Mercury Hourglass"},{"floor":48,"key":"Vajra"},{"floor":48,"key":"StoneCalendar"}],"event_choices":[{"damage_healed":0,"gold_gain":175,"player_choice":"AGREE","damage_taken":0,"max_hp_gain":0,"max_hp_loss":0,"event_name":"Liars Game","floor":5,"gold_loss":0,"cards_obtained":["Doubt"]},{"damage_healed":0,"gold_gain":0,"player_choice":"Donut","damage_taken":0,"max_hp_gain":5,"max_hp_loss":0,"event_name":"Big Fish","floor":8,"gold_loss":0},{"cards_removed":["Doubt"],"damage_healed":0,"gold_gain":0,"player_choice":"Gave Gold","damage_taken":0,"max_hp_gain":0,"max_hp_loss":0,"event_name":"Beggar","floor":20,"gold_loss":75},{"damage_healed":0,"gold_gain":0,"player_choice":"Fought Bandits","damage_taken":0,"max_hp_gain":0,"max_hp_loss":0,"event_name":"Masked Bandits","floor":28,"gold_loss":0},{"damage_healed":0,"gold_gain":0,"player_choice":"Ignored","damage_taken":0,"max_hp_gain":0,"max_hp_loss":0,"event_name":"NoteForYourself","floor":37,"gold_loss":0}],"is_beta":false,"boss_relics":[{"not_picked":["Runic Pyramid","Busted Crown"],"picked":"Snecko Eye"},{"not_picked":["Sozu","Velvet Choker"],"picked":"Black Star"}],"items_purged_floors":[21,36,46],"is_endless":false,"potions_floor_spawned":[2,4,12,14,16,19,24,25,33,38,39,45],"ascension_level":0}}