{"host":"ishme5wb80o83upk","time":1610541503,"event":{"mods":["BaseMod","HololiveMod","Minty Spire (QoL Compilation)","StSLib"],"gold_per_floor":[86,161,86,96,115,144,144,178,178,206,231,231,260,260,260,262,262],"floor_reached":16,"language":"KOR","playtime":550,"items_purged":["Injury"],"score":274,"play_id":"fbbf4d0a-a59f-44c8-8fd9-44b3a03d07c0","local_time":"20210113213823","is_ascension_mode":true,"campfire_choices":[{"data":"Hololive_FlareMind","floor":12,"key":"SMITH"},{"data":"Hololive_Recruit","floor":15,"key":"SMITH"}],"circlet_count":0,"master_deck":["Hololive_Strike","Hololive_Strike","Hololive_Defend","Hololive_Defend","Hololive_Sequa","Hololive_CallAkaiHaato","Hololive_CallSpadeEcho","Hololive_CallYuzukiChoco","Hololive_CallRoboco","Metamorphosis","Hololive_SoulCatcher","Hololive_CallHoshimachiSuisei","Hololive_CallShirakamiFubuki","Hololive_CallMomosuzuNene+3","Hololive_FlareMind+1","Hololive_Recruit+1"],"relics":["Hololive_TheStar","Blue Candle","The Courier","Gremlin Horn","Strawberry","Gambling Chip","Happy Flower"],"acts_visited":["Exordium"],"potions_floor_usage":[8,10],"damage_taken":[{"damage":0,"enemies":"Small Slimes","floor":1,"turns":3},{"damage":0,"enemies":"2 Louse","floor":4,"turns":2},{"damage":0,"enemies":"Cultist","floor":5,"turns":3},{"damage":11,"enemies":"Gremlin Nob","floor":6,"turns":4},{"damage":0,"enemies":"Lagavulin","floor":8,"turns":5},{"damage":0,"enemies":"3 Sentries","floor":10,"turns":5},{"damage":2,"enemies":"Large Slime","floor":11,"turns":6},{"damage":0,"enemies":"Gremlin Nob","floor":13,"turns":3},{"damage":12,"enemies":"The Guardian","floor":16,"turns":2}],"seed_played":"-1087256836538100537","potions_obtained":[{"floor":1,"key":"SkillPotion"},{"floor":5,"key":"Strength Potion"},{"floor":8,"key":"Dexterity Potion"},{"floor":10,"key":"BlessingOfTheForge"},{"floor":11,"key":"ColorlessPotion"}],"is_trial":false,"path_per_floor":["M","?","$","M","M","E","?","E","T","E","M","R","E","?","R","B"],"character_chosen":"Hololive_HololiveCharacter","items_purchased":[],"campfire_rested":0,"item_purchase_floors":[],"current_hp_per_floor":[32,21,21,21,21,10,3,3,3,10,8,8,8,8,8,0,0],"gold":262,"neow_bonus":"RANDOM_COLORLESS_2","is_daily":false,"chose_seed":false,"campfire_upgraded":2,"win_rate":0.0,"timestamp":1610541503,"path_taken":["M","?","$","M","M","E","?","E","T","E","M","R","E","?","R","BOSS"],"items_purchased_type":[],"build_version":"2020-12-22","purchased_purges":1,"victory":false,"max_hp_per_floor":[35,35,35,35,35,35,35,35,35,42,42,42,42,42,42,42,42],"card_choices":[{"not_picked":["Thinking Ahead","Secret Weapon"],"picked":"Metamorphosis","floor":0},{"not_picked":["Hololive_LuckPotion","Hololive_Breathe","Hololive_CallTokoyamiTowa"],"picked":"Hololive_SoulCatcher","floor":1},{"not_picked":["Hololive_CallNakiriAyame","Hololive_OvertimeWork","Hololive_LuckPotion"],"picked":"Hololive_CallHoshimachiSuisei","floor":4},{"not_picked":["Hololive_FlyingPonyTail","Hololive_Rebound","Hololive_Sequa","Hololive_Psychosis"],"picked":"SKIP","floor":5},{"not_picked":["Hololive_ASMR","Hololive_Rebound","Hololive_OvertimeWork","Hololive_StrengthChampion"],"picked":"SKIP","floor":6},{"not_picked":["Hololive_Rebound","Hololive_Breathe","Hololive_CocoNews"],"picked":"Hololive_CallShirakamiFubuki","floor":8},{"not_picked":["Hololive_CallArtia","Hololive_CallYukihanaLamy","Hololive_CandyCastle"],"picked":"Hololive_CallMomosuzuNene","floor":10},{"not_picked":["Hololive_RevenueBasedLive","Hololive_Sequa","Hololive_Breathe"],"picked":"Hololive_FlareMind","floor":11},{"not_picked":["Hololive_StrengthChampion","Hololive_CallAkaiHaato","Hololive_CocoNews"],"picked":"Hololive_Recruit","floor":13}],"player_experience":1081219,"relics_obtained":[{"floor":6,"key":"Blue Candle"},{"floor":8,"key":"Gremlin Horn"},{"floor":10,"key":"Strawberry"},{"floor":13,"key":"Gambling Chip"}],"event_choices":[{"damage_healed":0,"gold_gain":75,"player_choice":"Gather Gold","damage_taken":11,"max_hp_gain":0,"max_hp_loss":0,"event_name":"World of Goop","floor":2,"gold_loss":0},{"damage_healed":0,"gold_gain":0,"player_choice":"Success","damage_taken":7,"relics_obtained":["The Courier"],"max_hp_gain":0,"max_hp_loss":0,"event_name":"Scrap Ooze","floor":7,"gold_loss":0},{"cards_removed":["Hololive_CallAkaiHaato"],"damage_healed":0,"gold_gain":0,"player_choice":"Gave Card","damage_taken":0,"relics_obtained":["Happy Flower"],"max_hp_gain":0,"max_hp_loss":0,"event_name":"WeMeetAgain","floor":14,"gold_loss":0}],"is_beta":false,"boss_relics":[],"items_purged_floors":[3],"is_endless":false,"potions_floor_spawned":[1,5,8,10,11],"killed_by":"The Guardian","ascension_level":7}}