{"host":"6p0attdrtjqaih7v","time":1610497680,"event":{"mods":["2.2 Compatiblity","AchievementEnabler","Bard","BaseMod","Better Skull","Better Third Choice","Colored Powertips","Hermit","Highlight Path","Jorbs\u0027s Wanderer Trilogy","Key Reminder","Minty Spire (QoL Compilation)","Permanent Neow","Quick Restart","Random Character Button","Relic Stats","Replay The Spire","Robot Space Explorer","StSLib"],"gold_per_floor":[115,115,130,143,162,191,191,205,229,260,272,301,301,326,326,398,398,398,398,398,79,79,79,79,79,79,79,79,79,79,79,79,79,79],"floor_reached":33,"language":"ENG","playtime":1415,"items_purged":["Strike_R"],"score":634,"play_id":"eb874a12-954b-4771-bac4-715fb23fb7cf","local_time":"20210112192800","is_ascension_mode":true,"campfire_choices":[{"data":"Bash","floor":7,"key":"SMITH"},{"floor":13,"key":"REST"},{"data":"Shockwave","floor":15,"key":"SMITH"},{"data":"Demon Form","floor":25,"key":"SMITH"},{"data":"RitualDagger","floor":28,"key":"SMITH"},{"floor":32,"key":"REST"}],"circlet_count":0,"master_deck":["AscendersBane","Strike_R","Strike_R","Strike_R+1","Strike_R","Defend_R","Defend_R","Defend_R+1","Defend_R","Bash+1","Clothesline","Burning Pact","Thunderclap","Flame Barrier","Anger","Battle Trance","Dropkick","Shockwave+1","Demon Form+1","Massacre+1","RitualDagger+1","Shrug It Off","Limit Break+1","Heavy Blade"],"relics":["Burning Blood","Happy Flower","The Courier","Dream Catcher","Simple Rune","Red Skull","Blue Doll","keyreminder:keyreminder","Orichalcum","Ectoplasm","HandDrill","ReplayTheSpireMod:TigerMarble","Ancient Tea Set","Replay:Bandana"],"acts_visited":["Exordium","TheCity"],"potions_floor_usage":[10,12,29,33,33],"damage_taken":[{"damage":6,"enemies":"Cultist","floor":1,"turns":3},{"damage":4,"enemies":"Jaw Worm","floor":3,"turns":5},{"damage":7,"enemies":"2 Louse","floor":4,"turns":3},{"damage":11,"enemies":"Lots of Slimes","floor":5,"turns":6},{"damage":35,"enemies":"Replay:BlueRogue","floor":6,"turns":8},{"damage":3,"enemies":"Looter","floor":8,"turns":3},{"damage":8,"enemies":"Gremlin Nob","floor":10,"turns":3},{"damage":1,"enemies":"Blue Slaver","floor":11,"turns":3},{"damage":32,"enemies":"Replay:BlueRogue","floor":12,"turns":6},{"damage":7,"enemies":"Lagavulin","floor":14,"turns":4},{"damage":9,"enemies":"Hexaghost","floor":16,"turns":9},{"damage":0,"enemies":"3 Byrds","floor":18,"turns":5},{"damage":18,"enemies":"Spheric Guardian","floor":20,"turns":5},{"damage":10,"enemies":"3 Cultists","floor":22,"turns":4},{"damage":1,"enemies":"Replay:Snechameleon","floor":23,"turns":6},{"damage":41,"enemies":"Book of Stabbing","floor":29,"turns":5},{"damage":14,"enemies":"Snecko","floor":30,"turns":5},{"damage":0,"enemies":"Shelled Parasite and Fungi","floor":31,"turns":2},{"damage":77,"enemies":"Automaton","floor":33,"turns":6}],"seed_played":"-4999683447952844391","potions_obtained":[{"floor":1,"key":"Weak Potion"},{"floor":6,"key":"Adrenaline Potion"},{"floor":8,"key":"Adrenaline Potion"},{"floor":12,"key":"FearPotion"},{"floor":23,"key":"SpeedPotion"},{"floor":29,"key":"Dexterity Potion"},{"floor":31,"key":"SteroidPotion"}],"is_trial":false,"path_per_floor":["M","?","M","M","M","E","R","M","T","E","M","E","R","E","R","B",null,"M","?","M","$","M","E","?","R","T","?","R","E","M","M","R","B"],"character_chosen":"IRONCLAD","items_purchased":["Limit Break","HandDrill"],"campfire_rested":2,"item_purchase_floors":[21,21],"current_hp_per_floor":[68,68,70,69,64,35,35,38,38,36,41,15,37,36,36,33,65,71,65,53,53,49,54,54,54,54,54,54,19,11,17,39,0,0],"gold":79,"neow_bonus":"RANDOM_COMMON_RELIC","is_daily":false,"chose_seed":false,"campfire_upgraded":4,"win_rate":0.0,"timestamp":1610497680,"path_taken":["M","?","M","M","?","E","R","M","T","E","M","E","R","E","R","BOSS","M","?","M","$","M","E","?","R","T","?","R","E","M","M","R","BOSS"],"items_purchased_type":["Card","Relic"],"build_version":"2020-12-22","purchased_purges":1,"victory":false,"max_hp_per_floor":[75,75,75,75,75,75,75,75,75,75,75,75,75,75,75,75,75,75,75,75,75,75,75,75,75,75,75,75,75,75,75,75,75,75],"relic_stats":{"Dream Catcher":2,"Happy Flower":[30],"counters":[19,91],"Ectoplasm":227,"HandDrill":[4],"Orichalcum":[126],"obtain_stats":[{"Happy Flower":0,"Blue Doll":12,"The Courier":2,"Orichalcum":14,"Ancient Tea Set":26,"Burning Blood":0,"keyreminder:keyreminder":12,"Dream Catcher":6,"Replay:Bandana":29,"Simple Rune":9,"Ectoplasm":17,"HandDrill":21,"ReplayTheSpireMod:TigerMarble":23,"Red Skull":10},{"Happy Flower":0,"Blue Doll":9,"The Courier":1,"Orichalcum":10,"Ancient Tea Set":15,"Burning Blood":0,"keyreminder:keyreminder":9,"Dream Catcher":5,"Replay:Bandana":16,"Simple Rune":6,"Ectoplasm":11,"HandDrill":13,"ReplayTheSpireMod:TigerMarble":15,"Red Skull":7},{"Happy Flower":0,"Blue Doll":40,"The Courier":3,"Orichalcum":44,"Ancient Tea Set":73,"Burning Blood":0,"keyreminder:keyreminder":40,"Dream Catcher":25,"Replay:Bandana":78,"Simple Rune":28,"Ectoplasm":53,"HandDrill":63,"ReplayTheSpireMod:TigerMarble":73,"Red Skull":31}],"Burning Blood":108},"card_choices":[{"not_picked":["Dark Embrace","Clash"],"picked":"Clothesline","floor":1},{"not_picked":["Clothesline","True Grit"],"picked":"Burning Pact","floor":3},{"not_picked":["Inflame","Warcry"],"picked":"Thunderclap","floor":4},{"not_picked":["Burning Pact","Pummel"],"picked":"Flame Barrier","floor":5},{"not_picked":["Hemokinesis","Rupture","Body Slam"],"picked":"SKIP","floor":6},{"not_picked":["Cleave","Clothesline"],"picked":"Anger","floor":8},{"not_picked":["Pummel","Reckless Charge"],"picked":"Battle Trance","floor":10},{"not_picked":["Headbutt","Iron Wave"],"picked":"Dropkick","floor":11},{"not_picked":["Iron Wave","Body Slam"],"picked":"Shockwave","floor":12},{"not_picked":["Feel No Pain","Abandon","Headbutt"],"picked":"SKIP","floor":14},{"not_picked":["Reaper","Double Tap"],"picked":"Demon Form","floor":16},{"not_picked":["Burning Pact","Dark Embrace"],"picked":"Massacre+1","floor":18},{"not_picked":["Wild Strike","Dropkick+1"],"picked":"Shrug It Off","floor":20},{"not_picked":["Iron Wave","Evolve+1","Ghostly Armor"],"picked":"SKIP","floor":22},{"not_picked":["Whirlwind","Barricade","Pommel Strike"],"picked":"SKIP","floor":23},{"not_picked":["Searing Blow","Anger"],"picked":"Heavy Blade","floor":29},{"not_picked":["Clothesline","Cleave","Dark Embrace"],"picked":"SKIP","floor":30},{"not_picked":["Hemokinesis","Abandon","Dropkick"],"picked":"SKIP","floor":31}],"player_experience":816857,"relics_obtained":[{"floor":6,"key":"Dream Catcher"},{"floor":9,"key":"Simple Rune"},{"floor":10,"key":"Red Skull"},{"floor":12,"key":"Blue Doll"},{"floor":14,"key":"Orichalcum"},{"floor":23,"key":"ReplayTheSpireMod:TigerMarble"},{"floor":26,"key":"Ancient Tea Set"},{"floor":29,"key":"Replay:Bandana"}],"event_choices":[{"damage_healed":0,"gold_gain":0,"player_choice":"Gave Potion","damage_taken":0,"relics_obtained":["The Courier"],"max_hp_gain":0,"max_hp_loss":0,"event_name":"WeMeetAgain","floor":2,"gold_loss":0},{"damage_healed":0,"gold_gain":0,"player_choice":"Joined the Cult","damage_taken":6,"max_hp_gain":0,"max_hp_loss":0,"event_name":"Nest","floor":19,"gold_loss":0,"cards_obtained":["RitualDagger"]},{"damage_healed":0,"gold_gain":0,"player_choice":"Forge","damage_taken":0,"max_hp_gain":0,"max_hp_loss":0,"event_name":"Accursed Blacksmith","floor":27,"gold_loss":0,"cards_upgraded":["Limit Break"]}],"is_beta":false,"boss_relics":[{"not_picked":["Empty Cage","Black Blood"],"picked":"Ectoplasm"}],"items_purged_floors":[21],"is_endless":false,"potions_floor_spawned":[1,6,8,12,23,29,31],"killed_by":"Automaton","ascension_level":20}}