{"host":"s35zr3gblm7slh1q","time":1610574972,"event":{"mods":["BaseMod","Colored Powertips","Downfall","Hermit","Highlight Path","Marisa????????","Minty Spire (QoL Compilation)","Permanent Neow","StSLib"],"gold_per_floor":[99,109,128,147,147,147,172,172,184,484,484,484,499,1,18,120,120,120,139,153,153,153,153,153,153,164,183,194,5,5,21,21,21],"floor_reached":32,"language":"ENG","playtime":2450,"items_purged":["Slimebound:Icky"],"score":234,"play_id":"a5059ee9-f942-463e-bf8e-0cf5da0f5a40","local_time":"20210113165612","is_ascension_mode":false,"campfire_choices":[{"data":"expansioncontent:DashGenerateEvil","floor":1,"key":"SMITH"},{"data":"champ:Taunt","floor":6,"key":"SMITH"},{"data":"champ:AdrenalArmor","floor":8,"key":"SMITH"},{"data":"champ:CalledShot","floor":18,"key":"SMITH"}],"circlet_count":0,"master_deck":["champ:Strike","champ:Strike","champ:Strike","champ:Strike","champ:Defend","champ:Defend","champ:Defend","champ:Defend","champ:Execute","champ:Taunt+1","expansioncontent:DashGenerateEvil+1","champ:RecklessLeap","champ:AdrenalArmor+1","champ:GutPunch","champ:BerserkerStyle","champ:Backstep","champ:CalledShot+1","champ:IronFortress","champ:Aggression","champ:DeathBlow","expansioncontent:QuickStudy","champ:StanceDance","champ:StrikeOfGenius","champ:ShieldWall+1","champ:StanceDance+1","champ:StanceDance+1","champ:Backstep+1","champ:SteelEdge","champ:BringItOn","champ:GladiatorStyle","expansioncontent:DarkVoid","champ:Backstep"],"relics":["champ:ChampionCrown","Juzu Bracelet","Calipers","Membership Card","Pear","Gambling Chip","champ:FightingForDummies","Toolbox"],"acts_visited":["Exordium","TheCity"],"potions_floor_usage":[14,16,16,16,16,16,27,27,29],"damage_taken":[{"damage":5,"enemies":"Cultist","floor":2,"turns":2},{"damage":21,"enemies":"Jaw Worm","floor":3,"turns":2},{"damage":10,"enemies":"Small Slimes","floor":4,"turns":5},{"damage":0,"enemies":"Blue Slaver","floor":9,"turns":2},{"damage":21,"enemies":"2 Fungi Beasts","floor":13,"turns":4},{"damage":25,"enemies":"downfall:FleeingMerchant","floor":14,"turns":4},{"damage":41,"enemies":"Exordium Thugs","floor":15,"turns":4},{"damage":68,"enemies":"downfall:Ironclad","floor":16,"turns":8},{"damage":21,"enemies":"Spheric Guardian","floor":19,"turns":5},{"damage":41,"enemies":"3 Byrds","floor":20,"turns":6},{"damage":71,"enemies":"Centurion and Healer","floor":26,"turns":8},{"damage":26,"enemies":"Cultist and Chosen","floor":27,"turns":5},{"damage":30,"enemies":"Snecko","floor":28,"turns":7},{"damage":38,"enemies":"downfall:FleeingMerchant","floor":29,"turns":4},{"damage":15,"enemies":"Shelled Parasite and Fungi","floor":31,"turns":5},{"damage":15,"enemies":"Chosen and Byrds","floor":32,"turns":4}],"seed_played":"4611244922102531804","potions_obtained":[{"floor":3,"key":"ColorlessPotion"},{"floor":4,"key":"EntropicBrew"},{"floor":15,"key":"GamblersBrew"},{"floor":20,"key":"Fire Potion"},{"floor":26,"key":"AttackPotion"},{"floor":28,"key":"Strength Potion"}],"is_trial":false,"path_per_floor":["R","M","M","M","?","R","T","R","M","?","?","?","M","$","M","B",null,"R","M","M","?","?","?","T","?","M","M","M","$","?","M","M"],"character_chosen":"THE_CHAMP","items_purchased":["champ:IronFortress","Membership Card","Pear","champ:Aggression","champ:DeathBlow","expansioncontent:QuickStudy","champ:GladiatorStyle","Toolbox","expansioncontent:DarkVoid"],"campfire_rested":0,"item_purchase_floors":[14,14,14,14,14,14,29,29,29],"current_hp_per_floor":[81,81,78,78,78,78,78,78,78,78,45,72,66,76,69,51,91,91,79,66,66,66,66,66,66,42,31,31,16,16,14,0,0],"gold":21,"neow_bonus":"RANDOM_COLORLESS_2","is_daily":false,"chose_seed":false,"campfire_upgraded":4,"win_rate":0.0,"timestamp":1610574972,"path_taken":["R","M","M","M","?","R","T","R","M","?","?","?","M","?","M","BOSS","R","M","M","?","?","?","T","?","M","M","M","$","?","M","M"],"items_purchased_type":["Card","Relic","Relic","Card","Card","Card","Card","Relic","Card"],"build_version":"2020-12-22","purchased_purges":1,"victory":false,"max_hp_per_floor":[81,81,81,81,81,81,81,81,81,81,81,81,81,91,91,91,91,91,91,91,91,91,91,91,91,91,91,91,91,91,91,91,91],"card_choices":[{"not_picked":["Transmutation","Panache"],"picked":"expansioncontent:DashGenerateEvil","floor":0},{"not_picked":["champ:BerserkersShout","champ:CrookedStrike"],"picked":"champ:RecklessLeap","floor":2},{"not_picked":["champ:TornadoPunch","champ:Circumvent"],"picked":"champ:AdrenalArmor","floor":3},{"not_picked":["champ:PerfectedStrike","champ:CrookedStrike"],"picked":"champ:GutPunch","floor":4},{"not_picked":["champ:Lariat","champ:FocusedGladiator"],"picked":"champ:BerserkerStyle","floor":9},{"not_picked":["champ:TornadoPunch","champ:StrikeOfGenius"],"picked":"champ:Backstep","floor":13},{"not_picked":["champ:TornadoPunch","champ:GladiatorStyle"],"picked":"champ:CalledShot","floor":14},{"not_picked":["champ:PerfectedStrike","champ:DefensiveShout"],"picked":"champ:StanceDance","floor":15},{"not_picked":["champ:LastStand","champ:SwordThrow"],"picked":"champ:StrikeOfGenius","floor":16},{"not_picked":["champ:DefensiveShout","champ:CrookedStrike+1"],"picked":"champ:ShieldWall+1","floor":19},{"not_picked":["champ:DefensiveShout","champ:BladeFlurry+1"],"picked":"champ:StanceDance+1","floor":20},{"not_picked":["champ:PreciseThrust","champ:SkillfulDodge"],"picked":"champ:StanceDance+1","floor":26},{"not_picked":["champ:FanOfKnives","champ:AdrenalArmor"],"picked":"champ:Backstep+1","floor":27},{"not_picked":["champ:StanceDance","champ:ArenaPreparation"],"picked":"champ:SteelEdge","floor":28},{"not_picked":["champ:BerserkersShout","champ:TornadoPunch"],"picked":"champ:BringItOn","floor":29},{"not_picked":["champ:HeartStrike","champ:EnragedBash"],"picked":"champ:Backstep","floor":31}],"player_experience":337118,"relics_obtained":[{"floor":7,"key":"Juzu Bracelet"},{"floor":24,"key":"Gambling Chip"}],"event_choices":[{"damage_healed":0,"gold_gain":0,"player_choice":"Success","damage_taken":33,"relics_obtained":["Calipers"],"max_hp_gain":0,"max_hp_loss":0,"event_name":"Scrap Ooze","floor":11,"gold_loss":0},{"damage_healed":27,"gold_gain":0,"player_choice":"Banana","damage_taken":0,"max_hp_gain":0,"max_hp_loss":0,"event_name":"Big Fish","floor":12,"gold_loss":0}],"is_beta":false,"boss_relics":[{"not_picked":["Fusion Hammer","Runic Dome","Busted Crown"]}],"items_purged_floors":[29],"is_endless":false,"potions_floor_spawned":[3,4,15,20,26,28],"killed_by":"Chosen and Byrds","ascension_level":0}}