{"host":"684z1xpuwaoqmmh1","time":1610547683,"event":{"mods":["Bard","BaseMod","Downfall","Hermit","Jorbs\u0027s Wanderer Trilogy","Marisa????????","Minty Spire (QoL Compilation)","Robot Space Explorer","Shade Mod","StSLib","The Bug Knight","The Cursed","The Hayseed","The Hierophant","The Marked","The Mystic","The Runesmith","The Senshi","The Spell Scribe"],"gold_per_floor":[109,109,184,204,224,260,278,297,322,360,9,22,22,22,22,153,153,178,178,202,48,68,102,115,159,186,186,207,242,255,279,279,279,279],"floor_reached":33,"language":"ENG","playtime":1751,"items_purged":["theMarked:Strike"],"score":445,"play_id":"7265557d-db8a-46bd-9bc5-15734e4523a0","local_time":"20210113162123","is_ascension_mode":true,"campfire_choices":[{"floor":13.0,"key":"REST"},{"data":"theMarked:MuscleMemory","floor":15.0,"key":"SMITH"},{"data":"theMarked:TakeOffHeels","floor":27,"key":"SMITH"},{"data":"theMarked:Seal","floor":32,"key":"SMITH"}],"circlet_count":0,"master_deck":["theMarked:Strike","theMarked:Strike","theMarked:Strike","theMarked:Defend","theMarked:Defend","theMarked:Defend","theMarked:Defend","theMarked:SoldierOfQuellstein","theMarked:ElementalBlade","theMarked:BanishingStrike","theMarked:Seal+1","theMarked:StartUp+1","theMarked:PowerFlow","theMarked:WardOff","theMarked:MuscleMemory+1","theMarked:TwofoldDefense","theMarked:TakeOffHeels+1","theMarked:Defy","theMarked:WardOff"],"relics":["theMarked:ArtifactOfAir","Golden Idol","theMarked:Gun","Potion Belt","Bag of Marbles","Gremlin Horn","Busted Crown","Lee\u0027s Waffle","Nunchaku","White Beast Statue","Omamori","Kunai"],"acts_visited":["Exordium","TheCity"],"potions_floor_usage":[25,25,29,30,31,31],"damage_taken":[{"damage":1.0,"enemies":"Jaw Worm","floor":1.0,"turns":5.0},{"damage":0.0,"enemies":"2 Louse","floor":4.0,"turns":2.0},{"damage":0.0,"enemies":"Cultist","floor":5.0,"turns":4.0},{"damage":30.0,"enemies":"3 Sentries","floor":6.0,"turns":12.0},{"damage":6.0,"enemies":"Blue Slaver","floor":7.0,"turns":4.0},{"damage":2.0,"enemies":"Exordium Wildlife","floor":8.0,"turns":3.0},{"damage":8.0,"enemies":"Lagavulin","floor":10.0,"turns":5.0},{"damage":0.0,"enemies":"3 Louse","floor":12.0,"turns":1.0},{"damage":16.0,"enemies":"Hexaghost","floor":16.0,"turns":11.0},{"damage":8.0,"enemies":"Shell Parasite","floor":18.0,"turns":5.0},{"damage":11.0,"enemies":"3 Byrds","floor":20.0,"turns":4.0},{"damage":4.0,"enemies":"Centurion and Healer","floor":22.0,"turns":4.0},{"damage":4.0,"enemies":"Gremlin Leader","floor":23.0,"turns":7.0},{"damage":10,"enemies":"Sentry and Sphere","floor":24,"turns":7},{"damage":0,"enemies":"Slavers","floor":25,"turns":4},{"damage":1,"enemies":"Snecko","floor":28,"turns":3},{"damage":0,"enemies":"Gremlin Leader","floor":29,"turns":5},{"damage":10,"enemies":"Snake Plant","floor":30,"turns":2},{"damage":0,"enemies":"Sentry and Sphere","floor":31,"turns":5},{"damage":48,"enemies":"Automaton","floor":33,"turns":8}],"seed_played":"-628863948240438066","potions_obtained":[{"floor":1.0,"key":"Block Potion"},{"floor":5.0,"key":"Energy Potion"},{"floor":10.0,"key":"champ:CounterPotion"},{"floor":12.0,"key":"Explosive Potion"},{"floor":16.0,"key":"SteroidPotion"},{"floor":18.0,"key":"SkillPotion"},{"floor":23,"key":"FearPotion"},{"floor":24,"key":"Fire Potion"},{"floor":25,"key":"Fruit Juice"},{"floor":28,"key":"DuplicationPotion"},{"floor":29,"key":"EssenceOfSteel"},{"floor":30,"key":"SpeedPotion"},{"floor":31,"key":"FearPotion"}],"is_trial":false,"path_per_floor":["M","?","?","M","M","E","M","M","T","E","$","M","R","?","R","B",null,"M","?","M","$","M","E","M","E","T","R","M","E","M","M","R","B"],"character_chosen":"THE_DEFAULT","items_purchased":["theMarked:TwofoldDefense","Gremlin Horn","Lee\u0027s Waffle"],"campfire_rested":1,"item_purchase_floors":[11,11,21],"current_hp_per_floor":[69,65,59,59,59,29,23,21,21,13,13,13,32,32,32,16,65,57,57,46,72,68,64,54,54,54,54,53,58,48,48,48,0,0],"gold":279,"neow_bonus":"REMOVE_CARD","is_daily":false,"chose_seed":false,"campfire_upgraded":3,"win_rate":0.0,"timestamp":1610547683,"path_taken":["M","?","?","M","M","E","M","?","T","E","$","M","R","?","R","BOSS","BOSS","M","?","M","$","M","E","M","E","T","R","M","E","M","M","R","BOSS"],"items_purchased_type":["Card","Relic","Relic"],"build_version":"2020-12-22","purchased_purges":1,"victory":false,"max_hp_per_floor":[70,65,65,65,65,65,65,65,65,65,65,65,65,65,65,65,65,65,65,65,72,72,72,72,72,72,72,72,77,77,77,77,77,77],"card_choices":[{"not_picked":["theMarked:ElectricStrings","theMarked:EmpowerWeapon"],"picked":"theMarked:ElementalBlade","floor":1.0},{"not_picked":["theMarked:WardOff","theMarked:Aftermath"],"picked":"theMarked:BanishingStrike","floor":4.0},{"not_picked":["theMarked:BanishingStrike","theMarked:TunnelVision"],"picked":"theMarked:Seal","floor":5.0},{"not_picked":["theMarked:Convert","theMarked:EmpowerWeapon"],"picked":"theMarked:StartUp","floor":6.0},{"not_picked":["theMarked:WastefulDefense","theMarked:ElectricStrings"],"picked":"theMarked:PowerFlow","floor":7.0},{"not_picked":["theMarked:ResourceFulStrike","theMarked:GodGivenPower"],"picked":"theMarked:WardOff","floor":8.0},{"not_picked":["theMarked:Convert","theMarked:Generate"],"picked":"theMarked:MuscleMemory","floor":10.0},{"not_picked":["theMarked:ParalyzingBlade","theMarked:EmpowerWeapon","theMarked:Improvise"],"picked":"SKIP","floor":12.0},{"not_picked":["theMarked:FavorableWinds","theMarked:Snap"],"picked":"theMarked:TakeOffHeels","floor":16.0},{"not_picked":["theMarked:Improvise"],"picked":"SKIP","floor":18.0},{"not_picked":["theMarked:ResourceFulStrike"],"picked":"SKIP","floor":20.0},{"not_picked":["theMarked:WastefulAttack"],"picked":"SKIP","floor":22.0},{"not_picked":["theMarked:ElementalBlade"],"picked":"SKIP","floor":23},{"not_picked":["theMarked:SwordAndMagic"],"picked":"SKIP","floor":24},{"not_picked":["theMarked:ChainLightning+1"],"picked":"SKIP","floor":25},{"not_picked":["theMarked:Improvise"],"picked":"SKIP","floor":28},{"not_picked":[],"picked":"theMarked:Defy","floor":29},{"not_picked":["theMarked:ChainLightning"],"picked":"SKIP","floor":30},{"not_picked":[],"picked":"theMarked:WardOff","floor":31}],"player_experience":2818154,"relics_obtained":[{"floor":6.0,"key":"theMarked:Gun"},{"floor":9.0,"key":"Potion Belt"},{"floor":10.0,"key":"Bag of Marbles"},{"floor":23,"key":"Nunchaku"},{"floor":25,"key":"White Beast Statue"},{"floor":26,"key":"Omamori"},{"floor":29,"key":"Kunai"}],"event_choices":[{"damage_healed":0.0,"max_hp_gain":0.0,"max_hp_loss":5.0,"gold_gain":0.0,"event_name":"Golden Idol","player_choice":"Lose Max HP","floor":2.0,"gold_loss":0.0,"damage_taken":0.0,"relics_obtained":["Golden Idol"]},{"damage_healed":0.0,"max_hp_gain":0.0,"max_hp_loss":0.0,"gold_gain":75.0,"event_name":"FaceTrader","player_choice":"Touch","floor":3.0,"gold_loss":0.0,"damage_taken":6.0},{"damage_healed":0.0,"max_hp_gain":0.0,"max_hp_loss":0.0,"gold_gain":0.0,"event_name":"Living Wall","player_choice":"Grow","floor":14.0,"gold_loss":0.0,"damage_taken":0.0,"cards_upgraded":["theMarked:StartUp"]}],"is_beta":false,"boss_relics":[{"not_picked":["Empty Cage","Tiny House"],"picked":"Busted Crown"}],"items_purged_floors":[11],"is_endless":false,"potions_floor_spawned":[1,5,10,12,16,18,23,24,25,28,29,30,31],"killed_by":"Automaton","ascension_level":4}}