{"host":"htqwg582tjjtn9p7","time":1610549916,"event":{"mods":["2.2 Compatiblity","AchievementEnabler","Act Like it!","Aspiration","BaseMod","Better Third Choice","Colored Map","Conspire","Curses Come First","Displayed Cursed Tome","Energized Spire","Force Act Four","Fox Events","GifTheSpireLib","Hermit","Highlight Path","JesterMod","Mad Scientist","Minty Spire (QoL Compilation)","Pale of the Ancients","Permanent Neow","Random Character Button","Relic Stats","Replay The Spire","Robot Space Explorer","Somnambulant","Spicy Shops","Spikes Relics","StSLib","Stuff the Spire","The Blue Laboratory","The Bug Knight","The Factory","The Forsaken","The Gatherer","The Judge","The Jungle","The Marked","The Runesmith","The Servant 0.9.4","Uncapped"],"gold_per_floor":[116,126,126,126,137,137,187,187,235,250,267,267,277,295,295,372,472,486,486,364,374,374,374,385,385,410,441,441,459,459,473,473,551,551,568,568,568,568,568,568,588,613,613,613,613,644,658,671,671,671,684,702,782,530,530,549,549,253,253,253],"floor_reached":61,"language":"ENG","playtime":3401,"items_purged":["Pain","Pain"],"score":2104,"play_id":"9b4c40c9-a4bc-424d-8aa8-34a1d59f5996","local_time":"20210113155836","is_ascension_mode":true,"campfire_choices":[{"data":"Neutralize","floor":6,"key":"SMITH"},{"data":"Dagger Spray","floor":8,"key":"SMITH"},{"data":"Reflex","floor":12,"key":"SMITH"},{"data":"Survivor","floor":15,"key":"SMITH"},{"floor":23,"key":"REST"},{"data":"StuffTheSpire:WarGroove","floor":25,"key":"SMITH"},{"data":"Footwork","floor":28,"key":"SMITH"},{"floor":32,"key":"DIG"},{"data":"After Image","floor":40,"key":"SMITH"},{"data":"ReplayTheSpireMod:Scrap Shanks","floor":45,"key":"SMITH"},{"data":"Finisher","floor":49,"key":"SMITH"},{"data":"StuffTheSpire:Innocence","floor":55,"key":"SMITH"},{"data":"StuffTheSpire:Innocence","floor":57,"key":"SMITH"}],"circlet_count":0,"master_deck":["AscendersBane","conspire:GhostlyStrike","conspire:GhostlyStrike","conspire:GhostlyStrike","conspire:GhostlyStrike","conspire:GhostlyStrike","conspire:GhostlyDefend","conspire:GhostlyDefend","conspire:GhostlyDefend","conspire:GhostlyDefend","conspire:GhostlyDefend","Survivor+1","Neutralize+1","Dagger Spray+1","Reflex+1","Deflect+1","Hidden Blade+1","Blade Dance+1","Deflect+1","PiercingWail+1","Burst+1","Dagger Throw","StuffTheSpire:Innocence+1","Prepared+1","Prepared+1","StuffTheSpire:WarGroove+1","Backflip+1","Footwork+1","Finisher+1","After Image+1","StuffTheSpire:Innocence+1","ReplayTheSpireMod:Scrap Shanks+1","Escape Plan+1","Footwork","ReplayTheSpireMod:The Works+1","Finisher+1","Blade Dance+1","Blade Dance+1","Accuracy+1","ReplayTheSpireMod:The Works+1","Acrobatics+1"],"relics":["Ring of the Snake","aspiration:Nostalgia","theMarked:ArtifactOfAir","Toxic Egg 2","Replay:Rubber Ducky","Akabeko","Replay:Wanted Poster","StuffTheSpire:Wildfire","MutagenicStrength","Snecko Scales","MealTicket","Du-Vu Doll","ReplayFunnel","paleoftheancients:Timepiece","paleoftheancients:KeyRelic","Gremlin Horn","CultistMask","paleoftheancients:SoulOfTheCollector","Lantern","Orrery","HollowMod:LifeEnderRelic"],"acts_visited":["Exordium","TheCity","TheBeyond","TheBeyond"],"potions_floor_usage":[11,18,33,33,50,52,56],"damage_taken":[{"damage":0,"enemies":"Cultist","floor":1,"turns":4},{"damage":0,"enemies":"conspire:RoseBush","floor":2,"turns":4},{"damage":0,"enemies":"Jaw Worm","floor":5,"turns":3},{"damage":5,"enemies":"Exordium Thugs","floor":10,"turns":4},{"damage":0,"enemies":"Blue Slaver","floor":11,"turns":1},{"damage":0,"enemies":"Exordium Thugs","floor":13,"turns":1},{"damage":0,"enemies":"2 Fungi Beasts","floor":14,"turns":1},{"damage":18,"enemies":"Fading Forest","floor":16,"turns":11},{"damage":0,"enemies":"conspire:FuzzyDice","floor":18,"turns":7},{"damage":0,"enemies":"2 Thieves","floor":21,"turns":3},{"damage":0,"enemies":"Sentry and Sphere","floor":24,"turns":5},{"damage":0,"enemies":"HollowMod:Nosk","floor":27,"turns":4},{"damage":8,"enemies":"Centurion and Healer","floor":29,"turns":4},{"damage":0,"enemies":"Snake Plant","floor":31,"turns":2},{"damage":0,"enemies":"Collector","floor":33,"turns":4},{"damage":0,"enemies":"Orb Walker","floor":35,"turns":1},{"damage":0,"enemies":"3 Shapes","floor":41,"turns":1},{"damage":0,"enemies":"Nemesis","floor":42,"turns":3},{"damage":0,"enemies":"Giant Head","floor":46,"turns":3},{"damage":0,"enemies":"Jaw Worm Horde","floor":47,"turns":2},{"damage":0,"enemies":"4 Shapes","floor":48,"turns":3},{"damage":0,"enemies":"Replay:Hell Engine","floor":50,"turns":4},{"damage":0,"enemies":"Replay:Hell Engine","floor":51,"turns":4},{"damage":0,"enemies":"Replay:Hell Engine","floor":52,"turns":4},{"damage":0,"enemies":"Replay:Hell Engine","floor":56,"turns":3},{"damage":0,"enemies":"paleoftheancients:N","floor":60,"turns":5}],"seed_played":"-241983847558353410","potions_obtained":[{"floor":1,"key":"blueLaboratory:EnragingPotion"},{"floor":5,"key":"Cursed Concoction"},{"floor":16,"key":"blueLaboratory:EnvenomedCoating"},{"floor":24,"key":"Adrenaline Potion"},{"floor":27,"key":"ColorlessPotion"},{"floor":33,"key":"blueLaboratory:RecallPotion"},{"floor":35,"key":"Milkshake"},{"floor":51,"key":"Dexterity Potion"}],"is_trial":false,"path_per_floor":["M","M","?","?","M","R","T","R","T","M","M","R","M","M","R","B",null,"M","?","$","M","?","R","M","R","T","E","R","M","?","M","R_BF","B",null,"M","?","?","$","?","R","M","E","T","?","R","E","M","M","R","B","M","M","?","$","R","M","R","$","?","B",null],"character_chosen":"THE_SILENT","items_purchased":["Prepared+1","Orrery","HollowMod:LifeEnderRelic","Acrobatics+1"],"campfire_rested":1,"item_purchase_floors":[20,54,58,58],"current_hp_per_floor":[59,59,59,59,59,59,59,59,59,54,54,54,54,54,54,44,61,61,61,61,61,36,55,55,55,55,55,55,47,47,47,47,47,61,61,61,61,61,76,76,76,76,76,76,76,76,76,76,76,76,76,76,76,76,76,76,76,76,76,76],"gold":253,"neow_bonus":"NOSTALGIA","is_daily":false,"chose_seed":false,"campfire_upgraded":11,"win_rate":0.0,"timestamp":1610549916,"path_taken":["M","?","?","?","?","R","?","R","T","M","M","R","M","M","R","BOSS","M","?","?","?","?","R","M","R","T","E","R","M","?","M","R_BF","BOSS","M","?","?","$","?","R","M","E","T","?","R","E","?","M","R","BOSS","M","M","?","$","R","M","R","$","?","BOSS"],"items_purchased_type":["Card","Relic","Relic","Card"],"build_version":"2020-12-22","purchased_purges":2,"victory":true,"max_hp_per_floor":[66,66,66,66,66,66,66,66,66,66,66,66,66,66,66,66,66,66,66,66,66,66,66,66,66,66,66,66,66,66,66,66,66,66,66,66,66,66,76,76,76,76,76,76,76,76,76,76,76,76,76,76,76,76,76,76,76,76,76,76],"relic_stats":{"Gremlin Horn":[19,19],"counters":[26,91],"MealTicket":0,"obtain_stats":[{"ReplayFunnel":46,"paleoftheancients:KeyRelic":50,"Lantern":53,"HollowMod:LifeEnderRelic":58,"Gremlin Horn":50,"aspiration:Nostalgia":0,"StuffTheSpire:Wildfire":27,"Akabeko":9,"Replay:Rubber Ducky":7,"Replay:Wanted Poster":17,"Du-Vu Doll":43,"paleoftheancients:Timepiece":50,"theMarked:ArtifactOfAir":0,"Centennial Puzzle":32,"Snecko Scales":34,"MutagenicStrength":30,"Orrery":54,"MealTicket":42,"CultistMask":50,"Toxic Egg 2":4,"paleoftheancients:SoulOfTheCollector":51,"Ring of the Snake":0},{"ReplayFunnel":19,"paleoftheancients:KeyRelic":22,"Lantern":24,"HollowMod:LifeEnderRelic":25,"Gremlin Horn":22,"aspiration:Nostalgia":0,"StuffTheSpire:Wildfire":12,"Akabeko":3,"Replay:Rubber Ducky":3,"Replay:Wanted Poster":8,"Du-Vu Doll":18,"paleoftheancients:Timepiece":22,"theMarked:ArtifactOfAir":0,"Centennial Puzzle":14,"Snecko Scales":15,"MutagenicStrength":13,"Orrery":24,"MealTicket":18,"CultistMask":22,"Toxic Egg 2":2,"paleoftheancients:SoulOfTheCollector":23,"Ring of the Snake":0},{"ReplayFunnel":66,"paleoftheancients:KeyRelic":75,"Lantern":83,"HollowMod:LifeEnderRelic":86,"Gremlin Horn":75,"aspiration:Nostalgia":0,"StuffTheSpire:Wildfire":48,"Akabeko":11,"Replay:Rubber Ducky":11,"Replay:Wanted Poster":29,"Du-Vu Doll":63,"paleoftheancients:Timepiece":75,"theMarked:ArtifactOfAir":0,"Centennial Puzzle":54,"Snecko Scales":58,"MutagenicStrength":52,"Orrery":83,"MealTicket":63,"CultistMask":75,"Toxic Egg 2":8,"paleoftheancients:SoulOfTheCollector":79,"Ring of the Snake":0}],"Ring of the Snake":[52]},"card_choices":[{"not_picked":["Crippling Poison","Tactician"],"picked":"Dagger Spray","floor":1},{"not_picked":["Deflect","Blade Dance"],"picked":"Reflex","floor":2},{"not_picked":["Hidden Blade+1","Dagger Spray"],"picked":"Deflect+1","floor":5},{"not_picked":["StuffTheSpire:Fury+1","StuffTheSpire:Python+1"],"picked":"Hidden Blade+1","floor":10},{"not_picked":["Flying Knee","Quick Slash"],"picked":"Blade Dance+1","floor":11},{"not_picked":["Masterful Stab","Bane"],"picked":"Deflect+1","floor":13},{"not_picked":["Bane","Caltrops"],"picked":"PiercingWail+1","floor":14},{"not_picked":["Envenom","Atom Bomb"],"picked":"Burst+1","floor":16},{"not_picked":["StuffTheSpire:ReptileScales+1","Hidden Blade+1"],"picked":"Dagger Throw","floor":18},{"not_picked":["Outmaneuver+1","StuffTheSpire:Python+1"],"picked":"Prepared+1","floor":21},{"not_picked":["Well Laid Plans+1","Sucker Punch"],"picked":"Backflip+1","floor":24},{"not_picked":["StuffTheSpire:Injection","Acrobatics+1"],"picked":"Footwork","floor":27},{"not_picked":["Well Laid Plans","Flying Knee","Dodge and Roll+1"],"picked":"SKIP","floor":29},{"not_picked":["StuffTheSpire:Injection","ReplayTheSpireMod:Speed Training+1"],"picked":"Finisher","floor":31},{"not_picked":["Grand Finale","Malaise+1"],"picked":"After Image","floor":33},{"not_picked":["ReplayTheSpireMod:Shiv Toss+1","Flying Knee+1","StuffTheSpire:Python+1"],"picked":"SKIP","floor":35},{"not_picked":["StuffTheSpire:Harmony","StuffTheSpire:Ambrosia"],"picked":"StuffTheSpire:Innocence","floor":37},{"not_picked":["StuffTheSpire:DoubleShiv+1","Hidden Blade+1"],"picked":"ReplayTheSpireMod:Scrap Shanks","floor":41},{"not_picked":["Backflip+1","Flying Knee","Blur+1"],"picked":"SKIP","floor":42},{"not_picked":["Dash","StuffTheSpire:Incursion+1"],"picked":"Escape Plan+1","floor":46},{"not_picked":["StuffTheSpire:Injection","Sucker Punch+1"],"picked":"Footwork","floor":47},{"not_picked":["Distraction+1","Caltrops","Riddle With Holes"],"picked":"SKIP","floor":48},{"not_picked":["Sucker Punch","Corpse Explosion+1","StuffTheSpire:Repulse+1"],"picked":"SKIP","floor":51},{"not_picked":["Poisoned Stab","Calculated Gamble+1"],"picked":"ReplayTheSpireMod:The Works+1","floor":52},{"not_picked":["StuffTheSpire:Python+1","Dagger Throw"],"picked":"Finisher+1","floor":53},{"not_picked":["Accuracy","Prepared+1"],"picked":"Blade Dance+1","floor":53},{"not_picked":["StuffTheSpire:DoubleShiv+1","aspiration:Lunge"],"picked":"Blade Dance+1","floor":54},{"not_picked":["Unload","StuffTheSpire:Repulse+1"],"picked":"Accuracy+1","floor":54},{"not_picked":["Draining Mist+1","Flechettes+1"],"picked":"ReplayTheSpireMod:The Works+1","floor":56}],"player_experience":1938785,"relics_obtained":[{"floor":4,"key":"Toxic Egg 2"},{"floor":7,"key":"Replay:Rubber Ducky"},{"floor":9,"key":"Akabeko"},{"floor":27,"key":"StuffTheSpire:Wildfire"},{"floor":32,"key":"Centennial Puzzle"},{"floor":42,"key":"MealTicket"},{"floor":43,"key":"Du-Vu Doll"},{"floor":46,"key":"ReplayFunnel"},{"floor":51,"key":"paleoftheancients:SoulOfTheCollector"},{"floor":53,"key":"Lantern"}],"event_choices":[{"damage_healed":0,"gold_gain":0,"player_choice":"Agree","damage_taken":0,"max_hp_gain":0,"max_hp_loss":0,"event_name":"conspire:LoneGhost","floor":3,"gold_loss":0},{"damage_healed":0,"gold_gain":0,"player_choice":"Relic","damage_taken":0,"max_hp_gain":0,"max_hp_loss":0,"event_name":"Wheel of Change","floor":4,"gold_loss":0},{"damage_healed":0,"gold_gain":0,"player_choice":"Inject Mutagens","damage_taken":0,"relics_obtained":["MutagenicStrength"],"max_hp_gain":0,"max_hp_loss":0,"event_name":"Drug Dealer","floor":30,"gold_loss":0},{"damage_healed":0,"gold_gain":0,"player_choice":"Ignored","damage_taken":0,"max_hp_gain":0,"max_hp_loss":0,"event_name":"Tomb of Lord Red Mask","floor":36,"gold_loss":0},{"damage_healed":0,"gold_gain":0,"player_choice":"0 cards matched","damage_taken":0,"max_hp_gain":0,"max_hp_loss":0,"event_name":"Match and Keep!","floor":44,"gold_loss":0,"cards_obtained":[]}],"is_beta":false,"boss_relics":[{"not_picked":["SacredBark","Snecko Heart"],"picked":"Replay:Wanted Poster"},{"not_picked":["aspiration:WatcherSkillbook","aspiration:RunesmithSkillbook"],"picked":"Snecko Scales"}],"items_purged_floors":[20,54],"is_endless":false,"potions_floor_spawned":[1,5,16,24,27,33,35,42,51],"ascension_level":15}}