{"host":"qhbbxt9nia1s4hz5","time":1610568967,"event":{"mods":["100% Spire Juice","2.2 Compatiblity","Act Like it!","AlwaysNeverKeys","BaseMod","Better Altar","Better Note","Better Sensory Stone","Better Skull","Better Third Choice","Better Vampires","BetterRewards","Block Reminder","Booster Modes","Colored Map","Colored Powertips","Energized Spire","Faster Ascension Climbing","Friendly Minions","GifTheSpireLib","Gold Saver","Hallownest","Infinite Spire","Minty Spire (QoL Compilation)","Permanent Neow","Relic Filter","Replay The Spire","Shop Mod","StSLib","WarShipGirlsR/????R mod"],"gold_per_floor":[110,110,31,47,47,47,47,47,97,97,109,141,34,34,34,130,130,147,147,147,164,39,39,54,54,54,66,66,66,66,76,76,93,93,197,197,216,216,66,80,130,156,173,187,214,214,270,270,270,270,270,270],"floor_reached":53,"language":"ENG","playtime":10498,"items_purged":["Moonworks:Defend","Moonworks:Defend","Hallownest:curseDreamersLament","Moonworks:SelfDestruct","Writhe"],"score":733,"play_id":"4bc93f3f-782a-4103-974f-2d696d2170c4","local_time":"20210113221607","is_ascension_mode":false,"campfire_choices":[{"data":"Moonworks:Ambush","floor":6,"key":"SMITH"},{"data":"Moonworks:LulusLuckyEgg","floor":8,"key":"SMITH"},{"data":"Moonworks:CookingTime","floor":10,"key":"SMITH"},{"floor":15,"key":"DIG"},{"data":"Moonworks:MeltingMemories","floor":23,"key":"SMITH"},{"data":"Moonworks:IndiscriminateFireSupport","floor":29,"key":"SMITH"},{"data":"Moonworks:Blazing","floor":32,"key":"SMITH"},{"data":"Moonworks:Defend","floor":34,"key":"SMITH"},{"data":"Moonworks:FullSpeedAlicianrone","floor":46,"key":"SMITH"},{"data":"Moonworks:SinkOrSwim","floor":48,"key":"SMITH"},{"data":"Moonworks:BigMagnum","floor":51,"key":"SMITH"}],"circlet_count":0,"master_deck":["Moonworks:Strike","Moonworks:Strike","Moonworks:Strike","Moonworks:Strike","Moonworks:Defend","Moonworks:Defend+1","Moonworks:Ambush+1","Moonworks:LongDistanceShot","Moonworks:Assault","Moonworks:CookingTime+1","Moonworks:LulusLuckyEgg+1","Secret Technique","Moonworks:WeAreWaruda","Moonworks:BigMagnum+1","Moonworks:MeltingMemories+1","Moonworks:FullSpeedAlicianrone+1","Moonworks:NicePresent","Moonworks:IndiscriminateFireSupport+1","Moonworks:Blazing+1","Moonworks:FullSpeedAlicianrone+1","Moonworks:GoAway","Moonworks:WindyEnchantment","infinitespire:Fortify","Moonworks:NicePresent+1","Parasite","Moonworks:SinkOrSwim+1","Moonworks:CookingTime+1","Writhe"],"relics":["Moonworks:BrokenBomb","Moonworks:Homemark","Lee\u0027s Waffle","Hallownest:TeacherSealRelic","ReplayTheSpireMod:Lightbulb","Anchor","Blood Vial","energizedSpire:CursedPentagram","betterThird:NestCultRelic","InkBottle","Coffee Dripper","FossilizedHelix","Bottled Flame","Juzu Bracelet","Darkstone Periapt"],"acts_visited":["Hallownest:Greenpath","TheCity","TheBeyond"],"potions_floor_usage":[12,16,24,27,31,35,35,42,52,52,52],"damage_taken":[{"damage":0,"enemies":"Hallownest:2_MossCreeps","floor":1,"turns":4},{"damage":2,"enemies":"Hallownest:monsterHuskGuard","floor":4,"turns":4},{"damage":7,"enemies":"Hallownest:monsterHuskWarrior","floor":11,"turns":2},{"damage":14,"enemies":"Hallownest:eliteMossKnight","floor":12,"turns":6},{"damage":22,"enemies":"Hallownest:MossCreep_and_Mosskin","floor":13,"turns":6},{"damage":1,"enemies":"Hallownest:monsterAspidMother","floor":14,"turns":2},{"damage":19,"enemies":"Hallownest:BossBrokenVessel","floor":16,"turns":6},{"damage":6,"enemies":"Spheric Guardian","floor":18,"turns":3},{"damage":5,"enemies":"Chosen","floor":21,"turns":4},{"damage":15,"enemies":"Snecko","floor":24,"turns":3},{"damage":11,"enemies":"Snake Plant","floor":27,"turns":2},{"damage":0,"enemies":"3 Cultists","floor":31,"turns":2},{"damage":5,"enemies":"Centurion and Healer","floor":33,"turns":2},{"damage":5,"enemies":"Champ","floor":35,"turns":6},{"damage":5,"enemies":"Orb Walker","floor":37,"turns":3},{"damage":17,"enemies":"3 Shapes","floor":40,"turns":2},{"damage":5,"enemies":"Mind Bloom Boss Battle","floor":41,"turns":3},{"damage":5,"enemies":"Giant Head","floor":42,"turns":5},{"damage":0,"enemies":"Maw","floor":43,"turns":3},{"damage":17,"enemies":"3 Darklings","floor":44,"turns":2},{"damage":77,"enemies":"infinitespire:MassOfShapes","floor":52,"turns":6}],"seed_played":"-7408884417514367941","potions_obtained":[{"floor":11,"key":"SpeedPotion"},{"floor":13,"key":"DuplicationPotion"},{"floor":16,"key":"SneckoOil"},{"floor":18,"key":"Energy Potion"},{"floor":24,"key":"Swift Potion"},{"floor":27,"key":"PowerPotion"},{"floor":33,"key":"Cursed Concoction"},{"floor":37,"key":"FearPotion"},{"floor":42,"key":"SteroidPotion"},{"floor":43,"key":"Reflective Coating"},{"floor":47,"key":"Languid Potion"}],"is_trial":false,"path_per_floor":["M","?","$","M","?","R","?","R","T","R","M","E","M","M","R_BF","B",null,"M","?","?","M","$","R","M","PTL","PTL","M","T","R","AVR","M","R","M","R","B",null,"M","?","$","M","?","E","M","M","T","R","?","R","?","?","R","B",null],"character_chosen":"THE_STARBREAKER","items_purchased":["Lee\u0027s Waffle","Adrenaline Potion","Moonworks:CookingTime"],"campfire_rested":0,"item_purchase_floors":[0,0,3],"current_hp_per_floor":[67,67,67,67,67,67,67,67,67,67,65,56,41,48,48,39,67,66,66,66,62,62,62,66,66,66,56,56,56,56,66,66,62,62,67,67,67,51,51,44,41,60,67,58,58,58,42,42,65,65,65,6],"gold":270,"neow_bonus":"","is_daily":false,"chose_seed":false,"campfire_upgraded":10,"win_rate":0.0,"timestamp":1610568967,"path_taken":["M","?","$","M","?","R","?","R","T","R","M","E","M","M","R_BF","BOSS","M","?","?","M","$","R","M","PTL","PTL","M","T","R","AVR","M","R","M","R","BOSS","M","?","$","M","?","E","M","M","T","R","?","R","?","?","R","BOSS"],"items_purchased_type":["Relic","Potion","Card"],"build_version":"2020-12-22","purchased_purges":5,"victory":true,"max_hp_per_floor":[67,67,67,67,67,67,67,67,67,67,67,67,67,67,67,67,67,67,67,67,67,67,67,67,67,67,67,67,67,67,67,67,67,67,67,67,67,67,67,67,67,67,67,67,67,67,67,67,73,73,73,73],"card_choices":[{"not_picked":["Moonworks:NicePresent","Moonworks:BindingChains"],"picked":"Moonworks:Assault","floor":1},{"not_picked":["Moonworks:BigMagnum","Moonworks:Heat300Percent"],"picked":"Moonworks:LulusLuckyEgg","floor":4},{"not_picked":["Enlightenment","Replay:Parry"],"picked":"Secret Technique","floor":7},{"not_picked":["Moonworks:LulusLuckyEgg","Moonworks:ImOnFire"],"picked":"Moonworks:SakisCookie","floor":11},{"not_picked":["Moonworks:LulusLuckyEgg","Moonworks:NicePresent"],"picked":"Moonworks:WeAreWaruda","floor":12},{"not_picked":["Moonworks:ImOnFire","Moonworks:AwakeningOfTalent","Moonworks:CloudOfSeagulls"],"picked":"SKIP","floor":13},{"not_picked":["Moonworks:CloudOfSeagulls","Moonworks:SakisCookie"],"picked":"Moonworks:BigMagnum","floor":14},{"not_picked":["Moonworks:FinalBattle","Moonworks:AccelHyper"],"picked":"Moonworks:MeltingMemories","floor":16},{"not_picked":["Moonworks:BigBangBell","Moonworks:CloudOfSeagulls"],"picked":"Moonworks:FullSpeedAlicianrone","floor":18},{"not_picked":["Moonworks:MixPhenomenon","Moonworks:Assault","Moonworks:ImmovableObject"],"picked":"SKIP","floor":21},{"not_picked":["Moonworks:CloudOfSeagulls","Moonworks:UnpaidWork"],"picked":"Moonworks:NicePresent","floor":24},{"not_picked":["Moonworks:Assault","Moonworks:CloudOfSeagulls"],"picked":"Moonworks:IndiscriminateFireSupport","floor":27},{"not_picked":["Moonworks:DeployBits","Moonworks:BigMagnum+1"],"picked":"Moonworks:Blazing","floor":31},{"not_picked":["Moonworks:EvilSpyWorkPreparation","Moonworks:ImOnFire"],"picked":"Moonworks:FullSpeedAlicianrone+1","floor":33},{"not_picked":["Moonworks:HolyNight","Moonworks:ShieldCounter"],"picked":"Moonworks:GoAway","floor":35},{"not_picked":["Moonworks:EvilSpyWorkPreparation+1","Moonworks:Assault"],"picked":"Moonworks:WindyEnchantment","floor":37},{"not_picked":["ReplayTheSpireMod:Black Plague","infinitespire:FinalStrike"],"picked":"infinitespire:Fortify","floor":38},{"not_picked":["Moonworks:NicePresent+1","Moonworks:CloudOfSeagulls","Moonworks:Bloodlust"],"picked":"SKIP","floor":40},{"not_picked":["Moonworks:JonathanRush+1","Moonworks:LulusLuckyEgg+1"],"picked":"Moonworks:NicePresent+1","floor":41},{"not_picked":["Moonworks:LuckyCharm+1","Moonworks:BigMagnum+1"],"picked":"Moonworks:SinkOrSwim","floor":42},{"not_picked":["Moonworks:RagingMadness","Moonworks:EvilSpyWorkPreparation"],"picked":"Moonworks:CookingTime+1","floor":43},{"not_picked":["Moonworks:Assault","Moonworks:SakisCookie+1","Moonworks:ImOnFire+1"],"picked":"SKIP","floor":44}],"player_experience":870114,"relics_obtained":[{"floor":9,"key":"ReplayTheSpireMod:Lightbulb"},{"floor":12,"key":"Anchor"},{"floor":15,"key":"Blood Vial"},{"floor":28,"key":"InkBottle"},{"floor":41,"key":"FossilizedHelix"},{"floor":42,"key":"Bottled Flame"},{"floor":45,"key":"Juzu Bracelet"},{"floor":47,"key":"Darkstone Periapt"}],"event_choices":[{"damage_healed":0,"gold_gain":1,"player_choice":"1","damage_taken":0,"max_hp_gain":0,"max_hp_loss":0,"event_name":"betterStone:BetterStone","floor":7,"gold_loss":0},{"damage_healed":0,"gold_gain":0,"player_choice":"Madness","damage_taken":0,"relics_obtained":["betterThird:NestCultRelic"],"max_hp_gain":0,"max_hp_loss":0,"event_name":"betterThird:BetterNest","floor":19,"gold_loss":0},{"damage_healed":0,"gold_gain":0,"cards_transformed":["Moonworks:SakisCookie"],"player_choice":"Transformed","damage_taken":0,"max_hp_gain":0,"max_hp_loss":0,"event_name":"Transmorgrifier","floor":20,"gold_loss":0,"cards_obtained":["Moonworks:SelfDestruct"]},{"damage_healed":0,"gold_gain":0,"player_choice":"Fight","damage_taken":0,"max_hp_gain":0,"max_hp_loss":0,"event_name":"MindBloom","floor":41,"gold_loss":0},{"damage_healed":17,"gold_gain":0,"player_choice":"Writhe","damage_taken":0,"max_hp_gain":0,"max_hp_loss":0,"event_name":"Winding Halls","floor":49,"gold_loss":0,"cards_obtained":["Writhe"]}],"is_beta":false,"boss_relics":[{"not_picked":["Snecko Eye","energizedSpire:StickyHand"],"picked":"energizedSpire:CursedPentagram"},{"not_picked":["Replay:Drink Me","Fusion Hammer"],"picked":"Coffee Dripper"}],"items_purged_floors":[0,0,22,30,39],"is_endless":false,"potions_floor_spawned":[11,13,16,18,24,27,33,37,42,43],"ascension_level":0}}