{"host":"4g8vayc9pwrwu92h","time":1610514258,"event":{"mods":["Act Like it!","BaseMod","Downfall","Friendly Minions","Minty Spire (QoL Compilation)","Pale of the Ancients","StSLib","The Jungle"],"gold_per_floor":[599,599,599,599,619,544,619,719,569,579,592,592,625,307,320,418,418,343,356,368,378,408,443,443,393,393,393,793,793,793,813,826,922,922,922,934,934,764,864,876,876,801,813,268,282,282,308,318,333,333],"floor_reached":51,"language":"ZHS","playtime":5720,"items_purged":[],"score":820,"play_id":"7543edf1-44cd-49a1-936a-29cd65fbafc7","local_time":"20210113130418","is_ascension_mode":false,"campfire_choices":[{"floor":1,"key":"RECALL"},{"data":"Guardian:FloatingOrbs","floor":6,"key":"SMITH"},{"data":"Guardian:SpikerProtocol","floor":12,"key":"SMITH"},{"data":"Guardian:Orbwalk","floor":18,"key":"SMITH"},{"data":"Guardian:VentSteam","floor":26,"key":"SMITH"},{"data":"Guardian:GemFinder","floor":29,"key":"SMITH"},{"data":"Guardian:BaubleBeam","floor":35,"key":"SMITH"},{"data":"Guardian:WalkerClaw","floor":42,"key":"SMITH"}],"circlet_count":0,"master_deck":["Guardian:Strike_Guardian+1","Guardian:Strike_Guardian+1","Guardian:Strike_Guardian+1","Guardian:Strike_Guardian+1","Guardian:Defend_Guardian+1","Guardian:Defend_Guardian+1","Guardian:Defend_Guardian+1","Guardian:Defend_Guardian+1","Guardian:CurlUp+1","Guardian:TwinSlam+1","Guardian:VentSteam+1","Guardian:TemporalStrike","Guardian:FloatingOrbs+1","Guardian:Recover","Guardian:SpikerProtocol+1","Guardian:EvasiveProtocol","Guardian:Orbwalk+1","expansioncontent:AwakenDeath","Guardian:ShieldCharger+1","Guardian:GemFinder+1","Guardian:TimeCapacitor","Guardian:PolyBeam+1","Guardian:CrystalBeam+1","Guardian:Gem_Red","Guardian:ArmoredProtocol","Guardian:BaubleBeam+1","Guardian:SentryBeam+1","expansioncontent:HyperBeam","expansioncontent:BronzeBeam","Guardian:WalkerClaw+1","Guardian:RevengeProtocol","Guardian:SpikerProtocol","Guardian:Recover","Slimebound:Icky","Guardian:Gem_Red","Deep Breath","Guardian:Gem_Red","Guardian:FloatingOrbs+1","Guardian:Gem_Synthetic","Guardian:DonusPower+1","Guardian:Gem_Red","Guardian:Gem_Red","Guardian:Gem_Fragmented","Guardian:TimeBomb+1"],"relics":["Guardian:ModeShifterPlus","downfall:HeartsMalice","downfall:HeartBlessingRed","Singing Bowl","Dead Branch","Lantern","downfall:HeartBlessingGreen","Red Mask","Pen Nib","Shuriken","HornCleat","Old Coin","Eternal Feather","Strange Spoon","downfall:GremlinSack","downfall:HeartBlessingBlue","War Paint","Guardian:BottledStasis","Pear","Kunai"],"acts_visited":["TheCity","TheBeyond"],"potions_floor_usage":[13,22,23,28,33,50,50,50],"damage_taken":[{"damage":0,"enemies":"Small Slimes","floor":2,"turns":1},{"damage":0,"enemies":"Cultist","floor":3,"turns":1},{"damage":0,"enemies":"Jaw Worm","floor":4,"turns":1},{"damage":6,"enemies":"Large Slime","floor":5,"turns":6},{"damage":5,"enemies":"Exordium Thugs","floor":10,"turns":3},{"damage":4,"enemies":"3 Louse","floor":11,"turns":2},{"damage":6,"enemies":"Gremlin Nob","floor":13,"turns":3},{"damage":0,"enemies":"downfall:FleeingMerchant","floor":14,"turns":4},{"damage":3,"enemies":"Blue Slaver","floor":15,"turns":3},{"damage":12,"enemies":"downfall:Watcher","floor":16,"turns":5},{"damage":0,"enemies":"Chosen","floor":19,"turns":4},{"damage":0,"enemies":"3 Byrds","floor":20,"turns":1},{"damage":0,"enemies":"Snecko","floor":21,"turns":6},{"damage":16,"enemies":"Masked Bandits","floor":22,"turns":4},{"damage":6,"enemies":"Slavers","floor":23,"turns":6},{"damage":15,"enemies":"downfall:Silent","floor":28,"turns":6},{"damage":9,"enemies":"Centurion and Healer","floor":31,"turns":5},{"damage":4,"enemies":"Shelled Parasite and Fungi","floor":32,"turns":4},{"damage":48,"enemies":"downfall:Ironclad","floor":33,"turns":6},{"damage":16,"enemies":"3 Darklings","floor":36,"turns":4},{"damage":0,"enemies":"downfall:FleeingMerchant","floor":38,"turns":4},{"damage":0,"enemies":"downfall:FleeingMerchant","floor":39,"turns":3},{"damage":10,"enemies":"3 Shapes","floor":40,"turns":3},{"damage":9,"enemies":"Transient","floor":43,"turns":5},{"damage":0,"enemies":"downfall:FleeingMerchant","floor":44,"turns":4},{"damage":36,"enemies":"Sphere and 2 Shapes","floor":45,"turns":4},{"damage":0,"enemies":"Giant Head","floor":47,"turns":5},{"damage":5,"enemies":"Jaw Worm Horde","floor":48,"turns":4},{"damage":9,"enemies":"Writhing Mass","floor":49,"turns":4},{"damage":74,"enemies":"downfall:Silent","floor":50,"turns":9}],"seed_played":"8104796922774319104","potions_obtained":[{"floor":10,"key":"DuplicationPotion"},{"floor":11,"key":"SteroidPotion"},{"floor":13,"key":"Fire Potion"},{"floor":16,"key":"Energy Potion"},{"floor":22,"key":"Dexterity Potion"},{"floor":23,"key":"FearPotion"},{"floor":31,"key":"PowerPotion"},{"floor":36,"key":"LiquidBronze"}],"is_trial":false,"path_per_floor":["R","M","M","M","M","R","T","?","?","M","M","R","E","$","M","B",null,"R","M","M","M","?","E","T","?","R","T","?","R","?","M","M","B",null,"R","M","?","$","?","M","T","R","M","$","M","?","E","M","M","B",null],"character_chosen":"GUARDIAN","items_purchased":["Guardian:Orbwalk","Lantern","expansioncontent:AwakenDeath","Strange Spoon","Guardian:Gem_Synthetic","Guardian:DonusPower","War Paint","Guardian:BottledStasis"],"campfire_rested":0,"item_purchase_floors":[14,14,14,38,44,44,44,44],"current_hp_per_floor":[100,100,100,100,94,94,94,94,110,105,103,103,97,97,94,82,112,112,112,112,112,96,92,92,114,114,114,99,111,111,102,98,50,114,114,98,93,93,95,87,87,118,111,111,77,87,89,84,75,1],"gold":333,"neow_bonus":"THREE_ENEMY_KILL","is_daily":false,"chose_seed":false,"campfire_upgraded":7,"win_rate":0.0,"timestamp":1610514258,"path_taken":["R","M","M","M","M","R","T","?","?","?","M","R","E","$","M","BOSS","R","M","M","M","?","E","T","?","R","?","?","R","?","M","M","BOSS","R","M","?","$","?","M","T","R","M","$","?","?","E","M","M","BOSS"],"items_purchased_type":["Card","Relic","Card","Relic","Card","Card","Relic","Relic"],"build_version":"2020-12-22","purchased_purges":0,"victory":true,"max_hp_per_floor":[100,100,100,100,100,100,100,100,110,110,112,112,112,112,112,112,112,112,112,112,112,112,114,114,114,114,114,114,114,114,114,114,114,114,114,114,114,114,116,118,118,128,130,130,132,142,144,144,144,144],"card_choices":[{"not_picked":["Guardian:RollAttack","Guardian:ShieldCharger"],"picked":"Guardian:VentSteam","floor":2},{"not_picked":["Guardian:Recover","Guardian:Gem_Lightblue"],"picked":"Guardian:TemporalStrike","floor":3},{"not_picked":["Guardian:WalkerClaw","Guardian:BronzeOrb"],"picked":"Guardian:FloatingOrbs","floor":4},{"not_picked":["Guardian:Reroute","Guardian:Gem_Lightblue"],"picked":"Guardian:Recover","floor":5},{"not_picked":["Guardian:VentSteam","Guardian:Gem_Lightblue"],"picked":"Guardian:SpikerProtocol","floor":10},{"not_picked":["Guardian:Recover","Guardian:PrimingBeam","Guardian:GemFire"],"picked":"Singing Bowl","floor":11},{"not_picked":["Guardian:Incinerate","Guardian:Suspension"],"picked":"Guardian:EvasiveProtocol","floor":13},{"not_picked":["Guardian:Clone","Guardian:Preprogram"],"picked":"Guardian:Gem_Fragmented","floor":14},{"not_picked":["Guardian:Reroute","Guardian:Gem_Fragmented"],"picked":"Guardian:ShieldCharger","floor":15},{"not_picked":["Guardian:FierceBash","Guardian:BaubleBeam"],"picked":"Guardian:GemFinder","floor":16},{"not_picked":["Guardian:Gem_Lightblue","Guardian:Gem_Green"],"picked":"Guardian:Gem_Red","floor":19},{"not_picked":["Guardian:Incinerate+1","Guardian:Suspension"],"picked":"Guardian:Gem_Yellow","floor":19},{"not_picked":["Guardian:PrimingBeam","Guardian:VentSteam"],"picked":"Guardian:TimeCapacitor","floor":20},{"not_picked":["Guardian:Gem_Cyan","Guardian:Gem_Green"],"picked":"Guardian:Gem_Red","floor":21},{"not_picked":["Guardian:ArmoredProtocol","Guardian:Gem_Green","Guardian:SpikerProtocol+1"],"picked":"SKIP","floor":21},{"not_picked":["Guardian:SpikerProtocol","Guardian:CrystalBeam"],"picked":"Guardian:PolyBeam+1","floor":22},{"not_picked":["Guardian:Gem_Green","Guardian:Gem_Cyan"],"picked":"Guardian:Gem_Red","floor":23},{"not_picked":["Guardian:Incinerate","Guardian:TemporalStrike","Guardian:TemporalShield"],"picked":"Singing Bowl","floor":23},{"not_picked":["Guardian:FloatingOrbs","Guardian:Preprogram+1"],"picked":"Guardian:CrystalBeam+1","floor":28},{"not_picked":["Guardian:Gem_Green","Guardian:Gem_Cyan"],"picked":"Guardian:Gem_Red","floor":31},{"not_picked":["Guardian:Suspension","Guardian:GemFinder"],"picked":"Guardian:ArmoredProtocol","floor":31},{"not_picked":["Guardian:Gem_Green","Guardian:Gem_Lightblue"],"picked":"Guardian:Gem_Red","floor":32},{"not_picked":["Guardian:GuardianWhirl","Guardian:Gem_Green"],"picked":"Guardian:Gem_White","floor":32},{"not_picked":["Guardian:Gem_Lightblue","Guardian:Gem_Green"],"picked":"Guardian:Gem_Red","floor":33},{"not_picked":["Guardian:GemFire","Guardian:ConstructionForm"],"picked":"Guardian:BaubleBeam","floor":33},{"not_picked":["Guardian:Gem_Cyan","Guardian:Gem_Green"],"picked":"Guardian:Gem_Red","floor":36},{"not_picked":["Guardian:ShieldSpikes","Guardian:Suspension+1"],"picked":"Guardian:SentryBeam+1","floor":36},{"not_picked":["expansioncontent:FaceSlap","expansioncontent:AwakenDeath"],"picked":"expansioncontent:HyperBeam","floor":37},{"not_picked":["expansioncontent:HyperBeam","expansioncontent:GoopSpray"],"picked":"expansioncontent:BronzeBeam","floor":37},{"not_picked":["Guardian:Gem_Lightblue","Guardian:CrystalBeam+1"],"picked":"Guardian:WalkerClaw","floor":38},{"not_picked":["Guardian:MultiBeam+1","Guardian:Reroute","Guardian:PrimingBeam"],"picked":"Singing Bowl","floor":39},{"not_picked":["Guardian:TemporalStrike","Guardian:Planning+1","Guardian:TimeBomb"],"picked":"Singing Bowl","floor":40},{"not_picked":["Guardian:Gem_Green","Guardian:Gem_Cyan"],"picked":"Guardian:Gem_Red","floor":43},{"not_picked":["Guardian:RefractedBeam","Guardian:BronzeOrb","Guardian:ShieldCharger+1"],"picked":"Singing Bowl","floor":43},{"not_picked":["Guardian:Gem_Cyan","Guardian:TimeCapacitor+1"],"picked":"Guardian:FloatingOrbs+1","floor":44},{"not_picked":["Guardian:TemporalShield+1","Guardian:DecasProtection","Guardian:CrystalBeam+1"],"picked":"Singing Bowl","floor":45},{"not_picked":["Guardian:Gem_Lightblue","Guardian:Gem_Green"],"picked":"Guardian:Gem_Red","floor":47},{"not_picked":["Guardian:ArmoredProtocol+1","Guardian:PiercingHide+1","Guardian:StasisField"],"picked":"Singing Bowl","floor":47},{"not_picked":["Guardian:Gem_Green","Guardian:Gem_Lightblue"],"picked":"Guardian:Gem_Red","floor":48},{"not_picked":["Guardian:EvasiveProtocol+1","Guardian:TemporalStrike+1"],"picked":"Guardian:Gem_Fragmented","floor":48},{"not_picked":["Guardian:ExploitGems","Guardian:PiercingHide+1"],"picked":"Guardian:TimeBomb+1","floor":49}],"player_experience":398281,"relics_obtained":[{"floor":7,"key":"Singing Bowl"},{"floor":13,"key":"Dead Branch"},{"floor":22,"key":"Red Mask"},{"floor":23,"key":"Pen Nib"},{"floor":24,"key":"Shuriken"},{"floor":27,"key":"HornCleat"},{"floor":28,"key":"Old Coin"},{"floor":28,"key":"Eternal Feather"},{"floor":39,"key":"downfall:GremlinSack"},{"floor":46,"key":"Pear"},{"floor":47,"key":"Kunai"}],"event_choices":[{"damage_healed":0,"gold_gain":0,"player_choice":"Fought Bandits","damage_taken":0,"max_hp_gain":0,"max_hp_loss":0,"event_name":"Masked Bandits","floor":22,"gold_loss":0}],"is_beta":false,"boss_relics":[{"not_picked":["SacredBark","Black Star"],"picked":"Guardian:ModeShifterPlus"},{"not_picked":["Runic Pyramid","Snecko Eye","Philosopher\u0027s Stone"]}],"items_purged_floors":[],"is_endless":false,"potions_floor_spawned":[10,11,13,16,20,22,23,31,36,40,45],"ascension_level":0}}