{"host":"qrt7o4dq2qslzw13","time":1610562378,"event":{"mods":["AchievementEnabler","BaseMod","Colored Map","Colored Powertips","Minty Spire (QoL Compilation)","Quick Restart","StSLib","SuperFastMode"],"gold_per_floor":[119,294,312,328,328,328,175,175,201,275,193,216,236,250,250,380,380,405,405,428,428,446,481,481,515,539,539,563,563,587,30,30,155,155,178,138,12,32,48,48,83,83,83,83,9,22,22,46,46,46,46],"floor_reached":50,"language":"ENG","playtime":15703,"items_purged":[],"score":552,"play_id":"bd40beaa-132b-4dcb-8e90-88dd16b35713","local_time":"20210113132618","is_ascension_mode":false,"campfire_choices":[{"data":"Zap","floor":6.0,"key":"SMITH"},{"data":"Loop","floor":8.0,"key":"SMITH"},{"data":"Sunder","floor":15.0,"key":"SMITH"},{"floor":24.0,"key":"REST"},{"floor":27.0,"key":"REST"},{"data":"Chaos","floor":29.0,"key":"SMITH"},{"floor":32.0,"key":"REST"},{"data":"Static Discharge","floor":40,"key":"SMITH"},{"data":"Enlightenment","floor":47,"key":"SMITH"},{"floor":49,"key":"REST"}],"circlet_count":0,"master_deck":["Strike_B","Strike_B","Strike_B","Strike_B+1","Defend_B","Defend_B","Defend_B","Defend_B","Zap+1","Dualcast","Sunder+1","Doubt","Turbo","Leap","Injury","Doom and Gloom","Hologram","BootSequence","Core Surge","Loop+1","Genetic Algorithm","Barrage","Redo","Go for the Eyes","Self Repair","Buffer+1","Chaos+1","Beam Cell","Redo+1","Static Discharge+1","Chaos","Undo+1","Sadistic Nature","Seek+1","Good Instincts","Compile Driver+1","Chill+1","Doubt","Enlightenment+1","Darkness","Double Energy"],"relics":["Cracked Core","NeowsBlessing","Golden Idol","Orrery","Orichalcum","Runic Pyramid","Shuriken","Bronze Scales","The Courier","Lantern","Bottled Tornado","Inserter","Anchor","Mango"],"acts_visited":["Exordium","TheCity","TheBeyond"],"potions_floor_usage":[39,46,50],"damage_taken":[{"damage":0.0,"enemies":"Jaw Worm","floor":1.0,"turns":1.0},{"damage":0.0,"enemies":"2 Louse","floor":3.0,"turns":1.0},{"damage":0.0,"enemies":"Cultist","floor":4.0,"turns":1.0},{"damage":0.0,"enemies":"Large Slime","floor":12.0,"turns":6.0},{"damage":9.0,"enemies":"Exordium Thugs","floor":13.0,"turns":4.0},{"damage":8.0,"enemies":"2 Fungi Beasts","floor":14.0,"turns":3.0},{"damage":9.0,"enemies":"Slime Boss","floor":16.0,"turns":10.0},{"damage":0.0,"enemies":"Chosen","floor":18.0,"turns":4.0},{"damage":13.0,"enemies":"Shell Parasite","floor":20.0,"turns":7.0},{"damage":10.0,"enemies":"Sentry and Sphere","floor":22.0,"turns":6.0},{"damage":32.0,"enemies":"Book of Stabbing","floor":23.0,"turns":7.0},{"damage":31.0,"enemies":"Gremlin Leader","floor":25.0,"turns":9.0},{"damage":0.0,"enemies":"Cultist and Chosen","floor":28.0,"turns":6.0},{"damage":23.0,"enemies":"Shelled Parasite and Fungi","floor":30.0,"turns":5.0},{"damage":10.0,"enemies":"Champ","floor":33.0,"turns":13.0},{"damage":6.0,"enemies":"3 Shapes","floor":35.0,"turns":6.0},{"damage":0.0,"enemies":"Orb Walker","floor":38.0,"turns":4.0},{"damage":20,"enemies":"3 Darklings","floor":39,"turns":5},{"damage":51,"enemies":"Reptomancer","floor":41,"turns":7},{"damage":15,"enemies":"Maw","floor":46,"turns":12},{"damage":23,"enemies":"Jaw Worm Horde","floor":48,"turns":5},{"damage":78,"enemies":"Awakened One","floor":50,"turns":7}],"seed_played":"-7287934582023689744","potions_obtained":[{"floor":1.0,"key":"SpeedPotion"},{"floor":3.0,"key":"Strength Potion"},{"floor":13.0,"key":"SteroidPotion"},{"floor":25.0,"key":"DuplicationPotion"},{"floor":28.0,"key":"LiquidMemories"},{"floor":30.0,"key":"Fire Potion"}],"is_trial":false,"path_per_floor":["M","?","M","M","?","R","$","R","T","?","$","M","M","M","R","B",null,"M","?","M","?","M","E","R","E","T","R","M","R","M","$","R","B",null,"M","?","$","M","M","R","E","$","T","?","$","M","R","M","R","B"],"character_chosen":"DEFECT","items_purchased":["Orrery","Genetic Algorithm","Barrage","Sadistic Nature","Seek","Bottled Tornado","Good Instincts","Anchor","Enlightenment"],"campfire_rested":4,"item_purchase_floors":[7,11,11,31,31,31,31,37,45],"current_hp_per_floor":[75,75,75,75,75,75,75,75,75,75,75,75,66,58,58,49,75,75,75,69,69,66,41,63,39,39,61,68,68,52,52,74,71,75,69,69,69,75,55,55,25,25,25,89,89,74,74,51,77,0,0],"gold":46,"neow_bonus":"THREE_ENEMY_KILL","is_daily":false,"chose_seed":false,"campfire_upgraded":6,"win_rate":0.0,"timestamp":1610562378,"path_taken":["M","?","M","M","?","R","$","R","T","?","?","M","M","?","R","BOSS","M","?","?","?","?","E","R","E","T","R","M","R","M","$","R","BOSS","M","?","?","M","M","R","E","$","T","?","$","M","R","M","R","BOSS"],"items_purchased_type":["Relic","Card","Card","Card","Card","Relic","Card","Relic","Card"],"build_version":"2020-12-22","purchased_purges":0,"victory":false,"max_hp_per_floor":[75,75,75,75,75,75,75,75,75,75,75,75,75,75,75,75,75,75,75,75,75,75,75,75,75,75,75,75,75,75,75,75,75,75,75,75,75,75,75,75,89,89,89,89,89,89,89,89,89,89,89],"card_choices":[{"not_picked":["Storm","Rip and Tear"],"picked":"Sunder","floor":1.0},{"not_picked":["Reinforced Body","Rip and Tear"],"picked":"Turbo","floor":3.0},{"not_picked":["Double Energy","Steam"],"picked":"Leap","floor":4.0},{"not_picked":["Redo","Barrage"],"picked":"Doom and Gloom","floor":7.0},{"not_picked":["Redo","Steam"],"picked":"Hologram","floor":7.0},{"not_picked":["Beam Cell","Hologram"],"picked":"BootSequence","floor":7.0},{"not_picked":["Leap","Go for the Eyes"],"picked":"Core Surge","floor":7.0},{"not_picked":["Leap","BootSequence"],"picked":"Loop","floor":7.0},{"not_picked":["Stack","Loop"],"picked":"Redo","floor":12.0},{"not_picked":["Stack","Hologram"],"picked":"Go for the Eyes","floor":13.0},{"not_picked":["Sunder","Barrage"],"picked":"Self Repair","floor":14.0},{"not_picked":["Machine Learning","Meteor Strike"],"picked":"Buffer","floor":16.0},{"not_picked":["Cold Snap","Rebound+1"],"picked":"Chaos","floor":18.0},{"not_picked":["Gash+1","Compile Driver"],"picked":"Beam Cell","floor":20.0},{"not_picked":["Steam","Rebound","Coolheaded"],"picked":"SKIP","floor":22.0},{"not_picked":["Melter","Blizzard"],"picked":"Redo+1","floor":23.0},{"not_picked":["Amplify","Double Energy+1"],"picked":"Static Discharge","floor":25.0},{"not_picked":["Conserve Battery","Steam Power"],"picked":"Chaos","floor":28.0},{"not_picked":["Rebound","Coolheaded"],"picked":"Undo+1","floor":30.0},{"not_picked":["Rebound+1","Barrage+1"],"picked":"Compile Driver+1","floor":35.0},{"not_picked":["Steam","Melter","Self Repair"],"picked":"SKIP","floor":38.0},{"not_picked":["Doom and Gloom+1","Ball Lightning"],"picked":"Chill+1","floor":39},{"not_picked":["FTL+1","Chaos+1","Sunder"],"picked":"SKIP","floor":41},{"not_picked":["Heatsinks","Conserve Battery+1"],"picked":"Darkness","floor":46},{"not_picked":["Aggregate+1","Barrage"],"picked":"Double Energy","floor":48}],"player_experience":541448,"relics_obtained":[{"floor":9.0,"key":"Orichalcum"},{"floor":23.0,"key":"Bronze Scales"},{"floor":25.0,"key":"The Courier"},{"floor":26.0,"key":"Lantern"},{"floor":41,"key":"Mango"}],"event_choices":[{"damage_healed":0.0,"max_hp_gain":0.0,"max_hp_loss":0.0,"gold_gain":175.0,"event_name":"Liars Game","player_choice":"AGREE","floor":2.0,"gold_loss":0.0,"damage_taken":0.0,"cards_obtained":["Doubt"]},{"damage_healed":0.0,"max_hp_gain":0.0,"max_hp_loss":0.0,"gold_gain":0.0,"event_name":"Golden Idol","player_choice":"Take Wound","floor":5.0,"gold_loss":0.0,"damage_taken":0.0,"relics_obtained":["Golden Idol"],"cards_obtained":["Injury"]},{"damage_healed":0.0,"max_hp_gain":0.0,"max_hp_loss":0.0,"gold_gain":74.0,"event_name":"Golden Wing","player_choice":"Gained Gold","floor":10.0,"gold_loss":0.0,"damage_taken":0.0},{"damage_healed":0.0,"max_hp_gain":0.0,"max_hp_loss":0.0,"gold_gain":0.0,"event_name":"WeMeetAgain","player_choice":"Gave Potion","floor":19.0,"gold_loss":0.0,"damage_taken":0.0,"relics_obtained":["Shuriken"]},{"damage_healed":0.0,"max_hp_gain":0.0,"max_hp_loss":0.0,"gold_gain":0.0,"event_name":"Accursed Blacksmith","player_choice":"Forge","floor":21.0,"gold_loss":0.0,"damage_taken":0.0,"cards_upgraded":["Buffer"]},{"damage_healed":0.0,"max_hp_gain":0.0,"max_hp_loss":0.0,"gold_gain":0.0,"event_name":"Designer","player_choice":"Upgraded Two","floor":36.0,"gold_loss":40.0,"damage_taken":0.0,"cards_upgraded":["Strike_B","Seek"]},{"damage_healed":64,"gold_gain":0,"player_choice":"Heal","damage_taken":0,"max_hp_gain":0,"max_hp_loss":0,"event_name":"MindBloom","floor":44,"gold_loss":0,"cards_obtained":["Doubt"]}],"is_beta":false,"boss_relics":[{"not_picked":["SacredBark","Black Star"],"picked":"Runic Pyramid"},{"not_picked":["Pandora\u0027s Box","FrozenCore"],"picked":"Inserter"}],"items_purged_floors":[],"is_endless":false,"potions_floor_spawned":[1,3,13,16,25,28,30,35,38],"killed_by":"Awakened One","ascension_level":0}}