{"host":"dhr6iszse2qz12e2","time":1610543228,"event":{"mods":["100% Spire Juice","2.2 Compatiblity","A Magickal Journey","Act Like it!","BaseMod","Bestiary","Better Note","BetterRewards","Colored Map","Downfall","Gensokyo","Hermit","Hubris","Infinite Spire","Marisa????????","Minty Spire (QoL Compilation)","Permanent Neow","Quick Restart","Reimu??????","Replay The Spire","Shop Mod","StSLib","Td1madao Mod","The Administrix","The Animator","The Bug Knight","The Cursed","The Gatherer","The Hierophant","The IronCluck","The Jungle","The Servant 0.9.4","everything is the same but u backflip on backflip","slay the spire mod where everything is the same but ironclad has a cowboy hat","??????REMEMod"],"gold_per_floor":[113,113,113,125,137,137,137,166,166,91,91,147,147,177,177,276,276,291,291,301,301,318,318,318],"floor_reached":23,"language":"ENG","playtime":1056,"items_purged":[],"score":301,"play_id":"e1b751cf-403c-45eb-afbf-10240c4b0e55","local_time":"20210113150708","is_ascension_mode":true,"campfire_choices":[{"data":"Moonworks:RagingMadness","floor":6,"key":"SMITH"},{"data":"Moonworks:AwakeningOfTalent","floor":11,"key":"SMITH"},{"floor":15,"key":"REST"}],"circlet_count":0,"master_deck":["Moonworks:Strike+1","Moonworks:Strike+1","Moonworks:Strike+1","Moonworks:Strike+1","Moonworks:Defend+1","Moonworks:Defend+1","Moonworks:Defend+1","Moonworks:Defend+1","Moonworks:Ambush","Moonworks:LongDistanceShot","Moonworks:AwakeningOfTalent+1","Moonworks:RagingMadness+1","Moonworks:RagingMadness+1","Moonworks:ImOnFire","Moonworks:RagingMadness+1","Moonworks:GoAway","infinitespire:Fortify"],"relics":["TheCursedMod:BlackMagic101","Moonworks:Homemark","REME_ComplimentaryCards","Replay:Bottled Flurry","HollowMod:StagPassRelic","Mummified Hand","InkBottle","infinitespire:Cubic Diamond","Odd Mushroom","REME_ChargedStone"],"acts_visited":["Exordium","TheCity"],"potions_floor_usage":[12,12,14],"damage_taken":[{"damage":0,"enemies":"Jaw Worm","floor":1,"turns":2},{"damage":0,"enemies":"Cultist","floor":4,"turns":2},{"damage":0,"enemies":"2 Louse","floor":5,"turns":2},{"damage":17,"enemies":"3 Sentries","floor":8,"turns":5},{"damage":10,"enemies":"3 Sentries","floor":12,"turns":6},{"damage":6,"enemies":"The Mushroom Lair","floor":14,"turns":3},{"damage":13,"enemies":"The Guardian","floor":16,"turns":10},{"damage":13,"enemies":"2 Thieves","floor":18,"turns":3},{"damage":10,"enemies":"3 Byrds","floor":20,"turns":3},{"damage":20,"enemies":"Centurion and Healer","floor":22,"turns":3},{"damage":6,"enemies":"HollowMod:Nosk","floor":23,"turns":3}],"seed_played":"3370790181216955117","potions_obtained":[{"floor":1,"key":"EssenceOfSteel"},{"floor":4,"key":"EssenceOfSteel"},{"floor":8,"key":"PowerPotion"},{"floor":14,"key":"Explosive Potion"}],"is_trial":false,"path_per_floor":["M","?","$","M","M","R","$","E","T","$","R","?","?","?","R","B",null,"M","?","M","?","M","E"],"character_chosen":"THE_STARBREAKER","items_purchased":["Moonworks:AwakeningOfTalent","Moonworks:RagingMadness","Moonworks:RagingMadness"],"campfire_rested":1,"item_purchase_floors":[0,0,10],"current_hp_per_floor":[36,36,36,36,36,36,36,19,19,19,19,9,9,3,21,8,60,47,47,37,22,2,0,0],"gold":318,"neow_bonus":"","is_daily":false,"chose_seed":false,"campfire_upgraded":2,"win_rate":0.0,"timestamp":1610543228,"path_taken":["M","?","?","M","M","R","$","E","T","$","R","?","?","?","R","BOSS","M","?","M","?","M","E"],"items_purchased_type":["Card","Card","Card"],"build_version":"2020-12-22","purchased_purges":0,"victory":false,"max_hp_per_floor":[60,60,60,60,60,60,60,60,60,60,60,60,60,60,60,60,60,60,60,60,60,60,60,60],"card_choices":[{"not_picked":["Moonworks:JonathanRush","Moonworks:EvilSpyWorkPreparation","Moonworks:BackdoorTrade"],"picked":"SKIP","floor":1},{"not_picked":["Moonworks:BigMagnum","Moonworks:EvilSpyWorkPreparation"],"picked":"Moonworks:ImOnFire","floor":4},{"not_picked":["Moonworks:BackdoorTrade","Moonworks:LulusLuckyEgg","Moonworks:ImmovableObject"],"picked":"SKIP","floor":5},{"not_picked":["Moonworks:SweetBattle","Moonworks:LuckyCharm","Moonworks:TacticalRetreat"],"picked":"SKIP","floor":8},{"not_picked":["Moonworks:StarBlastingFuse","Moonworks:Wanted"],"picked":"Moonworks:GoAway","floor":16},{"not_picked":["Moonworks:Assault+1","Moonworks:NicePresent+1","Moonworks:ReproductionOfRecords"],"picked":"SKIP","floor":18},{"not_picked":["Moonworks:Assault","Moonworks:JonathanRush+1","Moonworks:IntelligenceOfficer"],"picked":"SKIP","floor":20},{"not_picked":["infinitespire:Execution","ReplayTheSpireMod:Echoes of Time"],"picked":"infinitespire:Fortify","floor":21},{"not_picked":["Moonworks:JonathanRush","Moonworks:EvilSpyWorkPreparation","Moonworks:IntelligenceOfficer"],"picked":"SKIP","floor":22}],"player_experience":475793,"relics_obtained":[{"floor":8,"key":"HollowMod:StagPassRelic"},{"floor":9,"key":"Mummified Hand"},{"floor":12,"key":"InkBottle"},{"floor":14,"key":"Odd Mushroom"}],"event_choices":[{"damage_healed":0,"gold_gain":0,"player_choice":"Searched \u00271\u0027 times","damage_taken":0,"max_hp_gain":0,"max_hp_loss":0,"event_name":"Dead Adventurer","floor":12,"gold_loss":0},{"damage_healed":0,"gold_gain":0,"player_choice":"Fought Mushrooms","damage_taken":0,"max_hp_gain":0,"max_hp_loss":0,"event_name":"Mushrooms","floor":14,"gold_loss":0},{"damage_healed":0,"gold_gain":0,"player_choice":"Simplicity","damage_taken":0,"max_hp_gain":0,"max_hp_loss":0,"event_name":"Back to Basics","floor":19,"gold_loss":0,"cards_upgraded":["Moonworks:Strike","Moonworks:Strike","Moonworks:Strike","Moonworks:Strike","Moonworks:Defend","Moonworks:Defend","Moonworks:Defend","Moonworks:Defend"]}],"is_beta":false,"boss_relics":[{"not_picked":["REME_DuelDisc","Pandora\u0027s Box"],"picked":"REME_ChargedStone"}],"items_purged_floors":[],"is_endless":false,"potions_floor_spawned":[1,4,8,14],"killed_by":"HollowMod:Nosk","ascension_level":1}}