{"host":"3l94tha3a4jgu0q4","time":1610516280,"event":{"mods":["2.2 Compatiblity","AchievementEnabler","BaseMod","Colored Map","Colored Powertips","Highlight Path","Minty Spire (QoL Compilation)","Permanent Neow","StSLib","SuperFastMode","The IronCluck","slay the spire mod where everything is the same but ironclad has a cowboy hat"],"gold_per_floor":[114,128,128,146,32,63,63,63,89,89,115,129,158,158,158,236,236,246,246,246,266,316,316,347,359,371,383,426,438,130,147,147,147,147],"floor_reached":33,"language":"ENG","playtime":477,"items_purged":["Strike_P","Writhe"],"score":673,"play_id":"8262fac1-1ca4-44e6-a109-94b96742f7c4","local_time":"20210112213800","is_ascension_mode":true,"campfire_choices":[{"data":"SashWhip","floor":7.0,"key":"SMITH"},{"data":"ReachHeaven","floor":10.0,"key":"SMITH"},{"data":"Wallop","floor":15.0,"key":"SMITH"},{"floor":23.0,"key":"REST"},{"data":"Eruption","floor":27,"key":"SMITH"},{"floor":29,"key":"REST"},{"data":"Eruption","floor":32,"key":"SMITH"}],"circlet_count":0,"master_deck":["AscendersBane","Strike_P","Strike_P","Strike_P","Defend_P","Defend_P+1","Defend_P","Defend_P","Eruption+1","Vigilance","FlyingSleeves","Eruption+1","EmptyFist","ReachHeaven+1","SashWhip+1","WheelKick","Wallop+1","Judgement+1","Worship","MentalFortress","Brilliance+1","BowlingBash+1","EmptyBody"],"relics":["Velvet Choker","Ancient Tea Set","Akabeko","Bottled Flame","Damaru","Sozu","Enchiridion","MawBank","Smiling Mask","Molten Egg 2","War Paint","Membership Card","Bag of Marbles"],"acts_visited":["Exordium","TheCity"],"potions_floor_usage":[33],"damage_taken":[{"damage":0.0,"enemies":"Jaw Worm","floor":1.0,"turns":4.0},{"damage":4.0,"enemies":"Cultist","floor":2.0,"turns":3.0},{"damage":0.0,"enemies":"2 Louse","floor":4.0,"turns":1.0},{"damage":22.0,"enemies":"3 Sentries","floor":6.0,"turns":7.0},{"damage":0.0,"enemies":"Gremlin Nob","floor":11.0,"turns":2.0},{"damage":0.0,"enemies":"Exordium Thugs","floor":12.0,"turns":3.0},{"damage":7.0,"enemies":"Lagavulin","floor":13.0,"turns":4.0},{"damage":0.0,"enemies":"Slime Boss","floor":16.0,"turns":3.0},{"damage":0.0,"enemies":"Chosen","floor":18.0,"turns":3.0},{"damage":0.0,"enemies":"Spheric Guardian","floor":21.0,"turns":2.0},{"damage":17.0,"enemies":"Slavers","floor":24.0,"turns":3.0},{"damage":29,"enemies":"Gremlin Leader","floor":28,"turns":6},{"damage":0,"enemies":"Centurion and Healer","floor":31,"turns":2},{"damage":32,"enemies":"Champ","floor":33,"turns":7}],"seed_played":"-6520658239355008664","potions_obtained":[{"floor":11.0,"key":"Swift Potion"},{"floor":13.0,"key":"AttackPotion"},{"floor":16.0,"key":"Weak Potion"}],"is_trial":false,"path_per_floor":["M","M","?","M","$","E","R","$","T","R","E","M","E","?","R","B",null,"M","?","?","M","?","R","E","?","T","R","E","R","$","M","R","B"],"character_chosen":"WATCHER","items_purchased":["ReachHeaven","Membership Card","Bag of Marbles","BowlingBash+1"],"campfire_rested":2,"item_purchase_floors":[5,30,30,30],"current_hp_per_floor":[61,57,57,57,57,35,35,35,35,35,35,35,28,28,28,28,58,58,37,37,37,37,57,40,40,40,40,11,31,31,31,31,0,0],"gold":147,"neow_bonus":"BOSS_RELIC","is_daily":false,"chose_seed":false,"campfire_upgraded":5,"win_rate":0.0,"timestamp":1610516280,"path_taken":["M","M","?","M","$","E","R","$","T","R","E","M","E","?","R","BOSS","M","?","?","?","?","R","E","?","T","R","E","R","$","M","R","BOSS"],"items_purchased_type":["Card","Relic","Relic","Card"],"build_version":"2020-12-22","purchased_purges":2,"victory":false,"max_hp_per_floor":[68,68,68,68,68,68,68,68,68,68,68,68,68,68,68,68,68,68,68,68,68,68,68,68,68,68,68,68,68,68,68,68,68,68],"card_choices":[{"not_picked":["ThirdEye","PathToVictory"],"picked":"FlyingSleeves","floor":1.0},{"not_picked":["Evaluate","Weave","Consecrate"],"picked":"SKIP","floor":2.0},{"not_picked":["Sanctity","Halt"],"picked":"EmptyFist","floor":4.0},{"not_picked":["DeceiveReality","Swivel"],"picked":"SashWhip","floor":6.0},{"not_picked":["MentalFortress","CutThroughFate"],"picked":"WheelKick","floor":11.0},{"not_picked":["JustLucky","MentalFortress"],"picked":"Wallop","floor":12.0},{"not_picked":["BattleHymn","Wireheading","Consecrate"],"picked":"SKIP","floor":13.0},{"not_picked":["Scrawl","DevaForm"],"picked":"Judgement","floor":16.0},{"not_picked":["Prostrate","Evaluate"],"picked":"Worship","floor":18.0},{"not_picked":["FollowUp","Halt","ThirdEye"],"picked":"SKIP","floor":21.0},{"not_picked":["Meditate","Judgement"],"picked":"MentalFortress","floor":24.0},{"not_picked":["FlyingSleeves+1","Consecrate+1"],"picked":"Brilliance+1","floor":28},{"not_picked":["Consecrate+1","FollowUp+1"],"picked":"EmptyBody","floor":31}],"player_experience":1943466,"relics_obtained":[{"floor":6.0,"key":"Ancient Tea Set"},{"floor":9.0,"key":"Akabeko"},{"floor":11.0,"key":"Bottled Flame"},{"floor":13.0,"key":"Damaru"},{"floor":19.0,"key":"Enchiridion"},{"floor":24.0,"key":"MawBank"},{"floor":26,"key":"Molten Egg 2"},{"floor":28,"key":"War Paint"}],"event_choices":[{"damage_healed":0.0,"max_hp_gain":0.0,"max_hp_loss":0.0,"gold_gain":0.0,"event_name":"Match and Keep!","player_choice":"1 cards matched","floor":3.0,"gold_loss":0.0,"damage_taken":0.0,"cards_obtained":["Eruption"]},{"damage_healed":0.0,"max_hp_gain":0.0,"max_hp_loss":0.0,"gold_gain":0.0,"event_name":"Liars Game","player_choice":"Ignored","floor":14.0,"gold_loss":0.0,"damage_taken":0.0},{"damage_healed":0.0,"max_hp_gain":0.0,"max_hp_loss":0.0,"gold_gain":0.0,"event_name":"Cursed Tome","player_choice":"Obtained Book","floor":19.0,"gold_loss":0.0,"damage_taken":21.0},{"damage_healed":0.0,"max_hp_gain":0.0,"max_hp_loss":0.0,"gold_gain":0.0,"event_name":"Ghosts","player_choice":"Ignored","floor":20.0,"gold_loss":0.0,"damage_taken":0.0},{"damage_healed":0.0,"max_hp_gain":0.0,"max_hp_loss":0.0,"gold_gain":50.0,"event_name":"Nest","player_choice":"Stole From Cult","floor":22.0,"gold_loss":0.0,"damage_taken":0.0},{"damage_healed":0,"gold_gain":0,"player_choice":"Opened","damage_taken":0,"relics_obtained":["Smiling Mask"],"max_hp_gain":0,"max_hp_loss":0,"event_name":"The Mausoleum","floor":25,"gold_loss":0,"cards_obtained":["Writhe"]}],"is_beta":false,"boss_relics":[{"not_picked":["Empty Cage","Cursed Key"],"picked":"Sozu"}],"items_purged_floors":[5,30],"is_endless":false,"potions_floor_spawned":[11,13,16,24],"killed_by":"Champ","ascension_level":16}}