{"host":"4udtejx3ummmwg8f","time":1610530991,"event":{"mods":["BaseMod","Minty Spire (QoL Compilation)"],"gold_per_floor":[109,109,86,86,103,130,130,144,144,177,191,219,219,282,282,385,385,385,271,271,271,271,271,271,271,271,271,271,271,271,271,271,271,271,271,271,271,271,271,271,271],"floor_reached":40,"language":"ENG","playtime":8111,"items_purged":["Regret"],"score":485,"play_id":"379e2414-605e-4c1b-b3fc-1ce67528648e","local_time":"20210113201311","is_ascension_mode":false,"campfire_choices":[{"floor":7,"key":"REST"},{"floor":15,"key":"REST"},{"floor":24,"key":"REST"},{"floor":32,"key":"REST"}],"circlet_count":0,"master_deck":["Strike_B","Strike_B","Defend_B","Defend_B","Defend_B","Zap","Dualcast+1","Streamline","Lockon","Beam Cell","Glacier+1","Genetic Algorithm","Auto Shields","Beam Cell","Amplify","Go for the Eyes","Defragment","Doom and Gloom","Echo Form","Melter","Static Discharge","Redo+1","Defragment","FTL+1","Reboot","Ball Lightning+1","BootSequence+1","All For One","Sweeping Beam","Streamline+1","Multi-Cast","Hello World","Redo+1","Defragment+1","Rip and Tear+1","Reinforced Body+1"],"relics":["Cracked Core","Matryoshka","Strawberry","Orichalcum","Odd Mushroom","Question Card","Ancient Tea Set","Ectoplasm","Nloth\u0027s Gift","Boot","Letter Opener","Tiny Chest","Smiling Mask","War Paint","Runic Pyramid","Torii"],"acts_visited":["Exordium","TheCity","TheBeyond"],"potions_floor_usage":[6,23,23,27,28,33,40,40],"damage_taken":[{"damage":6,"enemies":"Jaw Worm","floor":1,"turns":3},{"damage":0,"enemies":"Cultist","floor":5,"turns":2},{"damage":25,"enemies":"Lagavulin","floor":6,"turns":4},{"damage":0,"enemies":"Small Slimes","floor":8,"turns":3},{"damage":8,"enemies":"3 Sentries","floor":10,"turns":9},{"damage":4,"enemies":"Looter","floor":11,"turns":3},{"damage":9,"enemies":"The Mushroom Lair","floor":12,"turns":3},{"damage":11,"enemies":"3 Sentries","floor":14,"turns":9},{"damage":19,"enemies":"Slime Boss","floor":16,"turns":6},{"damage":6,"enemies":"Spheric Guardian","floor":18,"turns":4},{"damage":11,"enemies":"3 Byrds","floor":20,"turns":5},{"damage":12,"enemies":"Snake Plant","floor":22,"turns":5},{"damage":21,"enemies":"Book of Stabbing","floor":23,"turns":5},{"damage":21,"enemies":"Gremlin Leader","floor":25,"turns":8},{"damage":17,"enemies":"Slavers","floor":27,"turns":4},{"damage":2,"enemies":"Snecko","floor":28,"turns":5},{"damage":15,"enemies":"3 Cultists","floor":29,"turns":5},{"damage":3,"enemies":"Snake Plant","floor":30,"turns":2},{"damage":1,"enemies":"Snecko","floor":31,"turns":4},{"damage":34,"enemies":"Champ","floor":33,"turns":10},{"damage":28,"enemies":"3 Shapes","floor":35,"turns":4},{"damage":5,"enemies":"3 Darklings","floor":36,"turns":4},{"damage":23,"enemies":"Spire Growth","floor":37,"turns":5},{"damage":14,"enemies":"Maw","floor":38,"turns":7},{"damage":0,"enemies":"Mind Bloom Boss Battle","floor":39,"turns":5},{"damage":38,"enemies":"Giant Head","floor":40,"turns":7}],"seed_played":"-595847573197653129","potions_obtained":[{"floor":1,"key":"SpeedPotion"},{"floor":5,"key":"EssenceOfDarkness"},{"floor":12,"key":"FairyPotion"},{"floor":14,"key":"Explosive Potion"},{"floor":16,"key":"Block Potion"},{"floor":23,"key":"Fruit Juice"},{"floor":27,"key":"AttackPotion"},{"floor":30,"key":"Fire Potion"},{"floor":36,"key":"GamblersBrew"},{"floor":38,"key":"FocusPotion"},{"floor":39,"key":"EssenceOfDarkness"}],"is_trial":false,"path_per_floor":["M","?","$","?","M","E","R","M","T","E","M","?","?","?","R","B",null,"M","$","M","?","M","E","R","E","T","E","M","M","M","M","R","B",null,"M","M","M","M","?","E"],"character_chosen":"DEFECT","items_purchased":["Beam Cell","Static Discharge"],"campfire_rested":4,"item_purchase_floors":[3,19],"current_hp_per_floor":[69,62,62,62,62,37,59,59,66,58,54,45,45,34,58,39,82,76,76,65,65,53,37,63,42,42,25,23,8,5,4,30,26,87,59,54,31,17,17,0,0],"gold":271,"neow_bonus":"TRANSFORM_CARD","is_daily":false,"chose_seed":false,"campfire_upgraded":0,"win_rate":0.0,"timestamp":1610530991,"path_taken":["M","?","?","?","?","E","R","M","T","E","M","?","?","?","R","BOSS","M","$","M","?","?","E","R","E","T","E","M","M","M","M","R","BOSS","M","M","M","M","?","E"],"items_purchased_type":["Card","Card"],"build_version":"2020-12-22","purchased_purges":1,"victory":false,"max_hp_per_floor":[75,75,75,75,75,75,75,75,82,82,82,82,82,82,82,82,82,82,82,82,82,82,87,87,87,87,87,87,87,87,87,87,87,87,87,87,87,87,87,87,87],"card_choices":[{"not_picked":["Streamline","Cold Snap"],"picked":"Lockon","floor":1},{"not_picked":["Cold Snap","Coolheaded"],"picked":"Genetic Algorithm","floor":5},{"not_picked":["Steam Power","Hello World"],"picked":"Auto Shields","floor":6},{"not_picked":["Storm","Compile Driver"],"picked":"Beam Cell","floor":8},{"not_picked":["BootSequence","Undo"],"picked":"Amplify","floor":10},{"not_picked":["Turbo","Steam"],"picked":"Go for the Eyes","floor":11},{"not_picked":["Sweeping Beam","Force Field"],"picked":"Defragment","floor":12},{"not_picked":["Amplify","Streamline","Reinforced Body"],"picked":"Doom and Gloom","floor":14},{"not_picked":["Multi-Cast","Seek","Electrodynamics"],"picked":"Echo Form","floor":16},{"not_picked":["Conserve Battery","Rebound","Barrage"],"picked":"Melter","floor":18},{"not_picked":["Chill","Barrage+1","Stack"],"picked":"Redo+1","floor":20},{"not_picked":["Amplify","Barrage","Consume"],"picked":"Defragment","floor":22},{"not_picked":["Gash","Echo Form","Turbo"],"picked":"FTL+1","floor":23},{"not_picked":["Doom and Gloom","Genetic Algorithm","Scrape"],"picked":"Reboot","floor":25},{"not_picked":["Blizzard","Rebound","Echo Form"],"picked":"Ball Lightning+1","floor":27},{"not_picked":["Force Field+1","Coolheaded+1","Seek"],"picked":"BootSequence+1","floor":28},{"not_picked":["Go for the Eyes","Turbo","Cold Snap"],"picked":"All For One","floor":29},{"not_picked":["BootSequence","Steam","Darkness"],"picked":"Sweeping Beam","floor":30},{"not_picked":["Beam Cell","Go for the Eyes","Reboot"],"picked":"Streamline+1","floor":31},{"not_picked":["Fission","Biased Cognition","Buffer"],"picked":"Multi-Cast","floor":33},{"not_picked":["Sweeping Beam+1","BootSequence","Turbo"],"picked":"Hello World","floor":35},{"not_picked":["Gash","Steam","Amplify"],"picked":"Redo+1","floor":36},{"not_picked":["Skim+1","Beam Cell+1","FTL+1"],"picked":"Defragment+1","floor":37},{"not_picked":["Gash","Hologram","Melter"],"picked":"Rip and Tear+1","floor":38},{"not_picked":["Sweeping Beam","Go for the Eyes","Rebound+1"],"picked":"Reinforced Body+1","floor":39}],"player_experience":57208,"relics_obtained":[{"floor":6,"key":"Matryoshka"},{"floor":9,"key":"Strawberry"},{"floor":9,"key":"Orichalcum"},{"floor":10,"key":"Toy Ornithopter"},{"floor":12,"key":"Odd Mushroom"},{"floor":14,"key":"Ancient Tea Set"},{"floor":23,"key":"Boot"},{"floor":25,"key":"Letter Opener"},{"floor":26,"key":"Tiny Chest"},{"floor":26,"key":"Smiling Mask"},{"floor":27,"key":"War Paint"},{"floor":39,"key":"Torii"}],"event_choices":[{"cards_removed":["Defend_B"],"damage_healed":0,"gold_gain":0,"player_choice":"Card Removal","damage_taken":7,"max_hp_gain":0,"max_hp_loss":0,"event_name":"Golden Wing","floor":2,"gold_loss":0},{"damage_healed":0,"gold_gain":0,"cards_transformed":["Strike_B"],"player_choice":"Transformed","damage_taken":0,"max_hp_gain":0,"max_hp_loss":0,"event_name":"Transmorgrifier","floor":4,"gold_loss":0,"cards_obtained":["Glacier"]},{"damage_healed":0,"gold_gain":0,"player_choice":"Fought Mushrooms","damage_taken":0,"max_hp_gain":0,"max_hp_loss":0,"event_name":"Mushrooms","floor":12,"gold_loss":0},{"damage_healed":0,"gold_gain":0,"player_choice":"Box","damage_taken":0,"relics_obtained":["Question Card"],"max_hp_gain":0,"max_hp_loss":0,"event_name":"Big Fish","floor":13,"gold_loss":0,"cards_obtained":["Regret"]},{"damage_healed":0,"gold_gain":0,"player_choice":"Searched \u00271\u0027 times","damage_taken":0,"max_hp_gain":0,"max_hp_loss":0,"event_name":"Dead Adventurer","floor":14,"gold_loss":0},{"damage_healed":0,"gold_gain":0,"player_choice":"Traded Relic","damage_taken":0,"relics_obtained":["Nloth\u0027s Gift"],"max_hp_gain":0,"max_hp_loss":0,"event_name":"N\u0027loth","floor":21,"relics_lost":["Toy Ornithopter"],"gold_loss":0},{"damage_healed":0,"gold_gain":0,"player_choice":"Fight","damage_taken":0,"max_hp_gain":0,"max_hp_loss":0,"event_name":"MindBloom","floor":39,"gold_loss":0}],"is_beta":false,"boss_relics":[{"not_picked":["Cursed Key","Runic Dome"],"picked":"Ectoplasm"},{"not_picked":["Busted Crown","Fusion Hammer"],"picked":"Runic Pyramid"}],"items_purged_floors":[19],"is_endless":false,"potions_floor_spawned":[1,5,12,14,16,20,22,23,27,30,36,38,39],"killed_by":"Giant Head","ascension_level":0}}