{"host":"j4g6ia6asvpyu2b0","time":1610539334,"event":{"mods":["BaseMod","Colored Map","Minty Spire (QoL Compilation)","Permanent Neow","Quick Restart","Relic Stats","StSLib","Unceasing Turn Reminder"],"gold_per_floor":[11,29,43,43,43,70,82,128,167,197,219,251,288,311,323,335,335],"floor_reached":16,"language":"ENG","playtime":624,"items_purged":[],"score":192,"play_id":"96f8b987-ef5a-488e-982c-8f582f9cc75c","local_time":"20210113050214","is_ascension_mode":true,"campfire_choices":[{"data":"Ball Lightning","floor":7,"key":"SMITH"},{"data":"Static Discharge","floor":15,"key":"SMITH"}],"circlet_count":0,"master_deck":["AscendersBane","Strike_B","Strike_B","Strike_B","Defend_B","Defend_B","Defend_B","Defend_B","Zap+1","Dualcast","Ball Lightning+1","Undo","Steam+1","Cold Snap","Hologram+1","Tempest","Static Discharge+1","Skim","Self Repair","Sweeping Beam"],"relics":["Cracked Core","Ice Cream","MawBank","Tiny Chest","War Paint","Happy Flower"],"acts_visited":["Exordium"],"potions_floor_usage":[6,13,16],"damage_taken":[{"damage":4,"enemies":"Small Slimes","floor":1,"turns":3},{"damage":0,"enemies":"Cultist","floor":2,"turns":2},{"damage":7,"enemies":"Jaw Worm","floor":3,"turns":3},{"damage":11,"enemies":"3 Sentries","floor":6,"turns":6},{"damage":5,"enemies":"Lagavulin","floor":8,"turns":7},{"damage":7,"enemies":"Lots of Slimes","floor":10,"turns":4},{"damage":2,"enemies":"Gremlin Gang","floor":11,"turns":4},{"damage":1,"enemies":"Looter","floor":12,"turns":3},{"damage":18,"enemies":"3 Sentries","floor":13,"turns":5},{"damage":0,"enemies":"2 Fungi Beasts","floor":14,"turns":2},{"damage":20,"enemies":"Slime Boss","floor":16,"turns":6}],"seed_played":"7857658697178945851","potions_obtained":[{"floor":2,"key":"Explosive Potion"},{"floor":3,"key":"FocusPotion"},{"floor":6,"key":"Dexterity Potion"},{"floor":10,"key":"PowerPotion"},{"floor":14,"key":"SteroidPotion"}],"is_trial":false,"path_per_floor":["M","M","M","?","?","E","R","E","T","M","M","M","E","M","R","B"],"character_chosen":"DEFECT","items_purchased":[],"campfire_rested":0,"item_purchase_floors":[],"current_hp_per_floor":[64,64,57,57,57,46,46,41,41,34,32,31,13,20,20,0,0],"gold":335,"neow_bonus":"ONE_RARE_RELIC","is_daily":false,"chose_seed":false,"campfire_upgraded":2,"win_rate":0.0,"timestamp":1610539334,"path_taken":["M","M","M","?","?","E","R","E","T","M","M","M","E","M","R","BOSS"],"items_purchased_type":[],"build_version":"2020-12-22","purchased_purges":0,"victory":false,"max_hp_per_floor":[75,75,75,75,75,75,75,75,75,75,75,75,75,75,75,75,75],"relic_stats":{"Happy Flower":[2],"counters":[11,45],"Tiny Chest":0,"War Paint":["Steam","Hologram"],"MawBank":120,"obtain_stats":[{"Ice Cream":0,"Happy Flower":13,"Tiny Chest":8,"War Paint":9,"Cracked Core":0,"MawBank":6},{"Ice Cream":0,"Happy Flower":9,"Tiny Chest":5,"War Paint":5,"Cracked Core":0,"MawBank":4},{"Ice Cream":0,"Happy Flower":37,"Tiny Chest":21,"War Paint":21,"Cracked Core":0,"MawBank":14}]},"card_choices":[{"not_picked":["Beam Cell","Stack"],"picked":"Ball Lightning","floor":1},{"not_picked":["Beam Cell","Compile Driver"],"picked":"Undo","floor":2},{"not_picked":["Streamline","Barrage"],"picked":"Steam","floor":3},{"not_picked":["Fusion","Scrape"],"picked":"Hologram","floor":6},{"not_picked":["Go for the Eyes","Rebound"],"picked":"Tempest","floor":8},{"not_picked":["Steam","Barrage"],"picked":"Static Discharge","floor":10},{"not_picked":["Streamline","Skim","Stack"],"picked":"SKIP","floor":11},{"not_picked":["Streamline","Stack"],"picked":"Skim","floor":11},{"not_picked":["Rip and Tear","Force Field","Scrape"],"picked":"SKIP","floor":12},{"not_picked":["Steam","Ball Lightning"],"picked":"Self Repair","floor":13},{"not_picked":["Rebound","Sunder"],"picked":"Sweeping Beam","floor":14}],"player_experience":827766,"relics_obtained":[{"floor":6,"key":"MawBank"},{"floor":8,"key":"Tiny Chest"},{"floor":9,"key":"War Paint"},{"floor":13,"key":"Happy Flower"}],"event_choices":[{"damage_healed":0,"gold_gain":0,"player_choice":"Grow","damage_taken":0,"max_hp_gain":0,"max_hp_loss":0,"event_name":"Living Wall","floor":4,"gold_loss":0,"cards_upgraded":["Zap"]},{"damage_healed":0,"gold_gain":0,"cards_transformed":["Strike_B"],"player_choice":"Transformed","damage_taken":0,"max_hp_gain":0,"max_hp_loss":0,"event_name":"Transmorgrifier","floor":5,"gold_loss":0,"cards_obtained":["Cold Snap"]}],"is_beta":false,"boss_relics":[],"items_purged_floors":[],"is_endless":false,"potions_floor_spawned":[2,3,6,10,12,14],"killed_by":"Slime Boss","ascension_level":11}}