{"host":"ne76zto1t2nsyewv","time":1610564688,"event":{"mods":["2.2 Compatiblity","AchievementEnabler","Act Like it!","Aspiration","BaseMod","Better Altar","Better Match","Better Note","Better Sensory Stone","Better Skull","Better Third Choice","BetterRewards","CapriCore","Colored Map","Colored Powertips","Energized Spire","Gensokyo","GungeonMod","Hallownest","HololiveMod","Infinite Spire","Koishi","Luminous","Marisa????????","Minty Spire (QoL Compilation)","Reimu??????","Remilia??????","Replay The Spire","RumiaBox-????????","Spicy Shops","StSLib","The Animator","The Blue Laboratory","The Bug Knight","The Gatherer","The Immortal","The Servant 0.9.4","TheSwordswoman","Yakumo Yukari mod","Yuyuko"],"gold_per_floor":[112,131,40,60,78,78,288,598,622,622,633,633,297,297,297,394,394,406,426,426,440,459,459,474,474,498,510,539,551,551,563,563,662,662,678,697,697,707,726,726,759,770,770,85,85,85,98,413,413,413,413,413,88,116,116],"floor_reached":56,"language":"ENG","playtime":8584,"items_purged":["MokouMod:Strike","MokouMod:Defend","MokouMod:Defend","MokouMod:BurningHiddenBullet","MokouMod:Strike"],"score":1349,"play_id":"db987814-1a38-4548-97eb-3a02dea787da","local_time":"20210113200448","is_ascension_mode":false,"campfire_choices":[{"data":"MokouMod:Refresh","floor":6.0,"key":"SMITH"},{"data":"MokouMod:RisingSunBarrier","floor":10.0,"key":"SMITH"},{"data":"MokouMod:RisingSunBarrier","floor":12.0,"key":"SMITH"},{"data":"MokouMod:PhoenixForm","floor":15.0,"key":"SMITH"},{"data":"MokouMod:FujiyamaVolcano","floor":23.0,"key":"SMITH"},{"data":"MokouMod:ProfanedFlare","floor":25.0,"key":"SMITH"},{"floor":32.0,"key":"REST"},{"floor":40.0,"key":"RECALL"},{"data":"MokouMod:Overheat","floor":49.0,"key":"SMITH"},{"data":"MokouMod:Wildfire","floor":52,"key":"SMITH"}],"circlet_count":0,"master_deck":["MokouMod:Strike","MokouMod:Strike","MokouMod:Strike","MokouMod:Defend+1","MokouMod:Defend+1","MokouMod:HeatSpark+1","MokouMod:BurningDraft+1","MokouMod:RisingSunBarrier+1","MokouMod:Fireball+1","MokouMod:RisingSunBarrier+1","MokouMod:ResonatingAura","MokouMod:Refresh+1","MokouMod:ResoluteFlare","MokouMod:Overheat+1","MokouMod:RisingSunBarrier","MokouMod:PhoenixForm+1","Finesse","MokouMod:FlareStarter","MokouMod:ProfanedFlare+1","MokouMod:SearingShot+1","MokouMod:FujiyamaVolcano+1","MokouMod:IgnitionBarrier","MokouMod:RetainTemperature+1","MokouMod:IndiscriminateIgnition","MokouMod:Wildfire+1","MokouMod:Refresh","MokouMod:Rebirth","Force Field","MokouMod:FusionFlare+1","MokouMod:RoaringFlare+1","Turbo+1","MokouMod:IndiscriminateIgnition+1","FIFO Queue","Gensokyo:TurboGranny","Gensokyo:RPG","MokouMod:CrimsonArmoury+1","MokouMod:BurningDraft+1","MokouMod:HeatTransfer+1","MokouMod:ThermalPressure+1","Master of Strategy+1","MokouMod:Sear+1"],"relics":["Membership Card","Turnip","Whetstone","War Paint","Ginger","infinitespire:WardingShard","Painkiller Herb","infinitespire:Eraser","Replay:Grab Bag","ChewingGum","energizedSpire:NeverEndingSparkler","aspiration:DefectSkillbook","Gensokyo:EmptyGrave","Unceasing Top","Toxic Egg 2","Chemical X","Sling","aspiration:KaomsHeart"],"acts_visited":["Gensokyo:Gensokyo","Gensokyo:Gensokyoer","Gensokyo:Gensokyoest","TheEnding"],"potions_floor_usage":[55,55],"damage_taken":[{"damage":0.0,"enemies":"Gensokyo:2_Kodama","floor":1.0,"turns":1.0},{"damage":0.0,"enemies":"Gensokyo:3_Fairies","floor":2.0,"turns":3.0},{"damage":0.0,"enemies":"Gensokyo:Gryphon","floor":4.0,"turns":6.0},{"damage":0.0,"enemies":"Gensokyo:VengefulSpirit","floor":5.0,"turns":5.0},{"damage":13.0,"enemies":"Gensokyo:3_Kodama","floor":7.0,"turns":4.0},{"damage":1.0,"enemies":"Gensokyo:CorruptedTreant","floor":8.0,"turns":4.0},{"damage":0.0,"enemies":"Gensokyo:Python_and_Kodama","floor":11.0,"turns":4.0},{"damage":0.0,"enemies":"Gensokyo:Yukari","floor":16.0,"turns":11.0},{"damage":0.0,"enemies":"Gensokyo:Chomper","floor":18.0,"turns":4.0},{"damage":0.0,"enemies":"Gensokyo:3_Dogs","floor":19.0,"turns":4.0},{"damage":0.0,"enemies":"Gensokyo:Slime_Group","floor":21.0,"turns":5.0},{"damage":4.0,"enemies":"Gensokyo:Wraith","floor":22.0,"turns":5.0},{"damage":0.0,"enemies":"Gensokyo:3_Gloops","floor":24.0,"turns":3.0},{"damage":8.0,"enemies":"Gensokyo:Chomper_and_Gloop","floor":27.0,"turns":5.0},{"damage":11.0,"enemies":"Gensokyo:Koishi","floor":28.0,"turns":6.0},{"damage":20.0,"enemies":"Gensokyo:Slime_Group","floor":29.0,"turns":2.0},{"damage":5.0,"enemies":"Gensokyo:Mirror_and_Dog","floor":31.0,"turns":4.0},{"damage":0.0,"enemies":"Gensokyo:Eiki","floor":33.0,"turns":7.0},{"damage":0.0,"enemies":"Gensokyo:3_Boulders","floor":35.0,"turns":3.0},{"damage":9.0,"enemies":"Gensokyo:AncientGuardian","floor":36.0,"turns":4.0},{"damage":24.0,"enemies":"Gensokyo:Sharpion","floor":38.0,"turns":6.0},{"damage":0.0,"enemies":"Gensokyo:Dusk_and_Dawn","floor":39.0,"turns":2.0},{"damage":11.0,"enemies":"Gensokyo:Marisa","floor":41.0,"turns":5.0},{"damage":4.0,"enemies":"Gensokyo:Rafflesia","floor":42.0,"turns":5.0},{"damage":26.0,"enemies":"Gensokyo:AtlasGolem","floor":47.0,"turns":5.0},{"damage":0.0,"enemies":"Gensokyo:SeedOfUnknown","floor":48.0,"turns":4.0},{"damage":13,"enemies":"Gensokyo:Scarlet_Devils","floor":50,"turns":9},{"damage":26,"enemies":"Shield and Spear","floor":54,"turns":2},{"damage":30,"enemies":"The Heart","floor":55,"turns":8}],"seed_played":"1789828231467337016","potions_obtained":[{"floor":2.0,"key":"blueLaboratory:HorrorPotion"},{"floor":8.0,"key":"DistilledChaos"},{"floor":19.0,"key":"LiquidMemories"},{"floor":21.0,"key":"blueLaboratory:SavagePotion"},{"floor":29.0,"key":"LiquidBronze"}],"is_trial":false,"path_per_floor":["M","M","COS","M","M","R","M","M","T","R","M","R","$","?","R","B",null,"?","?","?","?","?","T","?","T","T","?","E","?","?","?","T","B",null,"?","?","?","?","?","T","E","?","T","COS","?","?","?","?","T","B",null,"T","T","E","B",null],"character_chosen":"MKU","items_purchased":["Membership Card","MokouMod:BurningDraft+1","MokouMod:RisingSunBarrier","MokouMod:Fireball","Turnip","Whetstone","Ginger","MokouMod:PhoenixForm","Finesse","infinitespire:WardingShard","MokouMod:FlareStarter","MokouMod:HeatTransfer+1","MokouMod:ThermalPressure+1","aspiration:KMNothing","aspiration:KMNothing","aspiration:KMNothing","aspiration:KMNothing","aspiration:KMNothing","Master of Strategy+1"],"campfire_rested":1,"item_purchase_floors":[0,0,0,0,0,0,13,13,13,13,13,53,53,53,53,53,53,53,53],"current_hp_per_floor":[75,75,75,75,75,75,62,61,61,61,61,61,61,61,61,61,75,75,75,75,75,71,71,71,71,71,63,52,32,32,27,49,49,75,75,66,66,42,42,69,58,54,54,154,154,154,128,128,128,115,169,169,169,143,113],"gold":116,"neow_bonus":"","is_daily":false,"chose_seed":false,"campfire_upgraded":8,"win_rate":0.0,"timestamp":1610564688,"path_taken":["M","M","COS","M","?","R","M","M","T","R","M","R","$","?","R","BOSS","?","?","?","?","?","T","?","T","T","?","E","?","?","?","T","BOSS","?","?","?","?","?","T","E","?","T","COS","?","?","?","?","T","BOSS","T","T","E","BOSS"],"items_purchased_type":["Relic","Card","Card","Card","Relic","Relic","Relic","Card","Card","Relic","Card","Card","Card","Relic","Relic","Relic","Relic","Relic","Card"],"build_version":"2020-12-22","purchased_purges":5,"victory":true,"max_hp_per_floor":[75,75,75,75,75,75,75,75,75,75,75,75,75,75,75,75,75,75,75,75,75,75,75,75,75,75,75,75,75,75,75,75,75,75,75,75,69,69,69,69,69,69,69,169,169,169,169,169,169,169,169,169,169,169,169],"card_choices":[{"not_picked":["MokouMod:Meltdown","MokouMod:BlazingComet"],"picked":"MokouMod:RisingSunBarrier","floor":1.0},{"not_picked":["MokouMod:EternalBurstReactor","MokouMod:Cataclysm","MokouMod:ThermalPressure"],"picked":"SKIP","floor":2.0},{"not_picked":["MokouMod:HeartofFire","MokouMod:SearingShot","MokouMod:Combust"],"picked":"SKIP","floor":4.0},{"not_picked":["MokouMod:RadiantBlade","MokouMod:SpontaneousHumanCombustion"],"picked":"MokouMod:ResonatingAura","floor":5.0},{"not_picked":["MokouMod:IndiscriminateIgnition","MokouMod:PhoenixFeathers"],"picked":"MokouMod:Refresh","floor":5.0},{"not_picked":["MokouMod:IndiscriminateIgnition","MokouMod:HeartofFire"],"picked":"MokouMod:ResoluteFlare","floor":7.0},{"not_picked":["MokouMod:HeatTransfer","MokouMod:IllusoryBattlefield"],"picked":"MokouMod:Overheat","floor":8.0},{"not_picked":["MokouMod:UncontrollableSolarReaction","MokouMod:Sear"],"picked":"MokouMod:RisingSunBarrier","floor":11.0},{"not_picked":["MokouMod:ExplosiveFlame","MokouMod:SacredFire"],"picked":"MokouMod:ProfanedFlare","floor":16.0},{"not_picked":["MokouMod:PhoenixFeathers+1","MokouMod:CrimsonFlare"],"picked":"MokouMod:SearingShot+1","floor":18.0},{"not_picked":["MokouMod:Burn","MokouMod:BurningDraft"],"picked":"MokouMod:FujiyamaVolcano","floor":19.0},{"not_picked":["MokouMod:SearingShot","MokouMod:Singe+1","MokouMod:ShiftIgnition"],"picked":"SKIP","floor":21.0},{"not_picked":["MokouMod:AdaptivePyromancy+1","MokouMod:Fireball"],"picked":"MokouMod:BurningHiddenBullet","floor":22.0},{"not_picked":["MokouMod:Singe","MokouMod:Fireball"],"picked":"MokouMod:IgnitionBarrier","floor":24.0},{"not_picked":["MokouMod:ControlledCombustion","MokouMod:EternalBurstReactor"],"picked":"MokouMod:RetainTemperature+1","floor":27.0},{"not_picked":["MokouMod:SubterraneanCore","MokouMod:SearingShot"],"picked":"MokouMod:IndiscriminateIgnition","floor":28.0},{"not_picked":["MokouMod:GuidingSmoke","MokouMod:UncontrollableSolarReaction"],"picked":"MokouMod:Wildfire","floor":29.0},{"not_picked":["MokouMod:Stoke+1","MokouMod:Sear+1"],"picked":"MokouMod:Refresh","floor":31.0},{"not_picked":["MokouMod:ProfanedFlare","MokouMod:BurningHiddenBullet"],"picked":"MokouMod:Rebirth","floor":33.0},{"not_picked":["Auto Shields+1","MokouMod:InfernalWave","Darkness"],"picked":"Force Field","floor":35.0},{"not_picked":["Tempest","MokouMod:BlazingComet+1","Beam Cell+1"],"picked":"MokouMod:FusionFlare+1","floor":36.0},{"not_picked":["Beam Cell+1","MokouMod:UncontrollableSolarReaction+1","BasicCrystalCard"],"picked":"MokouMod:RoaringFlare+1","floor":38.0},{"not_picked":["MokouMod:Stoke+1","Stack","Mirror Shield"],"picked":"Turbo+1","floor":39.0},{"not_picked":["Self Repair+1","MokouMod:Refresh","MokouMod:FlickeringFlame"],"picked":"MokouMod:IndiscriminateIgnition+1","floor":41.0},{"not_picked":["Conserve Battery+1","MokouMod:UncontrollableSolarReaction","MokouMod:Trailblazer"],"picked":"FIFO Queue","floor":42.0},{"not_picked":["MokouMod:ThermalPressure+1","MokouMod:UncontrollableSolarReaction","Redo+1"],"picked":"MokouMod:CrimsonArmoury+1","floor":47.0},{"not_picked":["Force Field+1","MokouMod:RoaringFlare","MokouMod:UncontrollableSolarReaction+1"],"picked":"MokouMod:BurningDraft+1","floor":48.0},{"not_picked":["Gash","Redo+1","MokouMod:BurningDraft+1"],"picked":"MokouMod:Sear+1","floor":54}],"player_experience":798063,"relics_obtained":[{"floor":9.0,"key":"War Paint"},{"floor":28.0,"key":"infinitespire:Eraser"},{"floor":41.0,"key":"Unceasing Top"},{"floor":43.0,"key":"Toxic Egg 2"},{"floor":54,"key":"aspiration:KMNothing"}],"event_choices":[],"is_beta":false,"boss_relics":[{"not_picked":["Fusion Hammer","Replay:Drink Me"],"picked":"Painkiller Herb"},{"not_picked":["Pandora\u0027s Box","Replay:Bronze Core"],"picked":"Replay:Grab Bag"},{"not_picked":["infinitespire:Cupcake","Velvet Choker"],"picked":"ChewingGum"},{"not_picked":["energizedSpire:HugeHouse","energizedSpire:EnergizedDie"],"picked":"energizedSpire:NeverEndingSparkler"},{"not_picked":["Hololive_TopUpMoneyS","SacredBark"],"picked":"aspiration:DefectSkillbook"}],"items_purged_floors":[0,13,13,53,53],"is_endless":false,"potions_floor_spawned":[2,8,16,19,21,29,31,33,36,38,39,41],"ascension_level":0}}