{"host":"rolltorest","time":1610499101,"event":{"mods":["BaseMod","Minty Spire (QoL Compilation)","Relic Stats","Slay the Relics Exporter","StSLib","The Bladedancer"],"gold_per_floor":[114,60,60,210,220,220,552,532,532,552,552,592,603,639,639,722,722,743,768,454,654,682,2,46,72,104,147,147,80,118,138,138,226,226,236,258,285,313,188,188,224,233,294,321,350,350,19,19,19,19,19,19,19,47,47],"floor_reached":56,"language":"ENG","playtime":1802,"items_purged":["Doubt","blademaster:Strike","Decay","Regret"],"score":2319,"play_id":"f42d1d5e-7bae-4a52-893e-a33169ceab30","local_time":"20210112165141","is_ascension_mode":true,"campfire_choices":[{"data":"blademaster:HighVoltage","floor":6,"key":"SMITH"},{"data":"blademaster:ThunderSlash","floor":11,"key":"SMITH"},{"data":"blademaster:RagingBlow","floor":15,"key":"SMITH"},{"data":"blademaster:Flurry","floor":28,"key":"SMITH"},{"floor":32,"key":"REST"},{"data":"blademaster:Blindside","floor":40,"key":"SMITH"},{"floor":49,"key":"RECALL"},{"data":"blademaster:ColdBlood","floor":52,"key":"SMITH"}],"circlet_count":0,"master_deck":["AscendersBane","blademaster:Strike","blademaster:Strike","blademaster:Strike+1","blademaster:Defend","blademaster:Defend","blademaster:Defend","blademaster:Defend","blademaster:RagingBlow+1","blademaster:HighVoltage+1","blademaster:DaggerAndCloak+1","blademaster:AspectOfLightning","blademaster:LightningCrash","blademaster:ThunderSlash+1","blademaster:FuriousStrike","blademaster:Slice","blademaster:ChargingUp","blademaster:ColdBlood+1","blademaster:DaggerAndCloak","blademaster:Flurry+1","blademaster:DancingEdge","blademaster:DaggerAndCloak","blademaster:HighVoltage","blademaster:LeechingStrike","blademaster:Blindside","blademaster:Safeguard","blademaster:Breeze+1","blademaster:DeadlyDance+1","blademaster:Flash","blademaster:Blindside+1","blademaster:Flurry+1","blademaster:Blockade+1","blademaster:Blockade+1","blademaster:Flurry+1","Dark Shackles+1","blademaster:ThunderingOpener","blademaster:DaggerAndCloak+1","Secret Weapon+1"],"relics":["blademaster:DancersAmulet","NeowsBlessing","Old Coin","Sundial","CeramicFish","Question Card","Cursed Key","Bag of Marbles","Bag of Preparation","Lantern","Bronze Scales","White Beast Statue","StrikeDummy","Centennial Puzzle","Sozu","Toxic Egg 2","Vajra","Pen Nib"],"acts_visited":["Exordium","TheCity","TheBeyond","TheEnding"],"potions_floor_usage":[14,19,22,24,33,55],"damage_taken":[{"damage":0,"enemies":"Small Slimes","floor":1,"turns":1},{"damage":0,"enemies":"Jaw Worm","floor":5,"turns":1},{"damage":0,"enemies":"Gremlin Nob","floor":7,"turns":1},{"damage":0,"enemies":"Cultist","floor":10,"turns":2},{"damage":27,"enemies":"3 Sentries","floor":12,"turns":8},{"damage":0,"enemies":"Large Slime","floor":13,"turns":2},{"damage":0,"enemies":"Lagavulin","floor":14,"turns":4},{"damage":10,"enemies":"Hexaghost","floor":16,"turns":8},{"damage":4,"enemies":"Shell Parasite","floor":18,"turns":3},{"damage":12,"enemies":"3 Byrds","floor":19,"turns":5},{"damage":0,"enemies":"Snecko","floor":22,"turns":3},{"damage":0,"enemies":"Slavers","floor":24,"turns":3},{"damage":0,"enemies":"Sentry and Sphere","floor":25,"turns":2},{"damage":7,"enemies":"Gremlin Leader","floor":27,"turns":4},{"damage":6,"enemies":"Slavers","floor":30,"turns":4},{"damage":0,"enemies":"3 Cultists","floor":31,"turns":2},{"damage":0,"enemies":"Automaton","floor":33,"turns":3},{"damage":3,"enemies":"3 Shapes","floor":35,"turns":3},{"damage":0,"enemies":"3 Darklings","floor":36,"turns":3},{"damage":0,"enemies":"Spire Growth","floor":37,"turns":2},{"damage":0,"enemies":"4 Shapes","floor":38,"turns":3},{"damage":0,"enemies":"Giant Head","floor":41,"turns":3},{"damage":0,"enemies":"Jaw Worm Horde","floor":44,"turns":1},{"damage":0,"enemies":"Maw","floor":45,"turns":3},{"damage":22,"enemies":"Time Eater","floor":50,"turns":3},{"damage":18,"enemies":"Shield and Spear","floor":54,"turns":4},{"damage":47,"enemies":"The Heart","floor":55,"turns":5}],"seed_played":"-9215576653396760024","potions_obtained":[{"floor":1,"key":"EssenceOfSteel"},{"floor":5,"key":"Energy Potion"},{"floor":8,"key":"Swift Potion"},{"floor":18,"key":"LiquidMemories"},{"floor":22,"key":"DistilledChaos"},{"floor":30,"key":"GamblersBrew"},{"floor":33,"key":"FearPotion"}],"is_trial":false,"path_per_floor":["M","$","?","?","M","R","E","?","T","M","R","E","M","E","R","B",null,"M","M","$","?","M","$","E","M","T","E","R","?","E","M","R","B",null,"M","M","M","M","$","R","E","?","T","M","M","?","$","?","R","B",null,"R","$","E","B",null],"character_chosen":"THE_BLADEMASTER","items_purchased":["blademaster:AspectOfLightning","Bag of Marbles","blademaster:DancingEdge","Bag of Preparation","Lantern","blademaster:HighVoltage","blademaster:LeechingStrike","Strength Potion","Secret Weapon+1"],"campfire_rested":1,"item_purchase_floors":[2,20,20,23,23,23,23,23,47],"current_hp_per_floor":[64,64,43,43,43,43,43,43,43,43,43,16,16,16,16,6,55,51,39,39,39,39,39,39,39,39,35,35,35,29,29,50,53,67,67,67,70,70,70,70,70,70,70,70,71,71,71,67,67,48,62,62,62,50,6],"gold":47,"neow_bonus":"THREE_ENEMY_KILL","is_daily":false,"chose_seed":false,"campfire_upgraded":6,"win_rate":0.0,"timestamp":1610499101,"path_taken":["M","$","?","?","?","R","E","?","T","M","R","E","M","E","R","BOSS","M","?","$","?","M","$","E","?","T","E","R","?","E","M","R","BOSS","M","M","M","M","$","R","E","?","T","M","M","?","$","?","R","BOSS","R","$","E","BOSS"],"items_purchased_type":["Card","Relic","Card","Relic","Relic","Card","Card","Potion","Card"],"build_version":"2020-12-18","purchased_purges":4,"victory":true,"max_hp_per_floor":[71,71,71,71,71,71,71,71,71,71,71,71,71,71,71,71,71,71,71,71,71,71,71,71,71,71,71,71,71,71,71,71,71,71,71,71,71,71,71,71,71,71,71,71,71,71,71,67,67,67,67,67,67,67,67],"relic_stats":{"Sozu":1,"Centennial Puzzle":[12],"counters":[27,86],"Sundial":[8],"CeramicFish":225,"Bronze Scales":[132],"Pen Nib":[2],"Bag of Preparation":[32],"Question Card":42,"Cursed Key":2,"obtain_stats":[{"Lantern":23,"CeramicFish":12,"Vajra":43,"Bag of Preparation":23,"Cursed Key":17,"Old Coin":7,"Sozu":34,"Centennial Puzzle":30,"Sundial":9,"blademaster:LightningChargePerk":27,"blademaster:FinisherDrawCardPerk":7,"blademaster:BleedingLaceratePerk":30,"Toxic Egg 2":41,"NeowsBlessing":0,"blademaster:StrongPerk":14,"blademaster:BonusComboPerk":54,"Pen Nib":54,"blademaster:RandomBladePerk":12,"Question Card":14,"White Beast Statue":27,"blademaster:FuryEveryTurnPerk":41,"Bronze Scales":24,"blademaster:BleedingMoreDamagePerk":24,"Bag of Marbles":20,"blademaster:DancersAmulet":0,"StrikeDummy":29},{"Lantern":11,"CeramicFish":5,"Vajra":22,"Bag of Preparation":11,"Cursed Key":8,"Old Coin":3,"Sozu":17,"Centennial Puzzle":15,"Sundial":3,"blademaster:LightningChargePerk":14,"blademaster:FinisherDrawCardPerk":3,"blademaster:BleedingLaceratePerk":15,"Toxic Egg 2":22,"NeowsBlessing":0,"blademaster:StrongPerk":7,"blademaster:BonusComboPerk":26,"Pen Nib":26,"blademaster:RandomBladePerk":5,"Question Card":7,"White Beast Statue":14,"blademaster:FuryEveryTurnPerk":22,"Bronze Scales":12,"blademaster:BleedingMoreDamagePerk":12,"Bag of Marbles":10,"blademaster:DancersAmulet":0,"StrikeDummy":14},{"Lantern":38,"CeramicFish":13,"Vajra":70,"Bag of Preparation":38,"Cursed Key":27,"Old Coin":3,"Sozu":56,"Centennial Puzzle":51,"Sundial":3,"blademaster:LightningChargePerk":47,"blademaster:FinisherDrawCardPerk":3,"blademaster:BleedingLaceratePerk":51,"Toxic Egg 2":70,"NeowsBlessing":0,"blademaster:StrongPerk":19,"blademaster:BonusComboPerk":81,"Pen Nib":81,"blademaster:RandomBladePerk":13,"Question Card":19,"White Beast Statue":47,"blademaster:FuryEveryTurnPerk":70,"Bronze Scales":41,"blademaster:BleedingMoreDamagePerk":41,"Bag of Marbles":35,"blademaster:DancersAmulet":0,"StrikeDummy":47}]},"card_choices":[{"not_picked":["blademaster:Quickstep","blademaster:AncestralHealing"],"picked":"blademaster:DaggerAndCloak","floor":1},{"not_picked":["blademaster:DragonStrike","blademaster:BladeCross"],"picked":"blademaster:LightningCrash","floor":5},{"not_picked":["blademaster:ParryingStrike","blademaster:Sunder"],"picked":"blademaster:ThunderSlash","floor":7},{"not_picked":["blademaster:AspectOfLightning","blademaster:Sharpen"],"picked":"blademaster:FuriousStrike","floor":10},{"not_picked":["blademaster:AspectOfWind","blademaster:Thrust"],"picked":"blademaster:Slice","floor":12},{"not_picked":["blademaster:CullingStrike","blademaster:Meditate","blademaster:OneTrickPony"],"picked":"SKIP","floor":13},{"not_picked":["blademaster:AwakeningDefend","blademaster:Slice"],"picked":"blademaster:ChargingUp","floor":14},{"not_picked":["blademaster:FuryOfTheElements","blademaster:ThreePointStrike","blademaster:LightningDraw"],"picked":"blademaster:ColdBlood","floor":16},{"not_picked":["blademaster:Bloodbath","blademaster:FuriousStrike","blademaster:Rupture"],"picked":"blademaster:DaggerAndCloak","floor":18},{"not_picked":["blademaster:FuriousStrike","blademaster:Slice","blademaster:CombatPrep"],"picked":"blademaster:Flurry","floor":19},{"not_picked":["blademaster:Bloodbath","blademaster:IcyWind","blademaster:AwakeningDefend"],"picked":"blademaster:DaggerAndCloak","floor":22},{"not_picked":["blademaster:Flurry","blademaster:EyeOfTheStorm","blademaster:AwakeningDefend"],"picked":"blademaster:Blindside","floor":24},{"not_picked":["blademaster:Bloodbath","blademaster:CombatPrep","blademaster:AwakeningStrike"],"picked":"blademaster:Safeguard","floor":25},{"not_picked":["blademaster:Frontflip","blademaster:LeechingStrike","blademaster:Rupture"],"picked":"blademaster:Breeze+1","floor":27},{"not_picked":["blademaster:BloodyBlow+1","blademaster:AspectOfWind","blademaster:DaggerAndCloak"],"picked":"blademaster:DeadlyDance+1","floor":30},{"not_picked":["blademaster:Sunder","blademaster:Reversal","blademaster:Frenzy+1"],"picked":"blademaster:Flash","floor":31},{"not_picked":["blademaster:StanceMastery","blademaster:BladeDance","blademaster:ColdBlood"],"picked":"blademaster:Blindside","floor":33},{"not_picked":["blademaster:ChargingUp","blademaster:ParryingStrike","blademaster:BladeCross+1","blademaster:BloodyBlow"],"picked":"SKIP","floor":35},{"not_picked":["blademaster:ChargingUp+1","blademaster:Flash","blademaster:AncestralHealing"],"picked":"blademaster:Flurry+1","floor":36},{"not_picked":["blademaster:BloodyBlow+1","blademaster:DaggerAndCloak+1","blademaster:Quickness"],"picked":"blademaster:Blockade+1","floor":37},{"not_picked":["blademaster:AwakeningDefend","blademaster:Sharpen","blademaster:Quickness"],"picked":"blademaster:Blockade+1","floor":38},{"not_picked":["blademaster:CombatPrep+1","blademaster:HighVoltage+1","blademaster:Rupture+1"],"picked":"blademaster:Flurry+1","floor":41},{"not_picked":["Violence+1","Magnetism","Transmutation+1"],"picked":"Dark Shackles+1","floor":42},{"not_picked":["blademaster:DragonStrike","blademaster:EyeOfTheTornado","blademaster:Quickstep+1"],"picked":"blademaster:ThunderingOpener","floor":44},{"not_picked":["blademaster:AspectOfLightning+1","blademaster:Slice","blademaster:IcyWind+1"],"picked":"blademaster:DaggerAndCloak+1","floor":45},{"not_picked":["blademaster:ThunderSlash","blademaster:DancingEdge+1","blademaster:FuriousStrike+1","blademaster:BladeCross"],"picked":"SKIP","floor":54}],"player_experience":1761582,"relics_obtained":[{"floor":7,"key":"Old Coin"},{"floor":7,"key":"blademaster:FinisherDrawCardPerk"},{"floor":9,"key":"Sundial"},{"floor":12,"key":"CeramicFish"},{"floor":12,"key":"blademaster:RandomBladePerk"},{"floor":14,"key":"Question Card"},{"floor":14,"key":"blademaster:StrongPerk"},{"floor":24,"key":"Bronze Scales"},{"floor":24,"key":"blademaster:BleedingMoreDamagePerk"},{"floor":27,"key":"White Beast Statue"},{"floor":27,"key":"blademaster:LightningChargePerk"},{"floor":30,"key":"Centennial Puzzle"},{"floor":30,"key":"blademaster:BleedingLaceratePerk"},{"floor":41,"key":"Toxic Egg 2"},{"floor":41,"key":"blademaster:FuryEveryTurnPerk"},{"floor":43,"key":"Vajra"},{"floor":54,"key":"Pen Nib"},{"floor":54,"key":"blademaster:BonusComboPerk"}],"event_choices":[{"damage_healed":0,"gold_gain":0,"player_choice":"Entered Light","damage_taken":21,"max_hp_gain":0,"max_hp_loss":0,"event_name":"Shining Light","floor":3,"gold_loss":0,"cards_upgraded":["blademaster:Strike","blademaster:DaggerAndCloak"]},{"damage_healed":0,"gold_gain":150,"player_choice":"AGREE","damage_taken":0,"max_hp_gain":0,"max_hp_loss":0,"event_name":"Liars Game","floor":4,"gold_loss":0,"cards_obtained":["Doubt"]},{"damage_healed":0,"gold_gain":0,"player_choice":"Bought 1 Potion","damage_taken":0,"max_hp_gain":0,"max_hp_loss":0,"event_name":"The Woman in Blue","floor":8,"gold_loss":0},{"damage_healed":0,"gold_gain":250,"player_choice":"Bet on Owner","damage_taken":0,"max_hp_gain":0,"max_hp_loss":0,"event_name":"The Joust","floor":21,"gold_loss":50},{"damage_healed":0,"gold_gain":0,"player_choice":"Paid Gold","damage_taken":0,"relics_obtained":["StrikeDummy"],"max_hp_gain":0,"max_hp_loss":0,"event_name":"WeMeetAgain","floor":29,"gold_loss":67},{"damage_healed":0,"gold_gain":0,"player_choice":"Memory 1","damage_taken":0,"max_hp_gain":0,"max_hp_loss":0,"event_name":"SensoryStone","floor":42,"gold_loss":0},{"damage_healed":0,"gold_gain":0,"player_choice":"Ignored","damage_taken":0,"max_hp_gain":0,"max_hp_loss":0,"event_name":"Tomb of Lord Red Mask","floor":46,"gold_loss":0},{"damage_healed":0,"gold_gain":0,"player_choice":"Max HP","damage_taken":0,"max_hp_gain":0,"max_hp_loss":4,"event_name":"Winding Halls","floor":48,"gold_loss":0}],"is_beta":true,"boss_relics":[{"not_picked":["Tiny House","Ectoplasm"],"picked":"Cursed Key"},{"not_picked":["Philosopher\u0027s Stone","Empty Cage"],"picked":"Sozu"}],"items_purged_floors":[20,23,39,47],"is_endless":false,"potions_floor_spawned":[1,5,7,18,22,30,31,33,35,36,37,38,41,44,45,54],"ascension_level":16}}