{"host":"drk0p5jtlzl1xmwe","time":1610576465,"event":{"mods":["2.2 Compatiblity","AchievementEnabler","Act Like it!","Bard","BaseMod","Better Note","Better Vampires","Ekko","Friendly Minions","Hermit","Hubris","Infinite Spire","Luminous","Marisa????????","Minty Spire (QoL Compilation)","Rare Cards Sparkle","Relic Stats","Replay The Spire","Shade Mod","StSLib","The Animator","The Bug Knight","The Cursed","The Disciple","The Gatherer","The Servant 0.9.4","The Spell Scribe"],"gold_per_floor":[109,109,121,131,150,179,144,172,172,172,185,185,200,212,212,212,212],"floor_reached":16,"language":"ENG","playtime":540,"items_purged":[],"score":137,"play_id":"c4bb4751-6e89-4f7e-9e82-8f029eb14760","local_time":"20210113222105","is_ascension_mode":true,"campfire_choices":[{"floor":10,"key":"REST"},{"floor":15,"key":"REST"}],"circlet_count":0,"master_deck":["Strike_G","Strike_G","Strike_G","Strike_G","Strike_G","Defend_G","Defend_G","Defend_G","Defend_G","Defend_G","Survivor+1","Neutralize","Quick Slash","Poisoned Stab+1","Poisoned Stab","Corpse Explosion","Adrenaline","Caltrops","Bane","Cloak And Dagger"],"relics":["Ring of the Snake","Bag of Marbles","The Courier","ReplayTheSpireMod:Shallot","Ginger"],"acts_visited":["Exordium"],"potions_floor_usage":[6,8,8,16],"damage_taken":[{"damage":2,"enemies":"Small Slimes","floor":1,"turns":3},{"damage":1,"enemies":"2 Louse","floor":3,"turns":3},{"damage":1,"enemies":"Jaw Worm","floor":4,"turns":3},{"damage":8,"enemies":"3 Louse","floor":5,"turns":3},{"damage":24,"enemies":"3 Sentries","floor":6,"turns":7},{"damage":32,"enemies":"Gremlin Nob","floor":8,"turns":4},{"damage":0,"enemies":"Large Slime","floor":11,"turns":6},{"damage":0,"enemies":"2 Fungi Beasts","floor":13,"turns":3},{"damage":0,"enemies":"Gremlin Gang","floor":14,"turns":3},{"damage":40,"enemies":"Slime Boss","floor":16,"turns":5}],"seed_played":"-5929503869478975966","potions_obtained":[{"floor":1,"key":"Adrenaline Potion"},{"floor":5,"key":"Doom Potion"},{"floor":6,"key":"LiquidBronze"},{"floor":13,"key":"AttackPotion"}],"is_trial":false,"path_per_floor":["M","?","M","M","M","E","?","E","T","R","M","?","M","M","R","B"],"character_chosen":"THE_SILENT","items_purchased":[],"campfire_rested":2,"item_purchase_floors":[],"current_hp_per_floor":[68,54,53,52,44,20,37,5,5,26,26,19,19,19,40,0,0],"gold":212,"neow_bonus":"THREE_CARDS","is_daily":false,"chose_seed":false,"campfire_upgraded":0,"win_rate":0.0,"timestamp":1610576465,"path_taken":["M","?","M","M","M","E","?","E","T","R","M","?","M","M","R","BOSS"],"items_purchased_type":[],"build_version":"2020-12-22","purchased_purges":0,"victory":false,"max_hp_per_floor":[70,70,70,70,70,70,70,70,70,70,70,70,70,70,70,70,70],"relic_stats":{"counters":[10,40],"Ginger":[2],"obtain_stats":[{"ReplayTheSpireMod:Shallot":9,"The Courier":8,"Bag of Marbles":6,"Ginger":12,"Ring of the Snake":0},{"ReplayTheSpireMod:Shallot":6,"The Courier":6,"Bag of Marbles":5,"Ginger":7,"Ring of the Snake":0},{"ReplayTheSpireMod:Shallot":23,"The Courier":23,"Bag of Marbles":19,"Ginger":29,"Ring of the Snake":0}],"Ring of the Snake":[20]},"card_choices":[{"not_picked":["PiercingWail","Tactician"],"picked":"Quick Slash","floor":0},{"not_picked":["Cloak And Dagger","hubris:Counter"],"picked":"Poisoned Stab","floor":1},{"not_picked":["All Out Attack","Tactician"],"picked":"Poisoned Stab","floor":3},{"not_picked":["Flying Knee","Deflect","hubris:SlightOfHand"],"picked":"SKIP","floor":4},{"not_picked":["Deadly Poison","Deflect"],"picked":"Corpse Explosion","floor":5},{"not_picked":["Eviscerate","Flechettes"],"picked":"Adrenaline","floor":6},{"not_picked":["Sucker Punch","Slice"],"picked":"Caltrops","floor":8},{"not_picked":["Well Laid Plans","Prepared"],"picked":"Bane","floor":11},{"not_picked":["ReplayTheSpireMod:The Works","Bane","Slice"],"picked":"SKIP","floor":13},{"not_picked":["Finisher","Sucker Punch"],"picked":"Cloak And Dagger","floor":14}],"player_experience":664883,"relics_obtained":[{"floor":6,"key":"Bag of Marbles"},{"floor":8,"key":"The Courier"},{"floor":9,"key":"ReplayTheSpireMod:Shallot"}],"event_choices":[{"damage_healed":0,"gold_gain":0,"player_choice":"Entered Light","damage_taken":14,"max_hp_gain":0,"max_hp_loss":0,"event_name":"Shining Light","floor":2,"gold_loss":0,"cards_upgraded":["Poisoned Stab","Survivor"]},{"damage_healed":17,"gold_gain":0,"player_choice":"Healed","damage_taken":0,"max_hp_gain":0,"max_hp_loss":0,"event_name":"The Cleric","floor":7,"gold_loss":35},{"damage_healed":0,"gold_gain":0,"player_choice":"Success","damage_taken":7,"relics_obtained":["Ginger"],"max_hp_gain":0,"max_hp_loss":0,"event_name":"Scrap Ooze","floor":12,"gold_loss":0}],"is_beta":false,"boss_relics":[],"items_purged_floors":[],"is_endless":false,"potions_floor_spawned":[1,5,6,13],"killed_by":"Slime Boss","ascension_level":4}}