{"host":"laaugowj4oxtps61","time":1610566759,"event":{"mods":["2.2 Compatiblity","AchievementEnabler","Act Like it!","BaseMod","Better Third Choice","Conspire","Curses Come First","Downfall","Hubris","Hyrulean Relics","Infinite Spire","Minty Spire (QoL Compilation)","Nova Terra(??·??)","Pale of the Ancients","Prisma Mod","Rare Cards Sparkle","Replay The Spire","SOS???????","Small Relic Pack","StSLib","The Bug Knight","The Cursed","The Death Knight","The Exalted","The Kombatant","The Saiyan","The Servant 0.9.4","The Wild Card","TheHero","TheVelvet","vexMod"],"gold_per_floor":[115,115,127,127,212,240,240,250,325,325,341,351,385,405,405,507,507,523,541,541,541,541],"floor_reached":21,"language":"ENG","playtime":1478,"items_purged":[],"score":191,"play_id":"408649ff-9ef3-4a3a-afd6-568d22612588","local_time":"20210113133919","is_ascension_mode":false,"campfire_choices":[{"floor":7,"key":"REST"},{"floor":15,"key":"REST"}],"circlet_count":0,"master_deck":["Strike_G+1","Strike_G+1","Strike_G+1","Strike_G+1","Strike_G+1","Defend_G","Defend_G","Defend_G","Defend_G","Defend_G","Survivor","Neutralize","Deflect+1","Dagger Throw","Bane","Poison Darts","ReplayTheSpireMod:Tripwire","Slice","After Image","Deflect","Catalyst","Backflip","Blur","Envenom","Deadly Poison","Catalyst"],"relics":["hubris:VirtuousBlindfold","relicPack:DSword","hubris:ToyBattleship","Replay:Bottled Eggs","Omamori","hubris:TerracottaHorce"],"acts_visited":["Exordium","TheCity"],"potions_floor_usage":[13,13,21,21],"damage_taken":[{"damage":0,"enemies":"2 Louse","floor":1,"turns":3},{"damage":2,"enemies":"conspire:RoseBush","floor":3,"turns":4},{"damage":5,"enemies":"HollowMod:MossKnight","floor":6,"turns":5},{"damage":0,"enemies":"Small Slimes","floor":8,"turns":3},{"damage":4,"enemies":"conspire:2 RoseBushes","floor":11,"turns":4},{"damage":9,"enemies":"Blue Slaver","floor":12,"turns":2},{"damage":6,"enemies":"Lagavulin","floor":13,"turns":3},{"damage":0,"enemies":"Large Slime","floor":14,"turns":3},{"damage":16,"enemies":"Fading Forest","floor":16,"turns":11},{"damage":47,"enemies":"2 Thieves","floor":18,"turns":4},{"damage":15,"enemies":"conspire:FuzzyDice","floor":19,"turns":4},{"damage":19,"enemies":"Masked Bandits","floor":21,"turns":3}],"seed_played":"-5673064196580569135","potions_obtained":[{"floor":3,"key":"Adrenaline Potion"},{"floor":8,"key":"PowerPotion"},{"floor":11,"key":"SteroidPotion"},{"floor":14,"key":"DeathKnight:RimePotion"}],"is_trial":false,"path_per_floor":["M","?","M","?","?","E","R","M","T","?","M","M","E","M","R","B",null,"M","M","?","?"],"character_chosen":"THE_SILENT","items_purchased":[],"campfire_rested":2,"item_purchase_floors":[],"current_hp_per_floor":[70,35,33,38,20,15,37,37,37,37,33,24,18,18,40,34,65,18,3,6,0,0],"gold":541,"neow_bonus":"BOSS_RELIC","is_daily":false,"chose_seed":false,"campfire_upgraded":0,"win_rate":0.0,"timestamp":1610566759,"path_taken":["M","?","M","?","?","E","R","M","T","?","M","?","E","M","R","BOSS","M","M","?","?"],"items_purchased_type":[],"build_version":"2020-12-22","purchased_purges":0,"victory":false,"max_hp_per_floor":[70,70,70,75,75,75,75,75,75,75,75,75,75,75,75,75,75,75,75,78,78,78],"card_choices":[{"not_picked":["hubris:SlightOfHand","PiercingWail"],"picked":"Deflect","floor":1},{"not_picked":["Deflect","PiercingWail"],"picked":"Dagger Throw","floor":3},{"not_picked":["Outmaneuver","Quick Slash"],"picked":"Bane","floor":5},{"not_picked":["Caltrops","Dodge and Roll"],"picked":"Poison Darts","floor":5},{"not_picked":["Dagger Throw","PiercingWail"],"picked":"ReplayTheSpireMod:Tripwire","floor":5},{"not_picked":["Flying Knee","Deflect"],"picked":"Slice","floor":6},{"not_picked":["Draining Mist","Hidden Blade"],"picked":"After Image","floor":8},{"not_picked":["Heel Hook","Backflip"],"picked":"Deflect","floor":11},{"not_picked":["All Out Attack","Deflect"],"picked":"Catalyst","floor":12},{"not_picked":["Acrobatics","Eviscerate"],"picked":"Backflip","floor":13},{"not_picked":["Bane","Setup"],"picked":"Blur","floor":14},{"not_picked":["Replay:Bag of Tricks","Burst"],"picked":"Envenom","floor":16},{"not_picked":["Deflect","Accuracy"],"picked":"Deadly Poison","floor":18},{"not_picked":["Blade Dance+1","Backflip"],"picked":"Catalyst","floor":19}],"player_experience":483308,"relics_obtained":[{"floor":6,"key":"hubris:ToyBattleship"},{"floor":9,"key":"Replay:Bottled Eggs"},{"floor":13,"key":"Omamori"}],"event_choices":[{"damage_healed":0,"gold_gain":0,"player_choice":"Donut","damage_taken":0,"max_hp_gain":5,"max_hp_loss":0,"event_name":"Big Fish","floor":4,"gold_loss":0},{"damage_healed":0,"gold_gain":0,"player_choice":"Fought Bandits","damage_taken":0,"max_hp_gain":0,"max_hp_loss":0,"event_name":"Masked Bandits","floor":21,"gold_loss":0}],"is_beta":false,"boss_relics":[{"not_picked":["Cursed Key","Coffee Dripper"],"picked":"hubris:TerracottaHorce"}],"items_purged_floors":[],"is_endless":false,"potions_floor_spawned":[3,8,11,14],"killed_by":"Masked Bandits","ascension_level":0}}