{"host":"oigynbtg272c19pw","time":1610526974,"event":{"mods":["BaseMod","Colored Map","Minty Spire (QoL Compilation)","Relic Stats","StSLib"],"gold_per_floor":[113,113,113,1,15,15,49,69,69,87,103,103,137,162,162,250,250,275,275,285,310,334,334,368,368,368,405,433,433,452,463,463,463,463],"floor_reached":33,"playtime":1966,"items_purged":["Strike_R"],"score":702,"play_id":"bca2ef40-0b05-4d48-b8d8-43dc9bf8dab0","local_time":"20210113093614","is_ascension_mode":true,"campfire_choices":[{"data":"Carnage","floor":6,"key":"SMITH"},{"data":"True Grit","floor":12,"key":"SMITH"},{"data":"Disarm","floor":15,"key":"SMITH"},{"data":"Shockwave","floor":23,"key":"SMITH"},{"data":"True Grit","floor":25,"key":"SMITH"},{"floor":29,"key":"DIG"},{"data":"Corruption","floor":32,"key":"SMITH"}],"circlet_count":0,"master_deck":["AscendersBane","Strike_R","Strike_R","Strike_R","Defend_R","Defend_R","Defend_R","Defend_R","Bash","Carnage+1","Disarm+1","Shrug It Off","True Grit+1","Reckless Charge","Shockwave+1","True Grit+1","Flame Barrier","Metallicize","Corruption+1","Sentinel","Warcry+1","Shrug It Off","Uppercut","Feel No Pain","Shrug It Off"],"relics":["Burning Blood","Unceasing Top","Gambling Chip","StoneCalendar","CeramicFish","Coffee Dripper","Shovel","Letter Opener","Boot","Sundial"],"acts_visited":["Exordium","TheCity"],"potions_floor_usage":[13,27,33],"damage_taken":[{"damage":16,"enemies":"Jaw Worm","floor":1,"turns":5},{"damage":7,"enemies":"Small Slimes","floor":5,"turns":3},{"damage":26,"enemies":"Gremlin Nob","floor":7,"turns":4},{"damage":0,"enemies":"Cultist","floor":8,"turns":3},{"damage":0,"enemies":"Large Slime","floor":10,"turns":3},{"damage":12,"enemies":"Exordium Thugs","floor":11,"turns":4},{"damage":12,"enemies":"Lagavulin","floor":13,"turns":7},{"damage":1,"enemies":"Looter","floor":14,"turns":3},{"damage":0,"enemies":"The Guardian","floor":16,"turns":11},{"damage":21,"enemies":"Spheric Guardian","floor":18,"turns":7},{"damage":0,"enemies":"3 Byrds","floor":20,"turns":5},{"damage":4,"enemies":"Snake Plant","floor":21,"turns":5},{"damage":21,"enemies":"Chosen and Byrds","floor":22,"turns":7},{"damage":13,"enemies":"Book of Stabbing","floor":24,"turns":7},{"damage":30,"enemies":"Slavers","floor":27,"turns":7},{"damage":3,"enemies":"Sentry and Sphere","floor":28,"turns":7},{"damage":21,"enemies":"Cultist and Chosen","floor":30,"turns":7},{"damage":0,"enemies":"3 Cultists","floor":31,"turns":6},{"damage":47,"enemies":"Collector","floor":33,"turns":9}],"seed_played":"2811261219381158646","potions_obtained":[{"floor":10,"key":"BlessingOfTheForge"},{"floor":11,"key":"SkillPotion"},{"floor":13,"key":"EssenceOfSteel"},{"floor":20,"key":"FairyPotion"},{"floor":28,"key":"Ancient Potion"},{"floor":30,"key":"Block Potion"}],"is_trial":false,"path_per_floor":["M","?","?","$","M","R","E","M","T","M","M","R","E","M","R","B",null,"M","?","M","M","M","R","E","R","T","E","M","R","M","M","R","B"],"character_chosen":"IRONCLAD","items_purchased":["Disarm"],"campfire_rested":0,"item_purchase_floors":[4],"current_hp_per_floor":[58,51,51,51,50,50,30,36,36,42,36,36,30,35,35,41,67,52,52,58,60,45,45,38,38,38,14,17,17,28,34,34,0,0],"gold":463,"neow_bonus":"ONE_RARE_RELIC","is_daily":false,"chose_seed":false,"campfire_upgraded":6,"win_rate":0.0,"timestamp":1610526974,"path_taken":["M","?","?","$","M","R","E","M","T","M","?","R","E","M","R","BOSS","M","?","M","M","?","R","E","R","T","E","M","R","M","M","R","BOSS"],"items_purchased_type":["Card"],"build_version":"2020-12-13","purchased_purges":1,"victory":false,"max_hp_per_floor":[75,75,75,75,75,75,75,75,75,75,75,75,75,75,75,75,75,75,75,75,75,75,75,75,75,75,75,75,75,75,75,75,75,75],"relic_stats":{"Shovel":1,"counters":[19,110],"Sundial":[4],"Gambling Chip":[45],"CeramicFish":81,"StoneCalendar":[200],"Letter Opener":[130],"Boot":[2],"obtain_stats":[{"Shovel":24,"Sundial":29,"Gambling Chip":7,"CeramicFish":13,"StoneCalendar":9,"Coffee Dripper":17,"Letter Opener":26,"Boot":27,"Burning Blood":0,"Unceasing Top":0},{"Shovel":14,"Sundial":16,"Gambling Chip":3,"CeramicFish":7,"StoneCalendar":4,"Coffee Dripper":9,"Letter Opener":14,"Boot":15,"Burning Blood":0,"Unceasing Top":0},{"Shovel":74,"Sundial":88,"Gambling Chip":12,"CeramicFish":29,"StoneCalendar":15,"Coffee Dripper":43,"Letter Opener":74,"Boot":81,"Burning Blood":0,"Unceasing Top":0}],"Burning Blood":108,"Unceasing Top":[25]},"card_choices":[{"not_picked":["Blood for Blood","Thunderclap"],"picked":"Carnage","floor":1},{"not_picked":["Wild Strike","Thunderclap"],"picked":"Shrug It Off","floor":5},{"not_picked":["Flex","Pummel"],"picked":"True Grit","floor":7},{"not_picked":["Evolve","Perfected Strike"],"picked":"Reckless Charge","floor":8},{"not_picked":["Pummel","Spot Weakness"],"picked":"Shockwave","floor":10},{"not_picked":["Shockwave","Havoc"],"picked":"True Grit","floor":11},{"not_picked":["Armaments","Sword Boomerang"],"picked":"Flame Barrier","floor":13},{"not_picked":["Headbutt","Fiend Fire"],"picked":"Metallicize","floor":14},{"not_picked":["Feed","Berserk"],"picked":"Corruption","floor":16},{"not_picked":["Evolve+1","Havoc"],"picked":"Sentinel","floor":18},{"not_picked":["Inflame","Iron Wave","Body Slam"],"picked":"SKIP","floor":20},{"not_picked":["Anger","Sword Boomerang"],"picked":"Warcry+1","floor":21},{"not_picked":["Reckless Charge","Flex"],"picked":"Shrug It Off","floor":22},{"not_picked":["Carnage","Infernal Blade"],"picked":"Uppercut","floor":24},{"not_picked":["Flame Barrier","Wild Strike"],"picked":"Feel No Pain","floor":27},{"not_picked":["Entrench","Anger"],"picked":"Shrug It Off","floor":28},{"not_picked":["Fire Breathing+1","Carnage","Reckless Charge"],"picked":"SKIP","floor":30},{"not_picked":["Iron Wave","Evolve","Sword Boomerang"],"picked":"SKIP","floor":31}],"player_experience":1375611,"relics_obtained":[{"floor":7,"key":"Gambling Chip"},{"floor":9,"key":"StoneCalendar"},{"floor":13,"key":"CeramicFish"},{"floor":24,"key":"Shovel"},{"floor":26,"key":"Letter Opener"},{"floor":27,"key":"Boot"},{"floor":29,"key":"Sundial"}],"event_choices":[{"cards_removed":["Doubt"],"damage_healed":0,"gold_gain":0,"player_choice":"Card Removal","damage_taken":7,"max_hp_gain":0,"max_hp_loss":0,"event_name":"Golden Wing","floor":2,"gold_loss":0},{"cards_removed":["Strike_R"],"damage_healed":0,"gold_gain":0,"player_choice":"Offered Basic","damage_taken":0,"max_hp_gain":0,"max_hp_loss":0,"event_name":"Bonfire Elementals","floor":3,"gold_loss":0},{"damage_healed":0,"gold_gain":0,"player_choice":"Ignored","damage_taken":0,"max_hp_gain":0,"max_hp_loss":0,"event_name":"N\u0027loth","floor":19,"gold_loss":0}],"is_beta":false,"boss_relics":[{"not_picked":["Runic Dome","Runic Cube"],"picked":"Coffee Dripper"}],"items_purged_floors":[4],"is_endless":false,"potions_floor_spawned":[10,11,13,14,20,28,30],"killed_by":"Collector","ascension_level":20}}