{"host":"jnjxzd6rarbui4j8","time":1610576468,"event":{"mods":["AchievementEnabler","BaseMod","Colored Map","Highlight Path","Minty Spire (QoL Compilation)","Relic Stats","StSLib"],"gold_per_floor":[113,113,133,151,76,76,106,106,106,132,132,166,184,201,201,273,273,289,739,233,247,261,286,9,44,67,94,105,105,124,140,140,215,215,234,124,144,160,185,185,216,216,287,287,318,318,318,193,193,193,193,193,193,7,36,36],"floor_reached":57,"language":"ENG","playtime":10670,"items_purged":["Strike_G","Strike_G","Masterful Stab"],"score":3026,"play_id":"46234348-45f4-43e6-ad18-a1454f5cb320","local_time":"20210113172107","is_ascension_mode":true,"campfire_choices":[{"data":"Dagger Spray","floor":6.0,"key":"SMITH"},{"data":"Deadly Poison","floor":8.0,"key":"SMITH"},{"floor":15.0,"key":"REST"},{"data":"Bouncing Flask","floor":29.0,"key":"SMITH"},{"data":"Calculated Gamble","floor":32.0,"key":"SMITH"},{"data":"Catalyst","floor":40.0,"key":"SMITH"},{"data":"Catalyst","floor":42.0,"key":"SMITH"},{"floor":44.0,"key":"RECALL"},{"floor":46.0,"key":"DIG"},{"floor":49.0,"key":"DIG"},{"data":"Night Terror","floor":53.0,"key":"SMITH"}],"circlet_count":0,"master_deck":["AscendersBane","Survivor","Neutralize","Deadly Poison+1","Dagger Spray+1","Calculated Gamble+1","Dagger Spray","Night Terror+1","Tools of the Trade+1","Acrobatics+1","Corpse Explosion+1","Slice+1","Escape Plan","Venomology","PiercingWail","Tactician","Escape Plan","Footwork+1","PanicButton","Backflip","Deadly Poison","Bouncing Flask+1","Catalyst+1","Dodge and Roll+1","Wraith Form v2+1","Doppelganger","Flechettes","After Image+1","Cloak And Dagger","Bullet Time","Underhanded Strike","Endless Agony","Sucker Punch","Crippling Poison+1","Malaise+1","Catalyst+1","Well Laid Plans+1","Well Laid Plans+1","Footwork+1","Caltrops+1"],"relics":["Ring of the Snake","NeowsBlessing","WarpedTongs","White Beast Statue","Centennial Puzzle","Matryoshka","Potion Belt","Frozen Egg 2","MealTicket","SacredBark","Question Card","Orrery","Orichalcum","Pantograph","Blood Vial","Strawberry","Tough Bandages","Pandora\u0027s Box","Shovel","Dead Branch","Ninja Scroll","Blue Candle","FossilizedHelix","War Paint"],"acts_visited":["Exordium","TheCity","TheBeyond","TheEnding"],"potions_floor_usage":[56,56,56,56,56],"damage_taken":[{"damage":0.0,"enemies":"2 Louse","floor":1.0,"turns":1.0},{"damage":1.0,"enemies":"Cultist","floor":3.0,"turns":1.0},{"damage":1.0,"enemies":"Jaw Worm","floor":4.0,"turns":1.0},{"damage":0.0,"enemies":"3 Sentries","floor":7.0,"turns":7.0},{"damage":31.0,"enemies":"Gremlin Nob","floor":10.0,"turns":4.0},{"damage":12.0,"enemies":"3 Sentries","floor":12.0,"turns":6.0},{"damage":8.0,"enemies":"Blue Slaver","floor":13.0,"turns":2.0},{"damage":8.0,"enemies":"Gremlin Gang","floor":14.0,"turns":2.0},{"damage":18.0,"enemies":"Slime Boss","floor":16.0,"turns":6.0},{"damage":2.0,"enemies":"3 Byrds","floor":18.0,"turns":4.0},{"damage":4.0,"enemies":"2 Thieves","floor":21.0,"turns":3.0},{"damage":12.0,"enemies":"Cultist and Chosen","floor":22.0,"turns":7.0},{"damage":0.0,"enemies":"Gremlin Leader","floor":23.0,"turns":5.0},{"damage":36.0,"enemies":"Book of Stabbing","floor":25.0,"turns":7.0},{"damage":0.0,"enemies":"Slavers","floor":27.0,"turns":3.0},{"damage":6.0,"enemies":"Snecko","floor":28.0,"turns":4.0},{"damage":5.0,"enemies":"Centurion and Healer","floor":30.0,"turns":5.0},{"damage":28.0,"enemies":"Sentry and Sphere","floor":31.0,"turns":6.0},{"damage":28.0,"enemies":"Automaton","floor":33.0,"turns":7.0},{"damage":2.0,"enemies":"Orb Walker","floor":35.0,"turns":4.0},{"damage":0.0,"enemies":"3 Darklings","floor":37.0,"turns":3.0},{"damage":2.0,"enemies":"Transient","floor":38.0,"turns":6.0},{"damage":0.0,"enemies":"Mind Bloom Boss Battle","floor":39.0,"turns":6.0},{"damage":6.0,"enemies":"Nemesis","floor":41.0,"turns":5.0},{"damage":0.0,"enemies":"Reptomancer","floor":45.0,"turns":5.0},{"damage":8.0,"enemies":"Donu and Deca","floor":50.0,"turns":6.0},{"damage":22.0,"enemies":"Awakened One","floor":51.0,"turns":19.0},{"damage":0.0,"enemies":"Shield and Spear","floor":55.0,"turns":6.0},{"damage":5,"enemies":"The Heart","floor":56,"turns":8}],"seed_played":"-1795554090496128208","potions_obtained":[{"floor":4.0,"key":"Fire Potion"},{"floor":10.0,"key":"Regen Potion"},{"floor":12.0,"key":"GhostInAJar"},{"floor":13.0,"key":"SpeedPotion"},{"floor":14.0,"key":"CultistPotion"},{"floor":16.0,"key":"Regen Potion"},{"floor":21.0,"key":"SmokeBomb"},{"floor":22.0,"key":"Energy Potion"},{"floor":23.0,"key":"Regen Potion"},{"floor":25.0,"key":"PowerPotion"},{"floor":27.0,"key":"PowerPotion"},{"floor":30.0,"key":"CunningPotion"},{"floor":31.0,"key":"LiquidMemories"},{"floor":33.0,"key":"Block Potion"},{"floor":35.0,"key":"Block Potion"},{"floor":37.0,"key":"FearPotion"},{"floor":38.0,"key":"PowerPotion"},{"floor":39.0,"key":"GamblersBrew"},{"floor":41.0,"key":"Block Potion"},{"floor":45.0,"key":"Dexterity Potion"}],"is_trial":false,"path_per_floor":["M","?","M","M","?","R","E","R","T","E","T","E","M","M","R","B",null,"M","?","$","M","M","E","$","E","T","E","M","R","M","M","R","B",null,"M","?","M","M","?","R","E","R","T","R","E","R","?","$","R","B","B",null,"R","$","E","B",null],"character_chosen":"THE_SILENT","items_purchased":["Question Card","Orrery","Footwork+1","PanicButton","Footwork+1","Poison Potion","SkillPotion"],"campfire_rested":1,"item_purchase_floors":[20,20,24,24,54,54,54],"current_hp_per_floor":[59,59,58,57,57,57,57,57,57,26,26,29,21,13,32,14,53,51,5,20,16,49,49,64,28,35,37,33,33,30,4,4,52,68,68,68,70,70,73,73,67,67,67,67,69,69,69,73,73,65,51,68,68,73,73,68],"gold":36,"neow_bonus":"THREE_ENEMY_KILL","is_daily":false,"chose_seed":false,"campfire_upgraded":7,"win_rate":0.0,"timestamp":1610576467,"path_taken":["M","?","M","?","?","R","E","R","T","E","?","E","M","M","R","BOSS","M","?","$","?","M","E","$","E","T","E","M","R","M","M","R","BOSS","M","?","M","?","?","R","E","R","T","R","E","R","?","$","R","BOSS","BOSS","R","$","E","BOSS"],"items_purchased_type":["Relic","Relic","Card","Card","Card","Potion","Potion"],"build_version":"2020-12-22","purchased_purges":3,"victory":true,"max_hp_per_floor":[66,66,66,66,66,66,66,66,66,66,66,66,66,66,66,66,66,66,66,66,66,66,66,66,66,73,73,73,73,73,73,73,73,73,73,73,73,73,73,73,73,73,73,73,73,73,73,73,73,73,73,73,73,73,73,73],"relic_stats":{"counters":[29,149],"Dead Branch":[123],"Blue Candle":[0],"Orichalcum":[72],"War Paint":["Acrobatics","Malaise"],"Question Card":21,"WarpedTongs":[148],"Blood Vial":22,"Centennial Puzzle":[58],"Tough Bandages":[465],"Shovel":2,"Pantograph":32,"MealTicket":39,"Pandora\u0027s Box":["Doppelganger","Flechettes","After Image","Cloak And Dagger","Bullet Time","Underhanded Strike","Endless Agony","Sucker Punch"],"obtain_stats":[{"Potion Belt":11,"NeowsBlessing":0,"SacredBark":17,"Dead Branch":41,"Blue Candle":46,"Frozen Egg 2":11,"Orichalcum":23,"War Paint":55,"Question Card":20,"White Beast Statue":7,"WarpedTongs":2,"Blood Vial":26,"Centennial Puzzle":9,"Tough Bandages":27,"Matryoshka":10,"Shovel":39,"Ninja Scroll":45,"Pantograph":25,"Strawberry":26,"Orrery":20,"MealTicket":12,"Pandora\u0027s Box":34,"FossilizedHelix":49,"Ring of the Snake":0},{"Potion Belt":5,"NeowsBlessing":0,"SacredBark":9,"Dead Branch":24,"Blue Candle":25,"Frozen Egg 2":5,"Orichalcum":13,"War Paint":28,"Question Card":10,"White Beast Statue":4,"WarpedTongs":1,"Blood Vial":14,"Centennial Puzzle":4,"Tough Bandages":15,"Matryoshka":5,"Shovel":23,"Ninja Scroll":25,"Pantograph":14,"Strawberry":14,"Orrery":10,"MealTicket":6,"Pandora\u0027s Box":19,"FossilizedHelix":25,"Ring of the Snake":0},{"Potion Belt":14,"NeowsBlessing":0,"SacredBark":30,"Dead Branch":105,"Blue Candle":110,"Frozen Egg 2":14,"Orichalcum":49,"War Paint":141,"Question Card":34,"White Beast Statue":10,"WarpedTongs":1,"Blood Vial":56,"Centennial Puzzle":10,"Tough Bandages":59,"Matryoshka":14,"Shovel":100,"Ninja Scroll":110,"Pantograph":56,"Strawberry":56,"Orrery":34,"MealTicket":20,"Pandora\u0027s Box":81,"FossilizedHelix":110,"Ring of the Snake":0}],"Ring of the Snake":[58]},"card_choices":[{"not_picked":["Dodge and Roll","Accuracy"],"picked":"Deadly Poison","floor":1.0},{"not_picked":["Infinite Blades","Deflect"],"picked":"Dagger Spray","floor":3.0},{"not_picked":["Infinite Blades","Heel Hook"],"picked":"Calculated Gamble","floor":4.0},{"not_picked":["Underhanded Strike","Cloak And Dagger"],"picked":"Masterful Stab","floor":7.0},{"not_picked":["Outmaneuver","Dodge and Roll"],"picked":"Dagger Spray","floor":10.0},{"not_picked":["Deflect","Calculated Gamble"],"picked":"Riddle With Holes","floor":12.0},{"not_picked":["Bane","All Out Attack","Dagger Throw"],"picked":"SKIP","floor":13.0},{"not_picked":["Deflect","Backflip"],"picked":"Night Terror","floor":14.0},{"not_picked":["Phantasmal Killer","Venomology"],"picked":"Tools of the Trade+1","floor":16.0},{"not_picked":["Finisher","Bane"],"picked":"Acrobatics","floor":18.0},{"not_picked":["Deflect","Sucker Punch","Distraction"],"picked":"Corpse Explosion","floor":20.0},{"not_picked":["Predator","Acrobatics","Underhanded Strike"],"picked":"Slice+1","floor":20.0},{"not_picked":["Bane","Sucker Punch","Finisher"],"picked":"Escape Plan","floor":20.0},{"not_picked":["Deadly Poison","Prepared","Poisoned Stab"],"picked":"Venomology","floor":20.0},{"not_picked":["Slice","Prepared","Reflex"],"picked":"PiercingWail","floor":21.0},{"not_picked":["Calculated Gamble","Finisher","Dodge and Roll"],"picked":"Tactician","floor":22.0},{"not_picked":["Accuracy+1","Dagger Throw","After Image+1"],"picked":"Escape Plan","floor":23.0},{"not_picked":["Grand Finale","Flying Knee","Accuracy+1"],"picked":"Backflip","floor":25.0},{"not_picked":["Infinite Blades+1","Dagger Throw","Glass Knife"],"picked":"Deadly Poison","floor":27.0},{"not_picked":["Outmaneuver","Prepared","Finisher"],"picked":"Bouncing Flask","floor":28.0},{"not_picked":["Bane","Underhanded Strike","Acrobatics+1"],"picked":"Catalyst","floor":30.0},{"not_picked":["Outmaneuver","Sucker Punch","Poisoned Stab+1"],"picked":"Dodge and Roll+1","floor":31.0},{"not_picked":["Storm of Steel","Grand Finale","Doppelganger"],"picked":"Wraith Form v2+1","floor":33.0},{"not_picked":["Bane+1","Dodge and Roll","Setup"],"picked":"Crippling Poison+1","floor":35.0},{"not_picked":["Quick Slash","Cloak And Dagger+1","Calculated Gamble"],"picked":"Malaise","floor":37.0},{"not_picked":["Expertise","Dodge and Roll","Underhanded Strike","Accuracy+1"],"picked":"SKIP","floor":38.0},{"not_picked":["Choke","Acrobatics","Slice+1"],"picked":"Catalyst","floor":39.0},{"not_picked":["Bane","Envenom+1","Grand Finale"],"picked":"Well Laid Plans+1","floor":41.0},{"not_picked":["Underhanded Strike","Dagger Spray+1","Acrobatics"],"picked":"Well Laid Plans+1","floor":45.0},{"not_picked":["Outmaneuver+1","Corpse Explosion","Acrobatics"],"picked":"Caltrops+1","floor":55.0}],"player_experience":2422421,"relics_obtained":[{"floor":7.0,"key":"White Beast Statue"},{"floor":9.0,"key":"Centennial Puzzle"},{"floor":10.0,"key":"Matryoshka"},{"floor":11.0,"key":"Potion Belt"},{"floor":11.0,"key":"Frozen Egg 2"},{"floor":12.0,"key":"MealTicket"},{"floor":23.0,"key":"Orichalcum"},{"floor":25.0,"key":"Pantograph"},{"floor":26.0,"key":"Blood Vial"},{"floor":26.0,"key":"Strawberry"},{"floor":27.0,"key":"Tough Bandages"},{"floor":39.0,"key":"Shovel"},{"floor":41.0,"key":"Dead Branch"},{"floor":45.0,"key":"Ninja Scroll"},{"floor":46.0,"key":"Blue Candle"},{"floor":49.0,"key":"FossilizedHelix"},{"floor":55.0,"key":"War Paint"}],"event_choices":[{"damage_healed":0.0,"max_hp_gain":0.0,"max_hp_loss":0.0,"gold_gain":0.0,"event_name":"Accursed Blacksmith","player_choice":"Rummage","floor":2.0,"gold_loss":0.0,"damage_taken":0.0,"relics_obtained":["WarpedTongs"],"cards_obtained":["Pain"]},{"cards_removed":["Pain"],"damage_healed":0.0,"max_hp_gain":0.0,"max_hp_loss":0.0,"gold_gain":0.0,"event_name":"The Cleric","player_choice":"Card Removal","floor":5.0,"gold_loss":75.0,"damage_taken":0.0},{"damage_healed":0.0,"max_hp_gain":0.0,"max_hp_loss":0.0,"gold_gain":450.0,"event_name":"Knowing Skull","player_choice":"GOLD GOLD GOLD GOLD GOLD ","floor":19.0,"potions_obtained":[],"gold_loss":0.0,"damage_taken":46.0,"cards_obtained":[]},{"cards_removed":["Riddle With Holes"],"damage_healed":0.0,"max_hp_gain":0.0,"max_hp_loss":0.0,"gold_gain":0.0,"event_name":"Designer","player_choice":"Upgrade and Remove","floor":36.0,"gold_loss":110.0,"damage_taken":0.0,"cards_upgraded":["Corpse Explosion"]},{"damage_healed":0.0,"max_hp_gain":0.0,"max_hp_loss":0.0,"gold_gain":0.0,"event_name":"MindBloom","player_choice":"Fight","floor":39.0,"gold_loss":0.0,"damage_taken":0.0},{"damage_healed":0.0,"max_hp_gain":0.0,"max_hp_loss":0.0,"gold_gain":0.0,"event_name":"Lab","player_choice":"Got Potions","floor":47.0,"gold_loss":0.0,"damage_taken":0.0}],"is_beta":false,"boss_relics":[{"not_picked":["Ectoplasm","WristBlade"],"picked":"SacredBark"},{"not_picked":["Calling Bell","Snecko Eye"],"picked":"Pandora\u0027s Box"}],"items_purged_floors":[20,24,48],"is_endless":false,"potions_floor_spawned":[4,10,12,13,14,16,18,21,22,23,25,27,28,30,31,33,35,37,38,39,41,45,55],"ascension_level":20}}