{"host":"hbvn1mkfq2iixsau","time":1610544718,"event":{"mods":["AchievementEnabler","Act Like it!","BaseMod","Better Altar","Better Match","Better Sensory Stone","Better Skull","Better Third Choice","Colored Map","Displayed Cursed Tome","Minty Spire (QoL Compilation)","Quick Restart","Relic Stats","Replay The Spire","Shop Mod","StSLib","The Jungle"],"gold_per_floor":[109,109,83,83,8,42,42,70,135,158,203,230,242,281,293,405,417,443,455,467,479,641,653,697,709,775,787,826,855,898,930,942,1059,1071,1095,1122,616,616,489,516,57,83,108,158,175,189,215,229,229,229,229,229,12,42,42],"floor_reached":56,"language":"ENG","playtime":3683,"items_purged":["Regret","Amnesia","ReplayTheSpireMod:Splinters"],"score":1575,"play_id":"a1df5b6f-90be-4ef5-8c54-555548d38b29","local_time":"20210113153158","is_ascension_mode":true,"campfire_choices":[{"data":"Bash","floor":7.0,"key":"SMITH"},{"data":"Magnetism","floor":23.0,"key":"SMITH"},{"data":"Immolate","floor":27.0,"key":"SMITH"},{"data":"Fire Breathing","floor":32.0,"key":"SMITH"},{"floor":49.0,"key":"RECALL"},{"data":"Demon Form","floor":52,"key":"SMITH"},{"data":"Fire Breathing","floor":52,"key":"SMITH"}],"circlet_count":0,"master_deck":["Strike_R","Strike_R+1","Strike_R+1","Strike_R","Strike_R","Defend_R","Defend_R+1","Defend_R","Bash+1","Evolve","Offering+1","Wild Strike","Evolve","Pommel Strike","Magnetism+1","ReplayTheSpireMod:Trickstab","Immolate+1","CurseOfTheBell","Pummel+1","Shame","Sever Soul+1","Juggernaut","Fire Breathing+1","Demon Form+1","Fire Breathing+1","Sever Soul","Wild Strike","Rupture+1","Second Wind"],"relics":["Burning Blood","NeowsBlessing","ReplayFunnel","betterThird:SlimedRelic","Ancient Tea Set","Blue Doll","Bag of Preparation","StrikeDummy","ReplayTheSpireMod:TigerMarble","Another Sword","Replay:Bottled Steam","theJungle:BirthdayCake","Ornamental Fan","theJungle:PaperFaux","Magic Flower","Ring of Panic","Ring of Misfortune","Juzu Bracelet","Iron Hammer","Akabeko","Mark of Pain","Replay:Wax Seal","MerchantsRug","Bronze Scales","Prayer Wheel","Pocketwatch","Replay:Arrowhead","ReplayTheSpireMod:Shallot","Calipers"],"acts_visited":["Exordium","Exordium","TheBeyond","TheEnding"],"potions_floor_usage":[55,55,55],"damage_taken":[{"damage":0.0,"enemies":"2 Louse","floor":1.0,"turns":1.0},{"damage":0.0,"enemies":"3 Sentries","floor":6.0,"turns":2.0},{"damage":0.0,"enemies":"Lagavulin","floor":8.0,"turns":1.0},{"damage":11.0,"enemies":"Small Slimes","floor":10.0,"turns":3.0},{"damage":24.0,"enemies":"Gremlin Nob","floor":11.0,"turns":3.0},{"damage":5.0,"enemies":"Jaw Worm","floor":12.0,"turns":4.0},{"damage":8.0,"enemies":"Lagavulin","floor":14.0,"turns":6.0},{"damage":34.0,"enemies":"Hexaghost","floor":16.0,"turns":11.0},{"damage":5.0,"enemies":"theJungle:MUSHROOMGANG","floor":18.0,"turns":3.0},{"damage":44.0,"enemies":"JungleHuntersEvent","floor":20.0,"turns":6.0},{"damage":6.0,"enemies":"theJungle:2_Phrogs","floor":24.0,"turns":5.0},{"damage":0.0,"enemies":"theJungle:Cassacara","floor":28.0,"turns":3.0},{"damage":0.0,"enemies":"theJungle:GiantWrat","floor":29.0,"turns":1.0},{"damage":0.0,"enemies":"theJungle:2_Phrogs","floor":30.0,"turns":3.0},{"damage":0.0,"enemies":"theJungle:2_Flameangoes","floor":31.0,"turns":2.0},{"damage":11.0,"enemies":"theJungle:FunGuy","floor":33.0,"turns":4.0},{"damage":0.0,"enemies":"Orb Walker","floor":35.0,"turns":1.0},{"damage":6.0,"enemies":"3 Shapes","floor":36.0,"turns":1.0},{"damage":9.0,"enemies":"Giant Head","floor":40.0,"turns":6.0},{"damage":0.0,"enemies":"R_Hoarder","floor":42.0,"turns":4.0},{"damage":0.0,"enemies":"Jaw Worm Horde","floor":45.0,"turns":3.0},{"damage":0.0,"enemies":"3 Darklings","floor":46.0,"turns":4.0},{"damage":0.0,"enemies":"Reptomancer","floor":47.0,"turns":2.0},{"damage":3.0,"enemies":"Transient","floor":48.0,"turns":5.0},{"damage":13,"enemies":"Time Eater","floor":50,"turns":4},{"damage":32,"enemies":"Shield and Spear","floor":54,"turns":3},{"damage":48,"enemies":"The Heart","floor":55,"turns":5}],"seed_played":"-4133927871088656489","potions_obtained":[{"floor":6.0,"key":"SteroidPotion"},{"floor":11.0,"key":"Languid Potion"},{"floor":12.0,"key":"Weak Potion"},{"floor":16.0,"key":"Elixir"},{"floor":18.0,"key":"BlessingOfTheForge"},{"floor":20.0,"key":"PowerPotion"},{"floor":35.0,"key":"Adrenaline Potion"},{"floor":44.0,"key":"Ancient Potion"},{"floor":54,"key":"LifebloodPotion"}],"is_trial":false,"path_per_floor":["M","?","?","?","$","E","R","E","T","M","E","M","?","E","R_BF","B",null,"M","?","?","?","?","R","E","?","T","R","E","M","E","M","R","B",null,"M","M","$","?","?","E","$","E","T","?","M","M","E","M","R","B",null,"R","$","E","B",null],"character_chosen":"IRONCLAD","items_purchased":["Replay:Wax Seal","Whetstone","Fire Breathing","MerchantsRug","Bronze Scales","Prayer Wheel","ReplayTheSpireMod:Shallot","Second Wind"],"campfire_rested":0,"item_purchase_floors":[37,37,37,37,41,41,53,53],"current_hp_per_floor":[80,80,69,69,69,75,75,80,80,75,57,58,58,56,56,28,80,80,100,62,62,62,62,62,62,62,62,71,80,89,98,98,98,100,100,100,100,100,100,107,107,107,107,107,107,107,107,107,107,103,107,107,107,84,45],"gold":42,"neow_bonus":"THREE_ENEMY_KILL","is_daily":false,"chose_seed":false,"campfire_upgraded":6,"win_rate":0.0,"timestamp":1610544718,"path_taken":["M","?","?","?","$","E","R","E","T","M","E","?","?","E","R_BF","BOSS","M","?","?","?","?","R","E","?","T","R","E","M","E","M","R","BOSS","M","M","$","?","?","E","?","E","T","?","M","M","E","M","R","BOSS","R","$","E","BOSS"],"items_purchased_type":["Relic","Relic","Card","Relic","Relic","Relic","Relic","Card"],"build_version":"2020-12-22","purchased_purges":3,"victory":true,"max_hp_per_floor":[80,80,80,80,80,80,80,80,80,80,80,80,80,80,80,80,80,80,100,100,100,100,100,100,100,100,100,100,100,100,100,100,100,100,100,100,100,100,100,107,107,107,107,107,107,107,107,107,107,107,107,107,107,107,107],"relic_stats":{"counters":[27,96],"Ornamental Fan":[156],"Bronze Scales":[114],"Magic Flower":[27],"Prayer Wheel":3,"Bag of Preparation":[44],"Juzu Bracelet":1,"obtain_stats":[{"ReplayFunnel":2,"Calipers":54,"Magic Flower":24,"Blue Doll":9,"Bag of Preparation":11,"Juzu Bracelet":26,"Whetstone":37,"theJungle:PaperFaux":21,"Ancient Tea Set":6,"Burning Blood":0,"Strawberry":40,"Prayer Wheel":41,"MealTicket":44,"Iron Hammer":28,"theJungle:BirthdayCake":19,"Ring of Panic":25,"Replay:Wax Seal":37,"Replay:Bottled Steam":17,"MerchantsRug":37,"NeowsBlessing":0,"War Paint":39,"MawBank":8,"Akabeko":30,"Replay:Arrowhead":47,"Calling Bell":17,"ReplayTheSpireMod:Shallot":53,"Ornamental Fan":20,"betterThird:SlimedRelic":3,"Ring of Misfortune":25,"Bronze Scales":41,"Another Sword":17,"Mark of Pain":34,"ReplayTheSpireMod:TigerMarble":17,"StrikeDummy":14,"Pocketwatch":42},{"ReplayFunnel":1,"Calipers":26,"Magic Flower":11,"Blue Doll":3,"Bag of Preparation":5,"Juzu Bracelet":11,"Whetstone":18,"theJungle:PaperFaux":10,"Ancient Tea Set":2,"Burning Blood":0,"Strawberry":19,"Prayer Wheel":19,"MealTicket":20,"Iron Hammer":12,"theJungle:BirthdayCake":9,"Ring of Panic":11,"Replay:Wax Seal":18,"Replay:Bottled Steam":8,"MerchantsRug":18,"NeowsBlessing":0,"War Paint":18,"MawBank":3,"Akabeko":14,"Replay:Arrowhead":23,"Calling Bell":8,"ReplayTheSpireMod:Shallot":25,"Ornamental Fan":10,"betterThird:SlimedRelic":1,"Ring of Misfortune":11,"Bronze Scales":19,"Another Sword":8,"Mark of Pain":16,"ReplayTheSpireMod:TigerMarble":8,"StrikeDummy":7,"Pocketwatch":20},{"ReplayFunnel":1,"Calipers":91,"Magic Flower":45,"Blue Doll":4,"Bag of Preparation":10,"Juzu Bracelet":45,"Whetstone":60,"theJungle:PaperFaux":40,"Ancient Tea Set":3,"Burning Blood":0,"Strawberry":66,"Prayer Wheel":66,"MealTicket":70,"Iron Hammer":48,"theJungle:BirthdayCake":34,"Ring of Panic":45,"Replay:Wax Seal":60,"Replay:Bottled Steam":31,"MerchantsRug":60,"NeowsBlessing":0,"War Paint":60,"MawBank":4,"Akabeko":52,"Replay:Arrowhead":79,"Calling Bell":31,"ReplayTheSpireMod:Shallot":88,"Ornamental Fan":40,"betterThird:SlimedRelic":1,"Ring of Misfortune":45,"Bronze Scales":66,"Another Sword":31,"Mark of Pain":58,"ReplayTheSpireMod:TigerMarble":31,"StrikeDummy":20,"Pocketwatch":70}],"Burning Blood":148,"Pocketwatch":[6]},"card_choices":[{"not_picked":["Havoc","Headbutt"],"picked":"Evolve","floor":1.0},{"not_picked":["Anger","Seeing Red","Shockwave"],"picked":"SKIP","floor":6.0},{"not_picked":["Flex","Pummel"],"picked":"Offering","floor":8.0},{"not_picked":["Rage","Clash"],"picked":"Wild Strike","floor":10.0},{"not_picked":["Hemokinesis","Pummel"],"picked":"Evolve","floor":11.0},{"not_picked":["Rampage","Cleave"],"picked":"Pommel Strike","floor":12.0},{"not_picked":["Trip","Purity"],"picked":"Magnetism","floor":13.0},{"not_picked":["Entrench","Headbutt","Clothesline"],"picked":"SKIP","floor":14.0},{"not_picked":["Impervious","Hemogenesis"],"picked":"Immolate","floor":16.0},{"not_picked":["Shockwave","Iron Wave"],"picked":"Pummel+1","floor":18.0},{"not_picked":["Warcry","Flex"],"picked":"Sever Soul+1","floor":24.0},{"not_picked":["Flex","Dark Embrace"],"picked":"Juggernaut","floor":28.0},{"not_picked":["Thunderclap","Warcry","Sword Boomerang"],"picked":"SKIP","floor":29.0},{"not_picked":["Infernal Blade","ReplayTheSpireMod:Strike From Hell+1"],"picked":"Fire Breathing","floor":30.0},{"not_picked":["Clash","Flex+1","Offering"],"picked":"SKIP","floor":31.0},{"not_picked":["Bludgeon","Limit Break"],"picked":"Demon Form","floor":33.0},{"not_picked":["Entrench","Clothesline","Sword Boomerang+1"],"picked":"SKIP","floor":35.0},{"not_picked":["Armaments","Clothesline","Carnage+1"],"picked":"SKIP","floor":36.0},{"not_picked":["Entrench+1","Disarm+1","Headbutt"],"picked":"SKIP","floor":40.0},{"not_picked":["Cleave","Rupture","Massacre"],"picked":"SKIP","floor":42.0},{"not_picked":["Infernal Blade+1","Sword Boomerang"],"picked":"Wild Strike","floor":45.0},{"not_picked":["Exhume","Clash","Infernal Blade"],"picked":"SKIP","floor":45.0},{"not_picked":["True Grit","Clash+1","Sword Boomerang"],"picked":"SKIP","floor":46.0},{"not_picked":["Run Through","Shrug It Off+1","Rampage"],"picked":"SKIP","floor":46.0},{"not_picked":["Rampage","Burning Pact","Dual Wield"],"picked":"SKIP","floor":47.0},{"not_picked":["Heavy Blade+1","Warcry+1"],"picked":"Rupture+1","floor":48.0},{"not_picked":["Heavy Blade","Thunderclap+1","Cleave"],"picked":"SKIP","floor":48.0},{"not_picked":["Thunderclap+1","Rampage","Massacre+1"],"picked":"SKIP","floor":54}],"player_experience":237590,"relics_obtained":[{"floor":6.0,"key":"Ancient Tea Set"},{"floor":8.0,"key":"MawBank"},{"floor":9.0,"key":"Blue Doll"},{"floor":11.0,"key":"Bag of Preparation"},{"floor":14.0,"key":"StrikeDummy"},{"floor":17.0,"key":"ReplayTheSpireMod:TigerMarble"},{"floor":17.0,"key":"Another Sword"},{"floor":17.0,"key":"Replay:Bottled Steam"},{"floor":20.0,"key":"Ornamental Fan"},{"floor":24.0,"key":"Magic Flower"},{"floor":25.0,"key":"Ring of Panic"},{"floor":25.0,"key":"Ring of Misfortune"},{"floor":26.0,"key":"Juzu Bracelet"},{"floor":28.0,"key":"Iron Hammer"},{"floor":30.0,"key":"Akabeko"},{"floor":40.0,"key":"Strawberry"},{"floor":42.0,"key":"Pocketwatch"},{"floor":44.0,"key":"MealTicket"},{"floor":47.0,"key":"Replay:Arrowhead"},{"floor":54,"key":"Calipers"}],"event_choices":[{"damage_healed":0.0,"max_hp_gain":0.0,"max_hp_loss":0.0,"gold_gain":0.0,"event_name":"Big Fish","player_choice":"Box","floor":2.0,"gold_loss":0.0,"damage_taken":0.0,"relics_obtained":["ReplayFunnel"],"cards_obtained":["Regret"]},{"damage_healed":0.0,"max_hp_gain":0.0,"max_hp_loss":0.0,"gold_gain":0.0,"event_name":"betterThird:BetterGoop","player_choice":"Slimed","floor":3.0,"gold_loss":26.0,"damage_taken":11.0},{"damage_healed":69.0,"max_hp_gain":0.0,"max_hp_loss":80.0,"gold_gain":0.0,"event_name":"betterThird:BetterShining","player_choice":"Embrace Burn","floor":4.0,"gold_loss":0.0,"damage_taken":0.0},{"damage_healed":0.0,"max_hp_gain":0.0,"max_hp_loss":0.0,"gold_gain":1.0,"event_name":"betterStone:BetterStone","player_choice":"1","floor":13.0,"gold_loss":0.0,"damage_taken":0.0},{"damage_healed":0.0,"max_hp_gain":0.0,"max_hp_loss":0.0,"gold_gain":0.0,"cards_transformed":["Defend_R"],"event_name":"Transmorgrifier","player_choice":"Transformed","floor":38.0,"gold_loss":0.0,"damage_taken":0.0,"cards_obtained":["Sever Soul"]},{"damage_healed":0.0,"max_hp_gain":0.0,"max_hp_loss":0.0,"gold_gain":0.0,"event_name":"WeMeetAgain","player_choice":"Paid Gold","floor":39.0,"gold_loss":127.0,"damage_taken":0.0,"relics_obtained":["War Paint"]}],"is_beta":false,"boss_relics":[{"not_picked":["Philosopher\u0027s Stone","Empty Cage"],"picked":"Calling Bell"},{"not_picked":["Sozu","Busted Crown"],"picked":"Mark of Pain"}],"items_purged_floors":[5,37,53],"is_endless":false,"potions_floor_spawned":[6,11,12,16,18,20,24,31,33,35,45,47,48,54],"ascension_level":1}}