{"host":"hgppx942rrnelsya","time":1610581125,"event":{"mods":["Act Like it!","BaseMod","Friendly Minions","Gensokyo","GifTheSpireLib","Hallownest","KinomotoSakuraMod(????)","Koishi","Marisa????????","Minty Spire (QoL Compilation)","Prisma Mod","Remilia??????","StSLib","The Alterego","The Animator","The Forsaken","The Hierophant","The Mystic","The Runesmith","The Servant 0.9.4"],"gold_per_floor":[119,137,147,66,76,76,86,102,102,102,8,8,36,0,0,98,98,115,130,3,3,63,89,101,117,117,117,133,163,178,178,178,282,282,299,310,20,36,36,63,78,78,103,34,34,54,89,102,102,102],"floor_reached":51,"language":"ENG","playtime":3162,"items_purged":["Defend_S"],"score":928,"play_id":"eb41902b-17f3-4c02-9a66-0c451eee1e31","local_time":"20210113233845","is_ascension_mode":false,"campfire_choices":[{"data":"InstantArmor","floor":6,"key":"SMITH"},{"data":"Exchange","floor":10,"key":"SMITH"},{"data":"Potential","floor":15,"key":"SMITH"},{"data":"BestPractice","floor":27,"key":"SMITH"},{"data":"Barrier","floor":32,"key":"SMITH"},{"data":"Hightail","floor":45,"key":"SMITH"},{"data":"Barrier","floor":49,"key":"SMITH"}],"circlet_count":0,"master_deck":["Strike_S","Strike_S","Strike_S","Strike_S","Defend_S","Defend_S","Defend_S","KidneyShot","Exchange+1","Gouge","GearUp","InstantArmor+1","Revamp","Luminosity","TimeWarp","Hallownest:curseDreamersLament","Potential+1","LightFlow","SilverBlades+1","Moonlight","BestPractice+1","Barrier+1","Defy+1","Barrier+1","Ricochet","Potential","Sunlight","Moonlight","BottledTime+1","Hightail+1","Moonlight","SilverBlades+1","InstantArmor+1","Moonlight","Potential+1","Barrier+1"],"relics":["Uniform","Ornamental Fan","Hallownest:TeacherSealRelic","HornCleat","ScarletDevilRocket","Velvet Choker","Gremlin Horn","Bottled Lightning","Mummified Hand","SlaversCollar","Lizard Tail","Lantern","Runesmith:Nanobots"],"acts_visited":["Hallownest:Greenpath","Hallownest:CityofTears","Hallownest:KingdomsEdge"],"potions_floor_usage":[3,8,8,16,16,16,23,23,33,33,36,40,40,46,47],"damage_taken":[{"damage":4,"enemies":"Hallownest:2_Baldur","floor":1,"turns":3},{"damage":3,"enemies":"Hallownest:monsterHuskGuard","floor":2,"turns":4},{"damage":4,"enemies":"Hallownest:2_MossCreeps","floor":3,"turns":4},{"damage":0,"enemies":"Hallownest:monsterAspidMother","floor":5,"turns":5},{"damage":0,"enemies":"Hallownest:monsterMossCharger","floor":7,"turns":2},{"damage":5,"enemies":"Hallownest:Guard_and_Warrior","floor":8,"turns":5},{"damage":0,"enemies":"Hallownest:eliteVengeflyKing","floor":13,"turns":7},{"damage":2,"enemies":"Hallownest:BossFalseKnight","floor":16,"turns":9},{"damage":0,"enemies":"Hallownest:Flukemon_and_Top","floor":18,"turns":6},{"damage":9,"enemies":"Hallownest:2_Mistakes","floor":19,"turns":7},{"damage":1,"enemies":"Hallownest:Glutton_and_Coward","floor":22,"turns":4},{"damage":13,"enemies":"Hallownest:eliteSoulWarrior","floor":23,"turns":7},{"damage":0,"enemies":"Hallownest:Master_and_Novice","floor":24,"turns":6},{"damage":0,"enemies":"Hallownest:monsterShrumalOgre","floor":25,"turns":4},{"damage":0,"enemies":"Hallownest:Warrior_and_Youth","floor":28,"turns":5},{"damage":0,"enemies":"Hallownest:eliteWatcherKnight","floor":29,"turns":23},{"damage":0,"enemies":"Hallownest:monsterMisterMushroom","floor":30,"turns":6},{"damage":13,"enemies":"Hallownest:BossMantisLord","floor":33,"turns":11},{"damage":0,"enemies":"Hallownest:Shield_Heavy","floor":35,"turns":5},{"damage":25,"enemies":"Hallownest:3_Siblings","floor":36,"turns":10},{"damage":0,"enemies":"Hallownest:2_Wandering_and_1_Horned","floor":38,"turns":9},{"damage":0,"enemies":"Hallownest:eliteHiveKnight","floor":40,"turns":7},{"damage":0,"enemies":"Hallownest:2_Wing_and_1_Kings","floor":41,"turns":8},{"damage":3,"enemies":"Hallownest:Xero_Hu_Marmu","floor":46,"turns":14},{"damage":0,"enemies":"Hallownest:eliteCollector","floor":47,"turns":9},{"damage":0,"enemies":"Hallownest:2_Wandering_and_1_Horned","floor":48,"turns":8},{"damage":0,"enemies":"Hallownest:Radiance","floor":50,"turns":11}],"seed_played":"-1354566887882023285","potions_obtained":[{"floor":0,"key":"LiquidMemories"},{"floor":0,"key":"EssenceOfSteel"},{"floor":0,"key":"Dexterity Potion"},{"floor":2,"key":"Fire Potion"},{"floor":7,"key":"Explosive Potion"},{"floor":8,"key":"AttackPotion"},{"floor":18,"key":"BlessingOfTheForge"},{"floor":19,"key":"PowerPotion"},{"floor":25,"key":"Regen Potion"},{"floor":30,"key":"LiquidMemories"},{"floor":36,"key":"Block Potion"},{"floor":41,"key":"Dexterity Potion"},{"floor":46,"key":"DistilledChaos"},{"floor":47,"key":"FairyPotion"}],"is_trial":false,"path_per_floor":["M","M","M","$","M","R","M","M","T","R","$","?","E","?","R","B",null,"M","M","$","?","M","E","M","M","T","R","M","E","M","?","R","B",null,"M","M","$","M","?","E","M","?","T","$","R","M","E","M","R","B",null],"character_chosen":"THE_SERVANT","items_purchased":["GearUp","TimeWarp","PowerPotion","BestPractice","SkillPotion","AttackPotion","AttackPotion","Hightail","Moonlight","Moonlight"],"campfire_rested":0,"item_purchase_floors":[4,11,11,20,20,37,37,37,37,44],"current_hp_per_floor":[61,58,54,54,54,54,54,49,49,49,49,49,49,49,49,47,65,65,56,56,65,64,51,51,51,51,51,51,51,51,51,51,53,65,65,40,40,40,40,40,40,40,40,40,40,37,37,37,37,37],"gold":102,"neow_bonus":"THREE_SMALL_POTIONS","is_daily":false,"chose_seed":false,"campfire_upgraded":7,"win_rate":0.0,"timestamp":1610581125,"path_taken":["M","M","M","$","M","R","?","M","T","R","$","?","E","?","R","BOSS","M","M","$","?","M","E","M","M","T","R","M","E","?","?","R","BOSS","M","M","$","M","?","E","M","?","T","?","R","M","E","M","R","BOSS"],"items_purchased_type":["Card","Card","Potion","Card","Potion","Potion","Potion","Card","Card","Card"],"build_version":"2020-12-22","purchased_purges":1,"victory":true,"max_hp_per_floor":[65,65,65,65,65,65,65,65,65,65,65,65,65,65,65,65,65,65,65,65,65,65,65,65,65,65,65,65,65,65,65,65,65,65,65,65,65,65,65,65,65,65,65,65,65,65,65,65,65,65],"card_choices":[{"not_picked":["BottledTime","FastForward"],"picked":"Revamp","floor":1},{"not_picked":["Spin","MoonPhase","Alleviate"],"picked":"SKIP","floor":2},{"not_picked":["ShiftingGears","Potential"],"picked":"Gouge","floor":3},{"not_picked":["Starlight","DoubleEdge"],"picked":"InstantArmor","floor":5},{"not_picked":["Reset","Unruled"],"picked":"Revamp","floor":7},{"not_picked":["Embodiment","Replace"],"picked":"Luminosity","floor":8},{"not_picked":["FastForward","TheWorld"],"picked":"Potential","floor":13},{"not_picked":["TheWorld","Deny"],"picked":"LightFlow","floor":16},{"not_picked":["Starlight+1","Alleviate"],"picked":"SilverBlades+1","floor":18},{"not_picked":["Rearm","Comet"],"picked":"Moonlight","floor":19},{"not_picked":["Contraction+1","Rewind"],"picked":"Barrier+1","floor":22},{"not_picked":["FastForward","Rearm"],"picked":"Defy+1","floor":23},{"not_picked":["TimeWarp","FastForward","Rearm+1"],"picked":"SKIP","floor":24},{"not_picked":["BottledTime","Read"],"picked":"Barrier","floor":25},{"not_picked":["Comet","Deny"],"picked":"Ricochet","floor":28},{"not_picked":["Snipe","ShatteredReality","Rearm"],"picked":"SKIP","floor":29},{"not_picked":["ShiftingGears+1","Comet"],"picked":"Potential","floor":30},{"not_picked":["Embodiment","Initiator"],"picked":"Sunlight","floor":33},{"not_picked":["FastForward","Gouge+1"],"picked":"Moonlight","floor":35},{"not_picked":["Alleviate","DoubleEdge+1"],"picked":"BottledTime+1","floor":36},{"not_picked":["StarChef","Moonlight"],"picked":"SilverBlades+1","floor":38},{"not_picked":["Potential","DoubleEdge+1","Contraction"],"picked":"SKIP","floor":40},{"not_picked":["Spin","ReturningBlade+1"],"picked":"InstantArmor+1","floor":41},{"not_picked":["Ricochet","Replace"],"picked":"Potential+1","floor":46},{"not_picked":["Comet","StarChef","DoubleEdge+1"],"picked":"SKIP","floor":47},{"not_picked":["Rearm+1","Unruled"],"picked":"Barrier","floor":48}],"player_experience":49595,"relics_obtained":[{"floor":9,"key":"Ornamental Fan"},{"floor":13,"key":"HornCleat"},{"floor":23,"key":"Gremlin Horn"},{"floor":26,"key":"Bottled Lightning"},{"floor":29,"key":"Mummified Hand"},{"floor":40,"key":"Lizard Tail"},{"floor":43,"key":"Lantern"},{"floor":47,"key":"Runesmith:Nanobots"}],"event_choices":[],"is_beta":false,"boss_relics":[{"not_picked":["Coffee Dripper","Black Star"],"picked":"Velvet Choker"},{"not_picked":["Runesmith:UraniumAnvil","Empty Cage"],"picked":"SlaversCollar"}],"items_purged_floors":[37],"is_endless":false,"potions_floor_spawned":[2,7,8,18,19,22,25,30,36,41,46,47],"ascension_level":0}}