{"host":"2jftgrhdogeeegvp","time":1610520458,"event":{"mods":["Act Like it!","Arknights The Spire","BaseMod","Colored Map","Downfall","Gensokyo","Marisa£®ÏF”Í°°ƒß¿Ì…≥£©","Minty Spire (QoL Compilation)","READ ME - Guardian Mod","Reimu£®≤©¿ˆ¡È√Œ£©","StSLib","SuperFastMode","The Cursed","The Gatherer","The Mystic"],"gold_per_floor":[114,114,129,147,1,30,30,101,101,120,147,163,199,99,99,99,99],"floor_reached":16,"language":"ZHS","playtime":642,"items_purged":["ats:Strike G","ats:Strike S"],"score":145,"play_id":"aa573855-547b-411a-bd34-40a3c7116e38","local_time":"20210112224738","is_ascension_mode":false,"campfire_choices":[{"data":"ats:Emotion Absorption","floor":7,"key":"SMITH"},{"floor":15,"key":"RECALL"}],"circlet_count":0,"master_deck":["ats:Strike C","ats:Armor Crushing Shot","ats:Defend","ats:Defend","ats:Defend","ats:Defend","ats:Emotion Absorption+1","ats:Burning Ground","ats:Chain Hook","ats:Hammer On","ats:Magnetic Hammer","ats:Sword Rain","ats:Shell Defense","ats:Sunburst"],"relics":["Runic Dome","ats:Originium","Orichalcum","Eternal Feather","Omamori","CeramicFish"],"acts_visited":["Exordium"],"potions_floor_usage":[11,13],"damage_taken":[{"damage":2,"enemies":"Small Slimes","floor":1,"turns":3},{"damage":6,"enemies":"Jaw Worm","floor":3,"turns":3},{"damage":1,"enemies":"2 Louse","floor":4,"turns":2},{"damage":18,"enemies":"Lagavulin","floor":6,"turns":5},{"damage":4,"enemies":"Blue Slaver","floor":10,"turns":2},{"damage":0,"enemies":"Gremlin Nob","floor":11,"turns":3},{"damage":2,"enemies":"Looter","floor":12,"turns":3},{"damage":7,"enemies":"3 Sentries","floor":13,"turns":4},{"damage":48,"enemies":"Hexaghost","floor":16,"turns":10}],"seed_played":"-907679762653977694","potions_obtained":[{"floor":1,"key":"ats:Top Emergency Sanity Potion"},{"floor":11,"key":"ZuzhouPotion:ReiMu"},{"floor":12,"key":"ats:Top Emergency Sanity Potion"}],"is_trial":false,"path_per_floor":["M","?","M","M","$","E","R","T","T","M","E","M","E","$","R","B"],"character_chosen":"DOCTOR_CLASS","items_purchased":["ats:Magnetic Hammer"],"campfire_rested":0,"item_purchase_floors":[5],"current_hp_per_floor":[70,70,64,63,63,45,45,45,45,41,41,39,34,34,40,0,0],"gold":99,"neow_bonus":"BOSS_RELIC","is_daily":false,"chose_seed":false,"campfire_upgraded":1,"win_rate":0.0,"timestamp":1610520458,"path_taken":["M","?","M","M","$","E","R","?","T","M","E","M","E","$","R","BOSS"],"items_purchased_type":["Card"],"build_version":"2020-12-22","purchased_purges":2,"victory":false,"max_hp_per_floor":[72,72,72,72,72,72,72,72,72,72,72,72,72,72,72,72,72],"card_choices":[{"not_picked":["ats:Counter Healing Mode","ats:Assault Order"],"picked":"ats:Burning Ground","floor":1},{"not_picked":["ats:Consecutive Shot Auto","ats:Revitalization"],"picked":"ats:Chain Hook","floor":3},{"not_picked":["ats:Poison Spread","ats:Directed Diagnosis"],"picked":"ats:Hammer On","floor":4},{"not_picked":["ats:Assault Order","ats:Cat Scratch"],"picked":"ats:Sword Rain","floor":6},{"not_picked":["ats:Magnetic Hammer","ats:Blood Oath","ats:Flexible Camouflage"],"picked":"SKIP","floor":10},{"not_picked":["ats:Red Shift","ats:Poison Spread"],"picked":"ats:Shell Defense","floor":11},{"not_picked":["ats:LN2 Cannon","ats:Neurotoxin","ats:Cat Scratch"],"picked":"SKIP","floor":12},{"not_picked":["ats:Closed Bolt Burst Fire","ats:Steam Pump"],"picked":"ats:Sunburst","floor":13}],"player_experience":413049,"relics_obtained":[{"floor":6,"key":"ats:Originium"},{"floor":6,"key":"Orichalcum"},{"floor":8,"key":"Eternal Feather"},{"floor":11,"key":"ats:Originium"},{"floor":11,"key":"Omamori"},{"floor":13,"key":"ats:Originium"},{"floor":13,"key":"CeramicFish"}],"event_choices":[{"cards_removed":["ats:Strike V"],"damage_healed":0,"gold_gain":0,"player_choice":"Forget","damage_taken":0,"max_hp_gain":0,"max_hp_loss":0,"event_name":"Living Wall","floor":2,"gold_loss":0}],"is_beta":false,"boss_relics":[],"items_purged_floors":[5,14],"is_endless":false,"potions_floor_spawned":[1,11,12],"killed_by":"Hexaghost","ascension_level":0}}