{"host":"konjmgczbcns2r3g","time":1610528483,"event":{"mods":["AchievementEnabler","BaseMod","Colored Powertips","Hermit","Infinite Spire","Koishi","Marisa????????","Minty Spire (QoL Compilation)","Replay The Spire","StSLib","The Cursed","The Necromancer","The Servant 0.9.4"],"gold_per_floor":[209,209,229,242,22,37,37,37,37,72,87,87,87,102,102,199,199,214,39,51,25,36,36,36,51,74,85,115,126,126,141,141,141,141],"floor_reached":33,"language":"ENG","playtime":2528,"items_purged":[],"score":271,"play_id":"dbbddc39-2a7e-49e6-b943-585098a17d16","local_time":"20210113040123","is_ascension_mode":false,"campfire_choices":[{"floor":13,"key":"REST"},{"floor":15,"key":"REST"},{"floor":23,"key":"REST"},{"data":"MillisecondPulsars","floor":32,"key":"PURGE"}],"circlet_count":0,"master_deck":["Koishi:BasicStrike","Koishi:BasicStrike","Koishi:BasicStrike","Koishi:BasicDefend","Koishi:BasicDefend","Koishi:Provoke","Koishi:HauntingSlash","Koishi:JumpScare","Koishi:SubterraneanRose","Koishi:Catatonia","Koishi:FreudianInstinct","Koishi:FleetingPhantom","Reflex","Gash","TimeWarp","TheCursedMod:NeowsMight","Koishi:SilentAndRestless+1","Koishi:FreudianInstinct+1","Koishi:RacingHeart+1","ThirdEye","Koishi:StingingMind","Koishi:StingingMind","Acrobatics+1","Koishi:FleetingPhantom+1","Consecrate","Sweeping Beam","Pot Of Greed","Pot Of Greed","Pot Of Greed","Reprogram","Quick Slash","Koishi:UnconsciousUprising"],"relics":["Koishi:ImaginaryFriend","Blue Doll","PrismaticShard","Counterbalance","TungstenRod","infinitespire:ShieldingShard","Astrolabe","Bronze Scales","Grinning Jar","Turnip","Vajra"],"acts_visited":["Exordium","TheCity"],"potions_floor_usage":[14,14,16,22,27,31,33],"damage_taken":[{"damage":0,"enemies":"2 Louse","floor":1,"turns":3},{"damage":0,"enemies":"Small Slimes","floor":3,"turns":5},{"damage":9,"enemies":"infinitespire:Voidling","floor":4,"turns":5},{"damage":6,"enemies":"2 Fungi Beasts","floor":6,"turns":5},{"damage":29,"enemies":"Lagavulin","floor":10,"turns":9},{"damage":10,"enemies":"Looter","floor":11,"turns":3},{"damage":4,"enemies":"Exordium Thugs","floor":14,"turns":5},{"damage":22,"enemies":"The Guardian","floor":16,"turns":14},{"damage":9,"enemies":"Spheric Guardian","floor":18,"turns":4},{"damage":17,"enemies":"2 Thieves","floor":20,"turns":4},{"damage":10,"enemies":"Snake Plant","floor":22,"turns":4},{"damage":3,"enemies":"Chosen and Byrds","floor":25,"turns":6},{"damage":8,"enemies":"Centurion and Healer","floor":27,"turns":6},{"damage":45,"enemies":"Book of Stabbing","floor":28,"turns":6},{"damage":11,"enemies":"Cultist and Chosen","floor":29,"turns":7},{"damage":1,"enemies":"Snake Plant","floor":31,"turns":3},{"damage":39,"enemies":"Automaton","floor":33,"turns":4}],"seed_played":"-7828335236014445116","potions_obtained":[{"floor":1,"key":"DuplicationPotion"},{"floor":10,"key":"ColorlessPotion"},{"floor":11,"key":"SpeedPotion"},{"floor":20,"key":"DuplicationPotion"},{"floor":22,"key":"Doom Potion"},{"floor":25,"key":"EssenceOfSteel"},{"floor":29,"key":"Weak Potion"}],"is_trial":false,"path_per_floor":["M","?","M","M","$","M","?","?","T","E","M","?","R","M","R","B",null,"M","$","M","$","M","R","?","M","T","M","E","M","T","M","R","B"],"character_chosen":"KOISHI","items_purchased":["Koishi:FreudianInstinct","Blue Doll","Bronze Scales","Koishi:StingingMind","Koishi:FleetingPhantom+1"],"campfire_rested":3,"item_purchase_floors":[5,5,19,19,21],"current_hp_per_floor":[60,60,60,59,59,55,55,55,55,32,25,23,41,40,58,42,60,51,51,44,44,40,58,58,60,60,60,21,27,27,31,31,0,0],"gold":141,"neow_bonus":"HUNDRED_GOLD","is_daily":false,"chose_seed":false,"campfire_upgraded":0,"win_rate":0.0,"timestamp":1610528483,"path_taken":["M","?","M","M","$","M","?","?","T","E","?","?","R","M","R","BOSS","M","$","M","$","M","R","?","M","T","M","E","M","?","M","R","BOSS"],"items_purchased_type":["Card","Relic","Relic","Card","Card"],"build_version":"2020-12-22","purchased_purges":0,"victory":false,"max_hp_per_floor":[60,60,60,60,60,60,60,60,60,60,60,60,60,60,60,60,60,60,60,60,60,60,60,60,60,60,60,60,60,60,60,60,60,60],"card_choices":[{"not_picked":["Koishi:FidgetySnatcher","Koishi:Possession"],"picked":"Koishi:JumpScare","floor":1},{"not_picked":["Koishi:ReflexRadar","Koishi:TraumaticStroke"],"picked":"Koishi:SubterraneanRose","floor":3},{"not_picked":["Koishi:UnseenTerror","Koishi:SubterraneanRose"],"picked":"Koishi:Catatonia","floor":4},{"not_picked":["Koishi:Jaunt","Koishi:SubconsciousSweep"],"picked":"Koishi:FleetingPhantom","floor":6},{"not_picked":["Swivel","FlurryOfBlows"],"picked":"Reflex","floor":10},{"not_picked":["hermit:Misfire","DoubleEdge"],"picked":"Gash","floor":11},{"not_picked":["Negative_Energy_Bomb","Searing Blow"],"picked":"TimeWarp","floor":14},{"not_picked":["Blood_Magic","A Thousand Cuts"],"picked":"TheCursedMod:NeowsMight","floor":16},{"not_picked":["Hologram","Dagger Throw"],"picked":"ThirdEye","floor":18},{"not_picked":["Ghostly Armor","Koishi:Possession"],"picked":"Acrobatics+1","floor":20},{"not_picked":["Scare","Replay:BluntJabs"],"picked":"Consecrate","floor":22},{"not_picked":["TheCursedMod:HellfireBreathing","RefractionSpark"],"picked":"Sweeping Beam","floor":25},{"not_picked":["hermit:Ricochet","Necromantic_Selection"],"picked":"Reprogram","floor":27},{"not_picked":["Body Slam","BowlingBash+1"],"picked":"Quick Slash","floor":28},{"not_picked":["GravityBeat+1","Dagger Throw"],"picked":"MillisecondPulsars","floor":29},{"not_picked":["Bone_Spikes+1","Blood_Shield+1"],"picked":"Koishi:UnconsciousUprising","floor":31}],"player_experience":315012,"relics_obtained":[{"floor":9,"key":"Counterbalance"},{"floor":10,"key":"TungstenRod"},{"floor":26,"key":"Grinning Jar"},{"floor":28,"key":"Turnip"},{"floor":30,"key":"Vajra"}],"event_choices":[{"damage_healed":0,"gold_gain":0,"player_choice":"Leave","damage_taken":0,"max_hp_gain":0,"max_hp_loss":0,"event_name":"The Cleric","floor":2,"gold_loss":0},{"cards_removed":["Voices"],"damage_healed":0,"gold_gain":0,"player_choice":"Purged","damage_taken":0,"max_hp_gain":0,"max_hp_loss":0,"event_name":"Purifier","floor":8,"gold_loss":0},{"damage_healed":0,"gold_gain":0,"player_choice":"Success","damage_taken":3,"relics_obtained":["infinitespire:ShieldingShard"],"max_hp_gain":0,"max_hp_loss":0,"event_name":"Scrap Ooze","floor":12,"gold_loss":0}],"is_beta":false,"boss_relics":[{"not_picked":["Koishi:ColorfulDays","ReplayTheSpireMod:DimensionalGlitch"],"picked":"Astrolabe"}],"items_purged_floors":[],"is_endless":false,"potions_floor_spawned":[1,10,11,20,22,25,29],"killed_by":"Automaton","ascension_level":0}}