{"host":"5x08nt64u3vxxcfi","time":1610526776,"event":{"mods":["BaseMod","Minty Spire (QoL Compilation)","StSLib","SuperFastMode"],"gold_per_floor":[109,109,184,200,211,211,211,211,211,245,261,216,10,10,10,84,84,103,103,103,121,37,37,66,66,147,174,174,174,174,174,174,174,174],"floor_reached":33,"language":"KOR","playtime":633,"items_purged":[],"score":457,"play_id":"9d6f52de-f228-46e8-906a-17de45313821","local_time":"20210113173256","is_ascension_mode":true,"campfire_choices":[{"data":"Noxious Fumes","floor":6.0,"key":"SMITH"},{"data":"Footwork","floor":8.0,"key":"SMITH"},{"data":"Sucker Punch","floor":15.0,"key":"SMITH"},{"data":"Adrenaline","floor":23,"key":"SMITH"},{"floor":25,"key":"REST"},{"data":"Blind","floor":29,"key":"SMITH"},{"data":"Poisoned Stab","floor":32,"key":"SMITH"}],"circlet_count":0,"master_deck":["AscendersBane","Strike_G","Strike_G","Defend_G+1","Defend_G","Defend_G","Defend_G","Defend_G+1","Survivor","Neutralize","Backflip","Footwork+1","Noxious Fumes+1","Blur","PiercingWail","Sucker Punch+1","Poisoned Stab+1","Dagger Spray","Corpse Explosion","Backflip","Adrenaline+1","Blind+1","Outmaneuver","Deadly Poison","Wraith Form v2","Poisoned Stab+1"],"relics":["Ring of the Snake","NeowsBlessing","Eternal Feather","Gambling Chip","Membership Card","Empty Cage","Strange Spoon","Nunchaku","Frozen Egg 2","Question Card","Mercury Hourglass","Ancient Tea Set"],"acts_visited":["Exordium","TheCity"],"potions_floor_usage":[24,27],"damage_taken":[{"damage":0.0,"enemies":"Cultist","floor":1.0,"turns":1.0},{"damage":0.0,"enemies":"Small Slimes","floor":4.0,"turns":1.0},{"damage":0.0,"enemies":"2 Louse","floor":5.0,"turns":1.0},{"damage":13.0,"enemies":"3 Sentries","floor":10.0,"turns":8.0},{"damage":0.0,"enemies":"Blue Slaver","floor":11.0,"turns":5.0},{"damage":0.0,"enemies":"Looter","floor":12.0,"turns":5.0},{"damage":4.0,"enemies":"Hexaghost","floor":16.0,"turns":11.0},{"damage":25.0,"enemies":"2 Thieves","floor":18.0,"turns":4.0},{"damage":2,"enemies":"Chosen","floor":21,"turns":6},{"damage":23,"enemies":"Book of Stabbing","floor":24,"turns":6},{"damage":25,"enemies":"Gremlin Leader","floor":27,"turns":8},{"damage":77,"enemies":"Champ","floor":33,"turns":12}],"seed_played":"-5009059561385746878","potions_obtained":[{"floor":1.0,"key":"Regen Potion"},{"floor":5.0,"key":"Dexterity Potion"},{"floor":16.0,"key":"Dexterity Potion"},{"floor":18.0,"key":"Poison Potion"},{"floor":24,"key":"CunningPotion"}],"is_trial":false,"path_per_floor":["M","?","?","M","M","R","?","R","T","E","M","M","$","?","R","B",null,"M","?","?","M","$","R","E","R","T","E","?","R","T","?","R","B"],"character_chosen":"THE_SILENT","items_purchased":["Membership Card","Poisoned Stab","Dagger Spray","Strange Spoon","Deadly Poison"],"campfire_rested":1,"item_purchase_floors":[13,13,13,22,22],"current_hp_per_floor":[63,56,49,49,49,49,35,35,35,22,22,22,22,22,34,30,60,35,22,22,20,20,32,9,46,46,36,36,51,51,51,66,0,0],"gold":174,"neow_bonus":"THREE_ENEMY_KILL","is_daily":false,"chose_seed":false,"campfire_upgraded":6,"win_rate":0.0,"timestamp":1610526776,"path_taken":["M","?","?","?","M","R","?","R","T","E","M","M","$","?","R","BOSS","M","?","?","?","$","R","E","R","T","E","?","R","?","?","R","BOSS"],"items_purchased_type":["Relic","Card","Card","Relic","Card"],"build_version":"2020-12-22","purchased_purges":0,"victory":false,"max_hp_per_floor":[70,70,70,70,70,70,70,70,70,70,70,70,70,70,70,70,70,70,75,75,75,75,75,75,75,75,75,75,75,75,75,75,75,75],"card_choices":[{"not_picked":["Caltrops","Heel Hook"],"picked":"Backflip","floor":1.0},{"not_picked":["Expertise","Dagger Throw"],"picked":"Footwork","floor":4.0},{"not_picked":["Riddle With Holes","Acrobatics"],"picked":"Noxious Fumes","floor":5.0},{"not_picked":["Blade Dance","Dagger Spray"],"picked":"Blur","floor":10.0},{"not_picked":["Deflect","Prepared"],"picked":"PiercingWail","floor":11.0},{"not_picked":["Acrobatics","Unload"],"picked":"Sucker Punch","floor":12.0},{"not_picked":["Adrenaline","Burst"],"picked":"Corpse Explosion","floor":16.0},{"not_picked":["Terror+1","Dagger Spray"],"picked":"Backflip","floor":18.0},{"not_picked":["Cloak And Dagger","Backflip"],"picked":"Outmaneuver","floor":21},{"not_picked":["Expertise","Tools of the Trade"],"picked":"Wraith Form v2","floor":24},{"not_picked":["Flechettes","PiercingWail"],"picked":"Poisoned Stab","floor":27}],"player_experience":97643,"relics_obtained":[{"floor":9.0,"key":"Eternal Feather"},{"floor":10.0,"key":"Gambling Chip"},{"floor":24,"key":"Nunchaku"},{"floor":26,"key":"Frozen Egg 2"},{"floor":27,"key":"Question Card"},{"floor":30,"key":"Mercury Hourglass"}],"event_choices":[{"cards_removed":["Strike_G"],"damage_healed":0.0,"max_hp_gain":0.0,"max_hp_loss":0.0,"gold_gain":0.0,"event_name":"Golden Wing","player_choice":"Card Removal","floor":2.0,"gold_loss":0.0,"damage_taken":7.0},{"damage_healed":0.0,"max_hp_gain":0.0,"max_hp_loss":0.0,"gold_gain":75.0,"event_name":"FaceTrader","player_choice":"Touch","floor":3.0,"gold_loss":0.0,"damage_taken":7.0},{"damage_healed":0.0,"max_hp_gain":0.0,"max_hp_loss":0.0,"gold_gain":0.0,"event_name":"Shining Light","player_choice":"Entered Light","floor":7.0,"gold_loss":0.0,"damage_taken":14.0,"cards_upgraded":["Defend_G","Defend_G"]},{"damage_healed":0.0,"max_hp_gain":0.0,"max_hp_loss":0.0,"gold_gain":0.0,"event_name":"Living Wall","player_choice":"Grow","floor":14.0,"gold_loss":0.0,"damage_taken":0.0,"cards_upgraded":["Poisoned Stab"]},{"damage_healed":0.0,"max_hp_gain":5.0,"max_hp_loss":0.0,"gold_gain":0.0,"event_name":"Forgotten Altar","player_choice":"Shed Blood","floor":19.0,"gold_loss":0.0,"damage_taken":18.0},{"damage_healed":0,"gold_gain":0,"player_choice":"2 cards matched","damage_taken":0,"max_hp_gain":0,"max_hp_loss":0,"event_name":"Match and Keep!","floor":20,"gold_loss":0,"cards_obtained":["Adrenaline","Blind"]},{"damage_healed":0,"gold_gain":0,"player_choice":"Ignored","damage_taken":0,"max_hp_gain":0,"max_hp_loss":0,"event_name":"Vampires","floor":28,"gold_loss":0},{"damage_healed":0,"gold_gain":0,"player_choice":"Gave Potion","damage_taken":0,"relics_obtained":["Ancient Tea Set"],"max_hp_gain":0,"max_hp_loss":0,"event_name":"WeMeetAgain","floor":31,"gold_loss":0}],"is_beta":false,"boss_relics":[{"not_picked":["Fusion Hammer","Cursed Key"],"picked":"Empty Cage"}],"items_purged_floors":[],"is_endless":false,"potions_floor_spawned":[1,5,16,18,24],"killed_by":"Champ","ascension_level":13}}