{"host":"foq4mrde4mssg7vt","time":1610566327,"event":{"mods":["AchievementEnabler","BaseMod","Colored Map","Colored Powertips","Highlight Path","Minty Spire (QoL Compilation)","Relic Stats","everything is the same but u backflip on backflip"],"gold_per_floor":[110,123,123,49,61,96,109,109,109,438,139,150,177,212,212,289,289,305,67,80,99,109,109,134,134,157,157,157,189,189,189,189,266,266,283,283,296,296,310,342,342,371,371,382,382,393,393,421,421,421,421,421,59,90,90],"floor_reached":56,"language":"ENG","playtime":3155,"items_purged":["Strike_B","Defend_B"],"score":2390,"play_id":"23c43119-b2ce-4e00-a7ab-badd112af108","local_time":"20210114033207","is_ascension_mode":true,"campfire_choices":[{"data":"Go for the Eyes","floor":8.0,"key":"SMITH"},{"data":"Loop","floor":15.0,"key":"SMITH"},{"floor":23.0,"key":"REST"},{"data":"Biased Cognition","floor":25.0,"key":"SMITH"},{"data":"Coolheaded","floor":28.0,"key":"SMITH"},{"data":"Ghostly","floor":30.0,"key":"SMITH"},{"data":"Ghostly","floor":32.0,"key":"SMITH"},{"data":"Hologram","floor":41.0,"key":"SMITH"},{"floor":47.0,"key":"REST"},{"floor":49,"key":"RECALL"},{"data":"Ghostly","floor":52,"key":"SMITH"}],"circlet_count":0,"master_deck":["AscendersBane","Defend_B","Zap","Dualcast","Rip and Tear+1","Fission+1","Coolheaded+1","Melter","Core Surge","Go for the Eyes+1","Glacier","Capacitor","Hologram+1","Loop+1","Barrage","Biased Cognition+1","Echo Form","Compile Driver","Sweeping Beam","Ghostly+1","Ghostly+1","Ghostly+1","Blizzard","Go for the Eyes","Echo Form","Darkness","Conserve Battery+1","Undo","Bandage Up"],"relics":["Astrolabe","Du-Vu Doll","Ice Cream","Old Coin","Frozen Eye","Bronze Scales","Centennial Puzzle","Busted Crown","Orichalcum","Potion Belt","Boot","Inserter","Regal Pillow","PreservedInsect","FossilizedHelix","Pear"],"acts_visited":["Exordium","TheCity","TheBeyond","TheEnding"],"potions_floor_usage":[50,54,55,55],"damage_taken":[{"damage":7.0,"enemies":"Jaw Worm","floor":1.0,"turns":2.0},{"damage":4.0,"enemies":"Cultist","floor":2.0,"turns":3.0},{"damage":1.0,"enemies":"Small Slimes","floor":5.0,"turns":3.0},{"damage":14.0,"enemies":"Gremlin Nob","floor":6.0,"turns":3.0},{"damage":8.0,"enemies":"Blue Slaver","floor":7.0,"turns":2.0},{"damage":3.0,"enemies":"3 Sentries","floor":10.0,"turns":8.0},{"damage":0.0,"enemies":"Looter","floor":12.0,"turns":2.0},{"damage":11.0,"enemies":"Gremlin Nob","floor":14.0,"turns":4.0},{"damage":0.0,"enemies":"Hexaghost","floor":16.0,"turns":9.0},{"damage":0.0,"enemies":"Spheric Guardian","floor":18.0,"turns":1.0},{"damage":1.0,"enemies":"3 Byrds","floor":20.0,"turns":3.0},{"damage":23.0,"enemies":"Shelled Parasite and Fungi","floor":21.0,"turns":5.0},{"damage":10.0,"enemies":"3 Cultists","floor":22.0,"turns":5.0},{"damage":24.0,"enemies":"Slavers","floor":24.0,"turns":5.0},{"damage":0.0,"enemies":"Book of Stabbing","floor":29.0,"turns":6.0},{"damage":0.0,"enemies":"Champ","floor":33.0,"turns":15.0},{"damage":6.0,"enemies":"Orb Walker","floor":35.0,"turns":4.0},{"damage":6.0,"enemies":"3 Shapes","floor":37.0,"turns":7.0},{"damage":0.0,"enemies":"Maw","floor":39.0,"turns":8.0},{"damage":0.0,"enemies":"Reptomancer","floor":40.0,"turns":8.0},{"damage":4.0,"enemies":"Giant Head","floor":42.0,"turns":10.0},{"damage":0.0,"enemies":"3 Darklings","floor":44.0,"turns":6.0},{"damage":5.0,"enemies":"Sphere and 2 Shapes","floor":46.0,"turns":6.0},{"damage":19,"enemies":"Nemesis","floor":48,"turns":6},{"damage":6,"enemies":"Time Eater","floor":50,"turns":16},{"damage":28,"enemies":"Shield and Spear","floor":54,"turns":6},{"damage":19,"enemies":"The Heart","floor":55,"turns":13}],"seed_played":"-746668546122821046","potions_obtained":[{"floor":5.0,"key":"FearPotion"},{"floor":7.0,"key":"Energy Potion"},{"floor":24.0,"key":"LiquidBronze"},{"floor":35.0,"key":"AttackPotion"},{"floor":37.0,"key":"Weak Potion"},{"floor":39.0,"key":"LiquidBronze"},{"floor":45.0,"key":"SpeedPotion"},{"floor":45.0,"key":"EssenceOfDarkness"},{"floor":48,"key":"SkillPotion"},{"floor":54,"key":"DistilledChaos"}],"is_trial":false,"path_per_floor":["M","M","?","$","M","E","M","R","T","E","$","M","T","E","R","B",null,"M","$","M","M","M","R","E","R","T","?","R","E","R","?","R","B",null,"M","?","M","?","M","E","R","E","T","M","?","M","R","E","R","B",null,"R","$","E","B",null],"character_chosen":"DEFECT","items_purchased":["Melter","Capacitor","Hologram","Frozen Eye","Echo Form","FairyPotion","Weak Potion","Bandage Up"],"campfire_rested":2,"item_purchase_floors":[4,11,11,11,19,53,53,53],"current_hp_per_floor":[57,53,71,71,70,56,48,48,48,45,45,45,45,34,34,34,62,62,62,61,38,28,49,25,25,25,25,25,25,25,25,25,25,33,27,27,21,21,21,21,21,17,17,17,17,12,35,16,16,10,29,29,29,19,4],"gold":90,"neow_bonus":"BOSS_RELIC","is_daily":false,"chose_seed":false,"campfire_upgraded":8,"win_rate":0.0,"timestamp":1610566327,"path_taken":["M","M","?","$","M","E","?","R","T","E","$","M","?","E","R","BOSS","M","$","?","M","M","R","E","R","T","?","R","E","R","?","R","BOSS","M","?","M","?","M","E","R","E","T","M","?","M","R","E","R","BOSS","R","$","E","BOSS"],"items_purchased_type":["Card","Card","Card","Relic","Card","Potion","Potion","Card"],"build_version":"2020-12-22","purchased_purges":2,"victory":true,"max_hp_per_floor":[71,71,71,71,71,71,71,71,71,71,71,71,71,71,71,71,71,71,71,71,71,71,71,71,71,71,35,35,35,35,35,35,35,35,35,35,35,35,35,35,35,35,35,35,35,35,35,35,35,35,35,35,35,45,45],"relic_stats":{"Centennial Puzzle":[36],"Regal Pillow":13,"Busted Crown":34,"Inserter":[39],"counters":[27,166],"Astrolabe":["Rip and Tear","Aggregate","Fission"],"Bronze Scales":[713],"PreservedInsect":127,"Orichalcum":[234],"Boot":[129],"obtain_stats":[{"Ice Cream":9,"Potion Belt":26,"Regal Pillow":40,"Inserter":34,"Pear":54,"Astrolabe":0,"PreservedInsect":42,"Orichalcum":24,"Boot":29,"Old Coin":10,"Du-Vu Doll":6,"Frozen Eye":11,"Centennial Puzzle":14,"Busted Crown":17,"Bronze Scales":13,"Cracked Core":0,"FossilizedHelix":48},{"Ice Cream":5,"Potion Belt":14,"Regal Pillow":20,"Inserter":16,"Pear":26,"Astrolabe":0,"PreservedInsect":21,"Orichalcum":14,"Boot":15,"Old Coin":6,"Du-Vu Doll":4,"Frozen Eye":6,"Centennial Puzzle":8,"Busted Crown":9,"Bronze Scales":7,"Cracked Core":0,"FossilizedHelix":24},{"Ice Cream":13,"Potion Belt":55,"Regal Pillow":103,"Inserter":76,"Pear":153,"Astrolabe":0,"PreservedInsect":113,"Orichalcum":55,"Boot":61,"Old Coin":21,"Du-Vu Doll":11,"Frozen Eye":21,"Centennial Puzzle":27,"Busted Crown":36,"Bronze Scales":23,"Cracked Core":0,"FossilizedHelix":131}]},"card_choices":[{"not_picked":["Compile Driver","Reinforced Body"],"picked":"Coolheaded","floor":1.0},{"not_picked":["Beam Cell","Barrage"],"picked":"Lockon","floor":2.0},{"not_picked":["Rebound","Beam Cell"],"picked":"Core Surge","floor":5.0},{"not_picked":["Rip and Tear","Beam Cell"],"picked":"Go for the Eyes","floor":6.0},{"not_picked":["Core Surge","Ball Lightning"],"picked":"Glacier","floor":7.0},{"not_picked":["Redo","Tempest","Self Repair"],"picked":"SKIP","floor":10.0},{"not_picked":["Rip and Tear","Cold Snap"],"picked":"Loop","floor":12.0},{"not_picked":["Ball Lightning","Double Energy"],"picked":"Barrage","floor":14.0},{"not_picked":["All For One","Seek"],"picked":"Biased Cognition","floor":16.0},{"not_picked":["Streamline"],"picked":"SKIP","floor":18.0},{"not_picked":[],"picked":"Compile Driver","floor":20.0},{"not_picked":["Turbo"],"picked":"SKIP","floor":21.0},{"not_picked":[],"picked":"Sweeping Beam","floor":22.0},{"not_picked":["Storm+1"],"picked":"SKIP","floor":24.0},{"not_picked":["Compile Driver"],"picked":"SKIP","floor":29.0},{"not_picked":[],"picked":"Echo Form","floor":33.0},{"not_picked":["Aggregate"],"picked":"SKIP","floor":35.0},{"not_picked":["Cold Snap"],"picked":"SKIP","floor":37.0},{"not_picked":["Sweeping Beam"],"picked":"SKIP","floor":39.0},{"not_picked":[],"picked":"Darkness","floor":40.0},{"not_picked":["Rebound"],"picked":"SKIP","floor":42.0},{"not_picked":["Compile Driver+1"],"picked":"SKIP","floor":44.0},{"not_picked":[],"picked":"Conserve Battery+1","floor":46.0},{"not_picked":[],"picked":"Undo","floor":48},{"not_picked":["Storm"],"picked":"SKIP","floor":54}],"player_experience":457435,"relics_obtained":[{"floor":6.0,"key":"Du-Vu Doll"},{"floor":9.0,"key":"Ice Cream"},{"floor":10.0,"key":"Old Coin"},{"floor":13.0,"key":"Bronze Scales"},{"floor":14.0,"key":"Centennial Puzzle"},{"floor":24.0,"key":"Orichalcum"},{"floor":26.0,"key":"Potion Belt"},{"floor":29.0,"key":"Boot"},{"floor":40.0,"key":"Regal Pillow"},{"floor":42.0,"key":"PreservedInsect"},{"floor":48,"key":"FossilizedHelix"},{"floor":54,"key":"Pear"}],"event_choices":[{"cards_removed":["Aggregate"],"damage_healed":18.0,"max_hp_gain":0.0,"max_hp_loss":0.0,"gold_gain":0.0,"event_name":"Bonfire Elementals","player_choice":"Offered Uncommon","floor":3.0,"gold_loss":0.0,"damage_taken":0.0},{"damage_healed":0.0,"max_hp_gain":0.0,"max_hp_loss":36.0,"gold_gain":0.0,"event_name":"Ghosts","player_choice":"Became a Ghost","floor":27.0,"gold_loss":0.0,"damage_taken":0.0,"cards_obtained":["Ghostly","Ghostly","Ghostly"]},{"damage_healed":0.0,"max_hp_gain":0.0,"max_hp_loss":0.0,"gold_gain":0.0,"cards_transformed":["Strike_B","Defend_B"],"event_name":"Drug Dealer","player_choice":"Became Test Subject","floor":31.0,"gold_loss":0.0,"damage_taken":0.0,"cards_obtained":["Blizzard","Go for the Eyes"]},{"cards_removed":["Lockon"],"damage_healed":0.0,"max_hp_gain":0.0,"max_hp_loss":0.0,"gold_gain":0.0,"event_name":"Falling","player_choice":"Removed Attack","floor":36.0,"gold_loss":0.0,"damage_taken":0.0},{"damage_healed":0.0,"max_hp_gain":0.0,"max_hp_loss":0.0,"gold_gain":0.0,"event_name":"SensoryStone","player_choice":"Memory 1","floor":38.0,"gold_loss":0.0,"damage_taken":0.0},{"damage_healed":0.0,"max_hp_gain":0.0,"max_hp_loss":0.0,"gold_gain":0.0,"event_name":"Lab","player_choice":"Got Potions","floor":45.0,"gold_loss":0.0,"damage_taken":0.0}],"is_beta":false,"boss_relics":[{"not_picked":["Philosopher\u0027s Stone","Pandora\u0027s Box"],"picked":"Busted Crown"},{"not_picked":["Snecko Eye","SacredBark"],"picked":"Inserter"}],"items_purged_floors":[19,53],"is_endless":false,"potions_floor_spawned":[5,7,10,20,22,24,35,37,39,48,54],"ascension_level":17}}