{"host":"wqsqub3crsxqknzv","time":1610532068,"event":{"mods":["BaseMod","Colored Powertips","Downfall","Minty Spire (QoL Compilation)","StSLib","WarShipGirlsR/????R mod"],"gold_per_floor":[99,99,99,99,17,17,17,29,29,9,9,20,5,20,38,142,142,142,159,177,9,27,27,51,71,88,88,88],"floor_reached":27,"playtime":2280,"items_purged":[],"score":228,"play_id":"711fc7af-a12b-422a-909c-cb35ed1cf8eb","local_time":"20210113120108","is_ascension_mode":false,"campfire_choices":[{"data":"sneckomod:Unknown","floor":1,"key":"SMITH"},{"data":"sneckomod:Unknown0Cost","floor":6,"key":"SMITH"},{"data":"sneckomod:UnknownUncommonPower","floor":9,"key":"SMITH"},{"data":"sneckomod:MasterEye","floor":11,"key":"SMITH"},{"data":"sneckomod:Unknown3Cost","floor":18,"key":"SMITH"}],"circlet_count":0,"master_deck":["sneckomod:Strike","sneckomod:Strike","sneckomod:Defend","sneckomod:Defend","sneckomod:Defend","sneckomod:TailWhip","sneckomod:SnekBite","sneckomod:Unknown+1","sneckomod:Unknown","sneckomod:Unknown0Cost+1","sneckomod:SoulRoll","sneckomod:DiceBlock","sneckomod:UnknownUncommonPower+1","sneckomod:MasterEye+1","sneckomod:UnknownRarePower","sneckomod:DiceBoulder","sneckomod:DefensiveFlair","sneckomod:Unknown3Cost+1","sneckomod:UnknownClassGUARDIAN+1","sneckomod:SoulCleanse+1","sneckomod:WideSting"],"relics":["sneckomod:SuperSneckoSoul","downfall:HeartsMalice","Lantern","Bag of Marbles","sneckomod:LoadedDie"],"acts_visited":["Exordium","TheCity"],"potions_floor_usage":[16,16,19,27,27],"damage_taken":[{"damage":0,"enemies":"Small Slimes","floor":2,"turns":1},{"damage":0,"enemies":"Cultist","floor":4,"turns":1},{"damage":0,"enemies":"downfall:FleeingMerchant","floor":5,"turns":1},{"damage":0,"enemies":"Jaw Worm","floor":8,"turns":3},{"damage":15,"enemies":"Exordium Wildlife","floor":12,"turns":4},{"damage":2,"enemies":"downfall:FleeingMerchant","floor":13,"turns":4},{"damage":15,"enemies":"Exordium Thugs","floor":14,"turns":4},{"damage":17,"enemies":"Gremlin Gang","floor":15,"turns":6},{"damage":24,"enemies":"downfall:Ironclad","floor":16,"turns":7},{"damage":17,"enemies":"Spheric Guardian","floor":19,"turns":4},{"damage":0,"enemies":"Chosen","floor":20,"turns":3},{"damage":0,"enemies":"downfall:FleeingMerchant","floor":21,"turns":4},{"damage":63,"enemies":"Shelled Parasite and Fungi","floor":22,"turns":6},{"damage":10,"enemies":"Chosen and Byrds","floor":25,"turns":5},{"damage":20,"enemies":"Centurion and Healer","floor":26,"turns":9},{"damage":18,"enemies":"Cultist and Chosen","floor":27,"turns":8}],"seed_played":"-7946724931754518492","potions_obtained":[{"floor":8,"key":"GamblersBrew"},{"floor":14,"key":"ColorlessPotion"},{"floor":15,"key":"FearPotion"},{"floor":16,"key":"ColorlessPotion"},{"floor":19,"key":"FearPotion"},{"floor":22,"key":"EntropicBrew"}],"is_trial":false,"path_per_floor":["R","M","?","M","$","R","T","M","R","?","R","M","$","M","M","B",null,"R","M","M","$","M","?","T","M","M","M"],"character_chosen":"THE_SNECKO","items_purchased":["sneckomod:UnknownUncommonPower","Bag of Marbles"],"campfire_rested":0,"item_purchase_floors":[5,21],"current_hp_per_floor":[90,91,91,91,92,92,92,92,92,92,92,78,76,61,44,21,106,106,89,89,99,36,36,36,26,6,0,0],"gold":88,"neow_bonus":"THREE_ENEMY_KILL","is_daily":false,"chose_seed":false,"campfire_upgraded":5,"win_rate":0.0,"timestamp":1610532068,"path_taken":["R","M","?","M","?","R","T","?","R","?","R","M","?","M","M","BOSS","R","M","M","$","?","?","T","M","M","M"],"items_purchased_type":["Card","Relic"],"build_version":"2020-11-29","purchased_purges":0,"victory":false,"max_hp_per_floor":[90,91,91,91,92,92,92,92,92,92,92,93,93,93,93,94,106,106,106,106,106,106,106,106,106,106,106,106],"card_choices":[{"not_picked":["sneckomod:RainOfDice","sneckomod:UnknownBlock"],"picked":"sneckomod:Unknown0Cost","floor":2},{"not_picked":["sneckomod:UnknownClassBLUE","sneckomod:Unknown1Cost"],"picked":"sneckomod:SoulRoll","floor":4},{"not_picked":["sneckomod:CheapStock","sneckomod:QuickBite"],"picked":"sneckomod:DiceBlock","floor":5},{"not_picked":["sneckomod:DiceBlock","sneckomod:QuickMove","sneckomod:UnknownClassBLUE"],"picked":"SKIP","floor":8},{"not_picked":[],"picked":"sneckomod:MasterEye","floor":10},{"not_picked":["sneckomod:WideSting","sneckomod:UnknownVulnerable"],"picked":"sneckomod:UnknownRarePower","floor":12},{"not_picked":["sneckomod:IronFang","sneckomod:UnknownUncommonPower"],"picked":"sneckomod:DiceBoulder","floor":13},{"not_picked":["sneckomod:Nope","sneckomod:UnknownVulnerable","sneckomod:DiceCrush"],"picked":"SKIP","floor":14},{"not_picked":["sneckomod:Nope","sneckomod:MasterEye"],"picked":"sneckomod:DefensiveFlair","floor":15},{"not_picked":["sneckomod:SerpentMind","sneckomod:UnlimitedRolls"],"picked":"sneckomod:Unknown3Cost","floor":16},{"not_picked":["sneckomod:Unknown1Cost","sneckomod:QuickMove+1"],"picked":"sneckomod:UnknownClassGUARDIAN+1","floor":19},{"not_picked":["sneckomod:ImprovisedGuard","sneckomod:QuickBite"],"picked":"sneckomod:SoulCleanse+1","floor":20},{"not_picked":["sneckomod:UnknownBlock+1","sneckomod:IronFang","sneckomod:DiceBlock"],"picked":"SKIP","floor":21},{"not_picked":["sneckomod:UnknownCommonSkill","sneckomod:IronFang","sneckomod:Unknown0Cost"],"picked":"SKIP","floor":22},{"not_picked":["sneckomod:UnknownCommonAttack","sneckomod:DiceBlock"],"picked":"sneckomod:WideSting","floor":25},{"not_picked":["sneckomod:Unknown3Cost","sneckomod:UnknownClassGREEN","sneckomod:SoulDraw"],"picked":"SKIP","floor":26}],"player_experience":15450,"relics_obtained":[{"floor":7,"key":"Lantern"},{"floor":24,"key":"sneckomod:LoadedDie"}],"event_choices":[{"cards_removed":["sneckomod:Strike"],"damage_healed":0,"gold_gain":0,"player_choice":"Offered Basic","damage_taken":0,"max_hp_gain":0,"max_hp_loss":0,"event_name":"Bonfire Elementals","floor":3,"gold_loss":0}],"is_beta":false,"boss_relics":[{"not_picked":["Snecko Eye","Black Star"],"picked":"sneckomod:SuperSneckoSoul"}],"items_purged_floors":[],"is_endless":false,"potions_floor_spawned":[8,14,15,16,19,22,26],"killed_by":"Cultist and Chosen","ascension_level":0}}