{"host":"6i1e8tv3jhx3lrt3","time":1610562128,"event":{"mods":["Act Like it!","BaseMod","Colored Map","Custom Start","Downfall","Energized Spire","Gensokyo","Minty Spire (QoL Compilation)","Red Circlet Mod","Relic Stats","Replay The Spire","RumiaBox-Â¶Ã×æ«µÄÉñÃØºÐ×Ó","StSLib","[IsaacMod]ÒÔÈö¼âËþ","noobMod","¡¾¹¦ÄÜMod¡¿»ìãçÖ®»·ÐÞ¸´²¹¶¡","¡¾ÒÅÎï¿¨ÅÆ¡¿REMEMod"],"gold_per_floor":[119,169,99,99,118,153,153,188,236,266,266,280,280,59,59,157,157,176,176,276,201,67,100,112,137,164,90,110,139,156,171,171,272,272,283,387,397,497,508,538,292,292,292,292,325,337,337,337,337,337,337,337,88,115,115],"floor_reached":56,"language":"ZHS","playtime":3017,"items_purged":["Strike_G","Strike_G","Strike_G","Defend_G","EpicFetus","Defend_G"],"score":1807,"play_id":"6eaad698-77e4-4ea5-900e-7e5542180086","local_time":"20210114022208","is_ascension_mode":true,"campfire_choices":[{"data":"Infinite Blades","floor":7.0,"key":"SMITH"},{"data":"Accuracy","floor":11.0,"key":"SMITH"},{"data":"Blade Dance","floor":15.0,"key":"SMITH"},{"data":"Accuracy","floor":32.0,"key":"SMITH"},{"data":"Hidden Blade","floor":42,"key":"SMITH"},{"floor":44,"key":"RECALL"},{"data":"Finisher","floor":49,"key":"SMITH"},{"data":"Trip","floor":52,"key":"SMITH"}],"circlet_count":0,"master_deck":["Strike_G+1","Strike_G+1","Defend_G","Defend_G","Survivor","Neutralize+1","Well Laid Plans","Prepared+1","Infinite Blades+1","Defend_G","Blade Dance+1","Accuracy+1","Backflip","Adrenaline+1","Flying Knee+1","Hidden Blade+1","Accuracy+1","Finisher+1","Blade Dance+1","Blade Dance+1","Deflect","Blade Dance+1","Slice+1","Hidden Blade+1","Accuracy+1","Trip+1","Deflect+1","Slice+1","Escape Plan","Accuracy"],"relics":["Ring of the Serpent","HushsDoor","ice","REME_ComplimentaryCards","Leech","NeowsBlessing","UnicornStump","Toy Ornithopter","Blood Vial","Whetstone","Pen Nib","REME_HandOfSuture","War Paint","ReplayTheSpireMod:TigerMarble","HowToJump","Orichalcum","REME_PuzzleBoxRelic","Happy Flower","Coffee Dripper","Tingsha","GuppysHead","Replay:Rubber Ducky"],"acts_visited":["Exordium","TheCity","TheCity","TheEnding"],"potions_floor_usage":[50,54],"damage_taken":[{"damage":0.0,"enemies":"Cultist","floor":1.0,"turns":1.0},{"damage":0.0,"enemies":"Hiden Room Battle","floor":2.0,"turns":1.0},{"damage":0.0,"enemies":"Small Slimes","floor":5.0,"turns":1.0},{"damage":14.0,"enemies":"Replay:BlueRogue","floor":6.0,"turns":5.0},{"damage":18.0,"enemies":"Lagavulin","floor":8.0,"turns":5.0},{"damage":3.0,"enemies":"Jaw Worm","floor":12.0,"turns":2.0},{"damage":0.0,"enemies":"Slime Boss","floor":16.0,"turns":5.0},{"damage":10.0,"enemies":"3 Byrds","floor":18.0,"turns":3.0},{"damage":10.0,"enemies":"Replay:Snechameleon","floor":23.0,"turns":3.0},{"damage":0.0,"enemies":"Chosen","floor":24.0,"turns":2.0},{"damage":16.0,"enemies":"Book of Stabbing","floor":25.0,"turns":3.0},{"damage":0.0,"enemies":"Centurion and Healer","floor":28.0,"turns":2.0},{"damage":0.0,"enemies":"Gremlin Leader","floor":29.0,"turns":3.0},{"damage":0.0,"enemies":"Sentry and Sphere","floor":30.0,"turns":1.0},{"damage":1.0,"enemies":"Snecko","floor":31.0,"turns":3.0},{"damage":20.0,"enemies":"Pondfish","floor":33.0,"turns":4.0},{"damage":0,"enemies":"Gensokyo:3_Bats","floor":35,"turns":1},{"damage":0,"enemies":"Gensokyo:3_Boulders","floor":37,"turns":2},{"damage":27,"enemies":"Gensokyo:Rafflesia","floor":39,"turns":3},{"damage":59,"enemies":"Gensokyo:Marisa","floor":40,"turns":2},{"damage":8,"enemies":"Gensokyo:Doremy","floor":45,"turns":3},{"damage":0,"enemies":"Gensokyo:Sharpion","floor":46,"turns":1},{"damage":5,"enemies":"Gensokyo:Yuyuko","floor":50,"turns":3},{"damage":0,"enemies":"Shield and Spear","floor":54,"turns":2},{"damage":39,"enemies":"The Heart","floor":55,"turns":6}],"seed_played":"1676969265371602449","potions_obtained":[{"floor":2.0,"key":"SkillPotion"},{"floor":12.0,"key":"LifebloodPotion"},{"floor":16.0,"key":"ColorlessPotion"},{"floor":24.0,"key":"Fruit Juice"},{"floor":30.0,"key":"LiquidMemories"},{"floor":45,"key":"GamblersBrew"}],"is_trial":false,"path_per_floor":["M","?","$","?","M","E","R","E","T","?","R","M","?","$","R","B",null,"M","?","?","?","$","E","M","E","T","$","M","E","M","M","R","B",null,"M","?","M","?","M","E","$","R","T","R","E","M","?","?","R","B",null,"R","$","E","B",null],"character_chosen":"THE_SILENT","items_purchased":["Infinite Blades","REME_HandOfSuture","Finisher","War Paint","REME_PuzzleBoxRelic","Trip","Escape Plan"],"campfire_rested":0,"item_purchase_floors":[3,14,22,22,27,41,53],"current_hp_per_floor":[70,70,70,70,70,59,59,47,47,47,47,48,48,48,48,54,65,56,56,56,56,56,50,63,51,51,51,54,58,60,63,63,48,70,70,42,45,45,30,31,31,31,31,31,27,29,29,29,29,29,78,78,78,78,45],"gold":115,"neow_bonus":"THREE_ENEMY_KILL","is_daily":false,"chose_seed":false,"campfire_upgraded":7,"win_rate":0.0,"timestamp":1610562128,"path_taken":["M","?","?","?","?","E","R","E","T","?","R","M","?","$","R","BOSS","M","?","?","?","$","E","M","E","T","$","?","E","M","M","R","BOSS","M","?","?","?","M","E","$","R","T","R","E","M","?","?","R","BOSS","R","$","E","BOSS"],"items_purchased_type":["Card","Relic","Card","Relic","Relic","Card","Card"],"build_version":"2020-12-22","purchased_purges":6,"victory":true,"max_hp_per_floor":[70,70,70,70,70,70,70,70,70,70,70,70,70,70,70,70,65,65,65,65,65,65,65,70,70,70,70,70,70,70,70,70,70,70,70,70,70,70,70,73,73,73,73,73,76,76,76,76,76,78,78,78,78,79,170],"relic_stats":{"Blood Vial":33,"Happy Flower":[10],"counters":[25,67],"Tingsha":[51],"Pen Nib":[28],"Whetstone":["Strike_G","Strike_G"],"War Paint":["Prepared","Adrenaline"],"Orichalcum":[30],"obtain_stats":[{"KeepersGift":0,"UnicornStump":2,"NeowsBlessing":0,"HowToJump":25,"Happy Flower":29,"Tingsha":40,"Pen Nib":10,"ice":0,"Whetstone":8,"War Paint":22,"Orichalcum":26,"Leech":0,"Replay:Rubber Ducky":54,"Blood Vial":6,"REME_HandOfSuture":14,"ReplayTheSpireMod:TigerMarble":23,"Coffee Dripper":34,"GuppysHead":43,"REME_PuzzleBoxRelic":27,"HushsDoor":0,"Toy Ornithopter":2,"Ring of the Serpent":17,"Ring of the Snake":0,"REME_ComplimentaryCards":0},{"KeepersGift":0,"UnicornStump":2,"NeowsBlessing":0,"HowToJump":11,"Happy Flower":13,"Tingsha":20,"Pen Nib":5,"ice":0,"Whetstone":5,"War Paint":8,"Orichalcum":11,"Leech":0,"Replay:Rubber Ducky":24,"Blood Vial":4,"REME_HandOfSuture":6,"ReplayTheSpireMod:TigerMarble":9,"Coffee Dripper":16,"GuppysHead":20,"REME_PuzzleBoxRelic":11,"HushsDoor":0,"Toy Ornithopter":2,"Ring of the Serpent":7,"Ring of the Snake":0,"REME_ComplimentaryCards":0},{"KeepersGift":0,"UnicornStump":2,"NeowsBlessing":0,"HowToJump":31,"Happy Flower":36,"Tingsha":52,"Pen Nib":13,"ice":0,"Whetstone":13,"War Paint":23,"Orichalcum":31,"Leech":0,"Replay:Rubber Ducky":61,"Blood Vial":8,"REME_HandOfSuture":15,"ReplayTheSpireMod:TigerMarble":26,"Coffee Dripper":44,"GuppysHead":52,"REME_PuzzleBoxRelic":31,"HushsDoor":0,"Toy Ornithopter":2,"Ring of the Serpent":20,"Ring of the Snake":0,"REME_ComplimentaryCards":0}],"Toy Ornithopter":5},"card_choices":[{"not_picked":[],"picked":"EpicFetus","floor":0.0},{"not_picked":["Choke","Outmaneuver"],"picked":"Well Laid Plans","floor":1.0},{"not_picked":["Adrenaline","ReplayTheSpireMod:Shiv Toss"],"picked":"Prepared","floor":2.0},{"not_picked":["Leg Sweep","Noxious Fumes","Poisoned Stab"],"picked":"SKIP","floor":5.0},{"not_picked":["REME_ShadowStrike","Concentrate"],"picked":"Blade Dance","floor":6.0},{"not_picked":["Blade Dance","Backflip"],"picked":"Accuracy","floor":8.0},{"not_picked":["Acrobatics","Setup"],"picked":"Backflip","floor":12.0},{"not_picked":["REME_SpectralBlade","REME_CopyPotion"],"picked":"Adrenaline","floor":16.0},{"not_picked":["Acrobatics+1","ReplayTheSpireMod:Speed Training"],"picked":"Flying Knee+1","floor":18.0},{"not_picked":["Blade Dance","Eviscerate"],"picked":"Accuracy","floor":20.0},{"not_picked":["Bane+1","Poisoned Stab","Endless Agony"],"picked":"SKIP","floor":23.0},{"not_picked":["PiercingWail","Toxin Wave+1"],"picked":"Blade Dance+1","floor":24.0},{"not_picked":["PiercingWail+1","Bane"],"picked":"Blade Dance+1","floor":25.0},{"not_picked":["Venomology","Dagger Spray","Quick Slash"],"picked":"SKIP","floor":28.0},{"not_picked":["Skewer","ReplayTheSpireMod:Tripwire","Deadly Poison"],"picked":"SKIP","floor":29.0},{"not_picked":["Flying Knee","Backflip"],"picked":"Deflect","floor":30.0},{"not_picked":["Dagger Spray+1","Poisoned Stab","Dash"],"picked":"SKIP","floor":31.0},{"not_picked":["Sneak Up","Reflex","Outmaneuver"],"picked":"SKIP","floor":35},{"not_picked":["Underhanded Strike+1","Backflip+1"],"picked":"Blade Dance+1","floor":36},{"not_picked":["Expertise+1","Heel Hook+1"],"picked":"Slice+1","floor":36},{"not_picked":["Dagger Spray+1","Blade Dance+1"],"picked":"Hidden Blade+1","floor":37},{"not_picked":["Tactician+1","Sucker Punch"],"picked":"Accuracy+1","floor":39},{"not_picked":["Backflip","Sucker Punch+1","Flechettes"],"picked":"SKIP","floor":40},{"not_picked":["Noxious Fumes+1","Quick Slash+1"],"picked":"Deflect+1","floor":45},{"not_picked":["Prepared","Dagger Spray"],"picked":"Slice+1","floor":46},{"not_picked":["Noxious Fumes","Tactician+1"],"picked":"Accuracy","floor":54}],"player_experience":140227,"relics_obtained":[{"floor":2.0,"key":"UnicornStump"},{"floor":2.0,"key":"Toy Ornithopter"},{"floor":6.0,"key":"Blood Vial"},{"floor":8.0,"key":"Whetstone"},{"floor":23.0,"key":"ReplayTheSpireMod:TigerMarble"},{"floor":25.0,"key":"HowToJump"},{"floor":26.0,"key":"Orichalcum"},{"floor":29.0,"key":"Happy Flower"},{"floor":40,"key":"Tingsha"},{"floor":43,"key":"GuppysHead"},{"floor":54,"key":"Replay:Rubber Ducky"}],"event_choices":[{"damage_healed":0.0,"max_hp_gain":0.0,"max_hp_loss":0.0,"gold_gain":0.0,"event_name":"HidenRoomEvent","player_choice":"Fight","floor":2.0,"gold_loss":0.0,"damage_taken":0.0},{"damage_healed":0.0,"max_hp_gain":0.0,"max_hp_loss":0.0,"gold_gain":30.0,"event_name":"Dead Adventurer","player_choice":"Searched \u00273\u0027 times","floor":10.0,"gold_loss":0.0,"damage_taken":0.0,"relics_obtained":["Pen Nib"]},{"damage_healed":0.0,"max_hp_gain":0.0,"max_hp_loss":0.0,"gold_gain":0.0,"event_name":"Golden Idol","player_choice":"Ignored","floor":13.0,"gold_loss":0.0,"damage_taken":0.0},{"damage_healed":0.0,"max_hp_gain":0.0,"max_hp_loss":0.0,"gold_gain":0.0,"event_name":"The Library","player_choice":"Read","floor":19.0,"gold_loss":0.0,"damage_taken":0.0,"cards_obtained":["Hidden Blade"]},{"cards_removed":["Defend_G"],"damage_healed":0.0,"max_hp_gain":0.0,"max_hp_loss":0.0,"gold_gain":0.0,"event_name":"Beggar","player_choice":"Gave Gold","floor":21.0,"gold_loss":75.0,"damage_taken":0.0}],"is_beta":false,"boss_relics":[{"not_picked":["energizedSpire:HighHeels","Fusion Hammer"],"picked":"Ring of the Serpent"},{"not_picked":[]},{"not_picked":["Busted Crown","Replay:Grab Bag"],"picked":"Coffee Dripper"},{"not_picked":[]}],"items_purged_floors":[14,17,22,27,41,53],"is_endless":false,"potions_floor_spawned":[2,12,16,18,24,30,35,39,40,45],"ascension_level":1}}