{"host":"oiw60b5ins9fyx34","time":1610544498,"event":{"mods":["BaseMod","Colored Map","Colored Powertips","Minty Spire (QoL Compilation)","Permanent Neow","Quick Restart","Rare Cards Sparkle","Relic Stats","StSLib"],"gold_per_floor":[116,116,68,118,168,168,193,212,212,237,251,251,270,338,338,438,438,457,507,472,427,440,440,467,467,492,527,175,175,175],"floor_reached":29,"language":"JPN","playtime":1003,"items_purged":[],"score":309,"play_id":"8b6b20db-881f-454e-8531-d0f420eb78cf","local_time":"20210113222818","is_ascension_mode":true,"campfire_choices":[{"data":"Corpse Explosion","floor":6,"key":"SMITH"},{"data":"Blade Dance","floor":12,"key":"SMITH"},{"floor":15,"key":"REST"},{"data":"Cloak And Dagger","floor":23,"key":"SMITH"},{"data":"Well Laid Plans","floor":25,"key":"SMITH"}],"circlet_count":0,"master_deck":["Survivor","Neutralize","Caltrops","Deflect","Choke","Blade Dance+1","Distraction","All Out Attack","Caltrops","Well Laid Plans+1","Corpse Explosion+1","Cloak And Dagger+1","Poisoned Stab+1","Dagger Throw+1","Footwork+1","Deflect+1","Deadly Poison+1","Underhanded Strike+1","Malaise+1","Deadly Poison+1","Dodge and Roll+1","Escape Plan+1"],"relics":["Pandora\u0027s Box","SsserpentHead","Molten Egg 2","Potion Belt","Frozen Egg 2","Omamori","Toxic Egg 2","Busted Crown","Strawberry","Sundial","Snake Skull","StrikeDummy","Pantograph"],"acts_visited":["Exordium","TheCity"],"potions_floor_usage":[24,24,24,27,29,29],"damage_taken":[{"damage":11,"enemies":"Cultist","floor":1,"turns":3},{"damage":14,"enemies":"Lagavulin","floor":7,"turns":5},{"damage":0,"enemies":"Jaw Worm","floor":8,"turns":2},{"damage":16,"enemies":"Gremlin Nob","floor":10,"turns":3},{"damage":1,"enemies":"2 Louse","floor":11,"turns":2},{"damage":10,"enemies":"Looter","floor":13,"turns":3},{"damage":0,"enemies":"Exordium Thugs","floor":14,"turns":3},{"damage":17,"enemies":"The Guardian","floor":16,"turns":7},{"damage":5,"enemies":"3 Byrds","floor":18,"turns":2},{"damage":11,"enemies":"2 Thieves","floor":22,"turns":3},{"damage":28,"enemies":"Gremlin Leader","floor":24,"turns":6},{"damage":26,"enemies":"Slavers","floor":27,"turns":4},{"damage":41,"enemies":"Gremlin Leader","floor":29,"turns":4}],"seed_played":"-2733854971112743870","potions_obtained":[{"floor":1,"key":"Poison Potion"},{"floor":10,"key":"SmokeBomb"},{"floor":16,"key":"Explosive Potion"},{"floor":18,"key":"ColorlessPotion"},{"floor":24,"key":"AttackPotion"},{"floor":27,"key":"GamblersBrew"}],"is_trial":false,"path_per_floor":["M","?","$","T","?","R","E","M","T","E","M","R","M","M","R","B",null,"M","?","?","$","M","R","E","R","T","E","$","E"],"character_chosen":"THE_SILENT","items_purchased":["Block Potion","Deadly Poison+1","Pantograph","FairyPotion"],"campfire_rested":1,"item_purchase_floors":[3,21,28,28],"current_hp_per_floor":[59,59,59,59,59,59,45,45,45,29,28,28,18,18,39,22,70,65,65,72,72,61,61,33,33,33,7,7,0,0],"gold":175,"neow_bonus":"BOSS_RELIC","is_daily":false,"chose_seed":false,"campfire_upgraded":4,"win_rate":0.0,"timestamp":1610544498,"path_taken":["M","?","$","?","?","R","E","M","T","E","M","R","M","?","R","BOSS","M","?","?","$","M","R","E","R","T","E","$","E"],"items_purchased_type":["Potion","Card","Relic","Potion"],"build_version":"2020-12-22","purchased_purges":0,"victory":false,"max_hp_per_floor":[70,70,70,70,70,70,70,70,70,70,70,70,70,70,70,70,70,70,70,77,77,77,77,77,77,77,77,77,77,77],"relic_stats":{"SsserpentHead":250,"Busted Crown":8,"counters":[13,47],"Sundial":[0],"Pantograph":0,"Pandora\u0027s Box":["Caltrops","Deflect","Riddle With Holes","Choke","Blade Dance","Distraction","All Out Attack","Caltrops","Well Laid Plans","Corpse Explosion"],"Snake Skull":[10],"obtain_stats":[{"Potion Belt":5,"Snake Skull":26,"Omamori":9,"Frozen Egg 2":7,"SsserpentHead":2,"Busted Crown":17,"Sundial":24,"Strawberry":20,"Pantograph":28,"Pandora\u0027s Box":0,"Molten Egg 2":4,"Toxic Egg 2":10,"StrikeDummy":27,"Ring of the Snake":0},{"Potion Belt":1,"Snake Skull":11,"Omamori":3,"Frozen Egg 2":2,"SsserpentHead":1,"Busted Crown":8,"Sundial":11,"Strawberry":9,"Pantograph":12,"Pandora\u0027s Box":0,"Molten Egg 2":1,"Toxic Egg 2":4,"StrikeDummy":12,"Ring of the Snake":0},{"Potion Belt":3,"Snake Skull":39,"Omamori":10,"Frozen Egg 2":8,"SsserpentHead":3,"Busted Crown":28,"Sundial":39,"Strawberry":30,"Pantograph":43,"Pandora\u0027s Box":0,"Molten Egg 2":3,"Toxic Egg 2":13,"StrikeDummy":43,"Ring of the Snake":0}]},"card_choices":[{"not_picked":["Predator","Flying Knee"],"picked":"Cloak And Dagger","floor":1},{"not_picked":["Backflip","Outmaneuver"],"picked":"Poisoned Stab+1","floor":7},{"not_picked":["Outmaneuver","Prepared"],"picked":"Dagger Throw+1","floor":8},{"not_picked":["Quick Slash+1","Phantasmal Killer+1"],"picked":"Footwork+1","floor":10},{"not_picked":["Cloak And Dagger+1","Slice+1"],"picked":"Deflect+1","floor":11},{"not_picked":["Choke+1","Dagger Spray+1"],"picked":"Deadly Poison+1","floor":13},{"not_picked":["Blade Dance+1","Distraction+1"],"picked":"Underhanded Strike+1","floor":14},{"not_picked":["Doppelganger+1","After Image+1"],"picked":"Malaise+1","floor":16},{"not_picked":["Caltrops+1"],"picked":"SKIP","floor":18},{"not_picked":[],"picked":"Dodge and Roll+1","floor":22},{"not_picked":[],"picked":"Escape Plan+1","floor":24},{"not_picked":["Infinite Blades+1"],"picked":"SKIP","floor":27}],"player_experience":639850,"relics_obtained":[{"floor":4,"key":"Molten Egg 2"},{"floor":7,"key":"Frozen Egg 2"},{"floor":9,"key":"Omamori"},{"floor":10,"key":"Toxic Egg 2"},{"floor":24,"key":"Sundial"},{"floor":26,"key":"Snake Skull"},{"floor":27,"key":"StrikeDummy"}],"event_choices":[{"damage_healed":0,"gold_gain":0,"player_choice":"Trade","damage_taken":0,"relics_obtained":["SsserpentHead"],"max_hp_gain":0,"max_hp_loss":0,"event_name":"FaceTrader","floor":2,"gold_loss":0},{"cards_removed":["Riddle With Holes"],"damage_healed":0,"gold_gain":0,"player_choice":"Gave Card","damage_taken":0,"relics_obtained":["Potion Belt"],"max_hp_gain":0,"max_hp_loss":0,"event_name":"WeMeetAgain","floor":5,"gold_loss":0},{"damage_healed":0,"gold_gain":0,"player_choice":"Ignored","damage_taken":0,"max_hp_gain":0,"max_hp_loss":0,"event_name":"Beggar","floor":19,"gold_loss":0},{"damage_healed":0,"gold_gain":0,"player_choice":"Obtained Relic","damage_taken":0,"relics_obtained":["Strawberry"],"max_hp_gain":0,"max_hp_loss":0,"event_name":"Addict","floor":20,"gold_loss":85}],"is_beta":false,"boss_relics":[{"not_picked":["Philosopher\u0027s Stone","Fusion Hammer"],"picked":"Busted Crown"}],"items_purged_floors":[],"is_endless":false,"potions_floor_spawned":[1,10,16,18,24,27],"killed_by":"Gremlin Leader","ascension_level":1}}