{"host":"67w4bo1ws77yotej","time":1610497177,"event":{"mods":["AchievementEnabler","Arknights The Spire","Aspiration","BaseMod","Beaked The Cultist","BetterRewards","Conspire","Downfall","Ekko","Energized Spire","Friendly Minions","Gremlin Mod","Halation","Hero for Fun","Hubris","Infinite Spire","Kiyohime????","Minty Spire (QoL Compilation)","READ ME - Guardian Mod","READ ME - Snecko Mod","Spicy Shops","StSLib","The Forsaken","The Jungle","The Wild Card","TheHero","vexMod"],"gold_per_floor":[99,118,69,69,69,81,81,100,110,137,153,173,184,195,211,311,311,311,329,329,339,17,35,35,106,153,186,213,231,231,251,276,420,420,420,464,496,534,534,534,534,569,612,636,674,709,709,89,128,138],"floor_reached":51,"language":"ENG","playtime":5765,"items_purged":["Slimebound:Tackle"],"score":717,"play_id":"41deb870-8a73-43b5-bf3f-6837de119d71","local_time":"20210113011937","is_ascension_mode":false,"campfire_choices":[{"data":"Slimebound:Split","floor":1,"key":"SMITH"},{"data":"infinitespire:Collect","floor":18,"key":"SMITH"},{"data":"Slimebound:Gluttony","floor":35,"key":"SMITH"}],"circlet_count":0,"master_deck":["Slimebound:Strike_Slimebound","Slimebound:Strike_Slimebound","Slimebound:Strike_Slimebound","Slimebound:Defend_Slimebound","Slimebound:Defend_Slimebound","Slimebound:Defend_Slimebound","Slimebound:Defend_Slimebound","Slimebound:Split+1","Slimebound:CorrosiveSpit","Slimebound:SplitBruiser","Slimebound:SplitMire","Slimebound:SlimeBarrage","Slimebound:Nibble","Slimebound:FinishingTackle","Slimebound:SamplingLick","Slimebound:FirmFortitude","Slimebound:LeechingTouch","Slimebound:PressTheAttack","Slimebound:SlimeTap","Slimebound:SplitAcid","Slimebound:RejuvenatingLick","Slimebound:Repurpose","Slimebound:MassFeed","Slimebound:SplitMire","Slimebound:GoopSpray+1","Slimebound:SamplingLick","Slimebound:LivingWall+1","Slimebound:Prepare+1","Slimebound:Gluttony+1","Slimebound:MassRepurpose","Slimebound:Gluttony+1","Slimebound:Dissolve+1","Slimebound:RejuvenatingLick+1","Slimebound:Darklings","Slimebound:SplitLeeching+1","Slimebound:Nibble","Slimebound:Replication+1","Slimebound:TongueLash+1","animeID:Rei","Slimebound:ViciousTackle+1"],"relics":["Slimebound:AbsorbEndCombat","halation:VictoryRuler","infinitespire:Satchel","vexMod:BigBerry","hubris:EmptyBottle","Bronze Scales","White Beast Statue","infinitespire:Midas Blood","Boot","conspire:TreasureMap","halation:PinkAlligatorPlush","halation:StarCompass","infinitespire:PuzzleCube","Letter Opener"],"acts_visited":["Exordium","TheCity","TheBeyond"],"potions_floor_usage":[14,16,16,29,31,31,32,32,33,33,37,38,42,42,42,43,43,45,45,46,46,46,48,50,50,50,50,50,50,50,50,50,50,50,50],"damage_taken":[{"damage":12,"enemies":"2 Louse","floor":2,"turns":2},{"damage":21,"enemies":"downfall:FleeingMerchant","floor":3,"turns":4},{"damage":12,"enemies":"Cultist","floor":6,"turns":2},{"damage":17,"enemies":"Small Slimes","floor":8,"turns":3},{"damage":27,"enemies":"Exordium Thugs","floor":9,"turns":2},{"damage":42,"enemies":"Gremlin Nob","floor":10,"turns":4},{"damage":19,"enemies":"Blue Slaver","floor":11,"turns":3},{"damage":8,"enemies":"Exordium Wildlife","floor":12,"turns":3},{"damage":20,"enemies":"Red Slaver","floor":13,"turns":2},{"damage":15,"enemies":"Gremlin Gang","floor":14,"turns":3},{"damage":12,"enemies":"Large Slime","floor":15,"turns":2},{"damage":36,"enemies":"downfall:Ironclad","floor":16,"turns":6},{"damage":13,"enemies":"Chosen","floor":19,"turns":4},{"damage":40,"enemies":"3 Byrds","floor":21,"turns":3},{"damage":23,"enemies":"downfall:FleeingMerchant","floor":22,"turns":4},{"damage":26,"enemies":"Centurion and Healer","floor":23,"turns":4},{"damage":46,"enemies":"3 Cultists","floor":27,"turns":5},{"damage":17,"enemies":"Snecko","floor":28,"turns":4},{"damage":9,"enemies":"Sentry and Sphere","floor":29,"turns":3},{"damage":16,"enemies":"Chosen and Byrds","floor":31,"turns":4},{"damage":21,"enemies":"Snake Plant","floor":32,"turns":3},{"damage":63,"enemies":"downfall:Silent","floor":33,"turns":8},{"damage":63,"enemies":"3 Darklings","floor":36,"turns":6},{"damage":43,"enemies":"Orb Walker","floor":37,"turns":4},{"damage":36,"enemies":"4 Shapes","floor":38,"turns":6},{"damage":66,"enemies":"Spire Growth","floor":42,"turns":5},{"damage":42,"enemies":"Sphere and 2 Shapes","floor":43,"turns":5},{"damage":44,"enemies":"Transient","floor":44,"turns":2},{"damage":50,"enemies":"Writhing Mass","floor":45,"turns":4},{"damage":49,"enemies":"Sphere and 2 Shapes","floor":46,"turns":6},{"damage":38,"enemies":"downfall:FleeingMerchant","floor":48,"turns":4},{"damage":45,"enemies":"3 Darklings","floor":49,"turns":4},{"damage":18,"enemies":"downfall:Watcher","floor":50,"turns":6}],"seed_played":"-7263217206545854738","potions_obtained":[{"floor":8,"key":"Weak Potion"},{"floor":9,"key":"champ:CounterPotion"},{"floor":11,"key":"GamblersBrew"},{"floor":13,"key":"Fire Potion"},{"floor":14,"key":"SteroidPotion"},{"floor":15,"key":"AttackPotion"},{"floor":19,"key":"Slimebound:ThreeZeroPotion"},{"floor":27,"key":"SpeedPotion"},{"floor":28,"key":"Fire Potion"},{"floor":31,"key":"conspire:TimeTravelPotion"},{"floor":32,"key":"Block Potion"},{"floor":33,"key":"BlessingOfTheForge"},{"floor":36,"key":"Energy Potion"},{"floor":38,"key":"Energy Potion"},{"floor":42,"key":"hexamod:EctoCoolerPotion"},{"floor":43,"key":"SpeedPotion"},{"floor":44,"key":"Fire Potion"},{"floor":45,"key":"Slimebound:SlimedPotion"},{"floor":46,"key":"Block Potion"},{"floor":48,"key":"EntropicBrew"}],"is_trial":false,"path_per_floor":["R","M","$","?","?","M","T","M","M","E","M","M","M","M","M","B",null,"R","M","?","M","$","M","T","T","T","M","M","M","$","M","M","B",null,"R","M","M","M","?","?","T","M","M","M","M","M","?","$","M","B",null],"character_chosen":"SLIMEBOUND","items_purchased":["Slimebound:Nibble","hubris:EmptyBottle","Bronze Scales","conspire:TreasureMap","infinitespire:BlackPotion","Letter Opener"],"campfire_rested":0,"item_purchase_floors":[3,22,22,30,48,48],"current_hp_per_floor":[60,60,57,43,60,60,60,57,46,22,13,23,17,18,24,20,90,90,90,90,73,80,79,79,79,79,61,63,72,62,76,85,69,105,105,78,69,75,75,75,75,43,44,104,96,79,79,89,83,111],"gold":138,"neow_bonus":"THREE_CARDS","is_daily":false,"chose_seed":false,"campfire_upgraded":3,"win_rate":0.0,"timestamp":1610497177,"path_taken":["R","M","$","?","?","M","T","M","M","E","?","M","M","M","M","BOSS","R","M","?","M","$","M","T","?","?","M","M","?","?","M","M","BOSS","R","M","M","M","?","?","T","M","M","M","M","M","?","$","M","BOSS"],"items_purchased_type":["Card","Relic","Relic","Relic","Potion","Relic"],"build_version":"2020-12-22","purchased_purges":1,"victory":true,"max_hp_per_floor":[60,60,60,60,60,60,60,60,60,60,60,60,60,60,60,60,90,90,90,90,93,93,96,96,96,96,96,99,99,99,99,102,105,105,105,105,105,105,105,105,105,105,108,108,108,108,108,108,111,111],"card_choices":[{"not_picked":["Slimebound:FinishingTackle","Slimebound:Replication"],"picked":"Slimebound:SplitBruiser","floor":0},{"not_picked":["Slimebound:ForwardTackle","Slimebound:HauntingLick"],"picked":"Slimebound:SplitMire","floor":2},{"not_picked":["Slimebound:RollThrough","Slimebound:Repurpose"],"picked":"Slimebound:SlimeBarrage","floor":3},{"not_picked":["infinitespire:Menacing","infinitespire:Execution"],"picked":"infinitespire:Collect","floor":4},{"not_picked":["Slimebound:GrowthPunch","Slimebound:TongueLash"],"picked":"Slimebound:FinishingTackle","floor":6},{"not_picked":["Slimebound:AcidTongue","Slimebound:ComboTackle"],"picked":"Slimebound:SamplingLick","floor":8},{"not_picked":["Slimebound:GoopSpray","Slimebound:SplitMire"],"picked":"Slimebound:FirmFortitude","floor":9},{"not_picked":["Slimebound:Schlurp","Slimebound:GrowthPunch"],"picked":"Slimebound:LeechingTouch","floor":10},{"not_picked":["Slimebound:SlimeSpikes","Slimebound:LeechEnergy"],"picked":"Slimebound:PressTheAttack","floor":11},{"not_picked":["Slimebound:SplitMire","Slimebound:Gluttony"],"picked":"Slimebound:SlimeTap","floor":12},{"not_picked":["Slimebound:SplitMire","Slimebound:SpikyOuterGoop"],"picked":"Slimebound:SplitAcid","floor":13},{"not_picked":["Slimebound:Grow","Slimebound:SplitBruiser"],"picked":"Slimebound:RejuvenatingLick","floor":14},{"not_picked":["Slimebound:ComboTackle","Slimebound:FinishingTackle"],"picked":"Slimebound:Repurpose","floor":15},{"not_picked":["Slimebound:Teamwork","Slimebound:RallyTheTroops"],"picked":"Slimebound:MassFeed","floor":16},{"not_picked":["Slimebound:SpikyOuterGoop","Slimebound:PressTheAttack"],"picked":"Slimebound:SplitMire","floor":19},{"not_picked":["Slimebound:FinishingTackle","Slimebound:LeechEnergy"],"picked":"Slimebound:GoopSpray+1","floor":21},{"not_picked":["Slimebound:Chomp","Slimebound:LeechEnergy+1","Slimebound:TongueLash+1"],"picked":"SKIP","floor":22},{"not_picked":["Slimebound:PressTheAttack","Slimebound:SlimeSpikes"],"picked":"Slimebound:SamplingLick","floor":23},{"not_picked":["Slimebound:FlameTackle+1","Slimebound:ViciousTackle","Slimebound:SplitLeeching"],"picked":"SKIP","floor":27},{"not_picked":["Slimebound:GoopSpray","Slimebound:SlimeTap"],"picked":"Slimebound:LivingWall+1","floor":28},{"not_picked":["Slimebound:MassRepurpose","Slimebound:SlimeSpikes"],"picked":"Slimebound:Prepare+1","floor":29},{"not_picked":["Slimebound:FinishingTackle","Slimebound:SamplingLick"],"picked":"Slimebound:Gluttony","floor":31},{"not_picked":["Slimebound:GrowthPunch","Slimebound:ComboTackle","Slimebound:DouseInSlime"],"picked":"SKIP","floor":32},{"not_picked":["Slimebound:GrowthPunch","Slimebound:ComboTackle","Slimebound:DouseInSlime"],"picked":"SKIP","floor":32},{"not_picked":["Slimebound:SelfFormingGoo","Slimebound:DuplicatedForm"],"picked":"Slimebound:MassRepurpose","floor":33},{"not_picked":["Slimebound:SlimeTap+1","Slimebound:GrowthPunch"],"picked":"Slimebound:Gluttony+1","floor":36},{"not_picked":["Slimebound:PressTheAttack+1","Slimebound:FinishingTackle+1"],"picked":"Slimebound:Dissolve+1","floor":37},{"not_picked":["Slimebound:SlimeSpikes","Slimebound:Dissolve+1"],"picked":"Slimebound:RejuvenatingLick+1","floor":38},{"not_picked":["Slimebound:SelfFormingGoo","Slimebound:GoopSpray"],"picked":"Slimebound:SplitLeeching+1","floor":42},{"not_picked":["Slimebound:RollThrough","Slimebound:SlimeBarrage"],"picked":"Slimebound:Nibble","floor":43},{"not_picked":["Slimebound:GrowthPunch","Slimebound:SplitMire+1"],"picked":"Slimebound:Replication+1","floor":44},{"not_picked":["Slimebound:BestDefense+1","Slimebound:Repurpose+1"],"picked":"Slimebound:TongueLash+1","floor":45},{"not_picked":["Slimebound:ComboTackle","Slimebound:MassFeed","Slimebound:FinishingTackle+1"],"picked":"SKIP","floor":46},{"not_picked":["Slimebound:ComboTackle","Slimebound:HauntingLick+1"],"picked":"Slimebound:ViciousTackle+1","floor":48},{"not_picked":["Slimebound:GoopSpray","Slimebound:Grow","Slimebound:SplitMire+1"],"picked":"SKIP","floor":49}],"player_experience":169435,"relics_obtained":[{"floor":7,"key":"halation:VictoryRuler"},{"floor":10,"key":"infinitespire:Satchel"},{"floor":24,"key":"White Beast Statue"},{"floor":25,"key":"infinitespire:Midas Blood"},{"floor":26,"key":"Boot"},{"floor":41,"key":"infinitespire:PuzzleCube"}],"event_choices":[{"damage_healed":17,"gold_gain":0,"player_choice":"Full Heal","damage_taken":0,"max_hp_gain":0,"max_hp_loss":0,"event_name":"Wheel of Change","floor":5,"gold_loss":0},{"damage_healed":0,"gold_gain":0,"player_choice":"Ignored","damage_taken":0,"max_hp_gain":0,"max_hp_loss":0,"event_name":"Ghosts","floor":20,"gold_loss":0},{"cards_removed":["infinitespire:Collect"],"damage_healed":0,"gold_gain":0,"player_choice":"Took Card","damage_taken":0,"max_hp_gain":0,"max_hp_loss":0,"event_name":"NoteForYourself","floor":47,"gold_loss":0,"cards_obtained":["animeID:Rei"]}],"is_beta":false,"boss_relics":[{"not_picked":["theForsaken:PaleLantern","Busted Crown"],"picked":"vexMod:BigBerry"},{"not_picked":["vexMod:RockOfEvil","halation:CatFaceCupcake"],"picked":"halation:PinkAlligatorPlush"}],"items_purged_floors":[48],"is_endless":false,"potions_floor_spawned":[8,9,11,13,14,15,19,27,28,29,31,32,33,36,37,38,42,43,44,45,46,48,49],"ascension_level":0}}