{"host":"pn0n58vrtcysp2am","time":1610506343,"event":{"mods":["100% Spire Juice","Act Like it!","Arknights The Spire","BaseMod","CapriCore","Friendly Minions","Marisa£®ÏF”Í°°ƒß¿Ì…≥£©","Minty Spire (QoL Compilation)","READ ME - Guardian Mod","Reimu£®≤©¿ˆ¡È√Œ£©","Remilia_Scarlet Moed£®¿Ÿ√◊¿Ú—«°§Àπø®¿◊Ãÿ£©3.3.5","StSLib","The Immortal","WarShipGirlsR/’ΩΩ¢…Ÿ≈ÆR mod","Yakumo Yukari mod","Youmu£®ªÍ∆«—˝√Œ£©","Yuyuko","°æ“≈ŒÔø®≈∆°øREMEMod"],"gold_per_floor":[109,109,119,119,119,119,150,175,187,199,230,257,299,327,339,452,464,493,523,550,477,201,201,226,226,226,226,241,255,255,273,273,370,370,387,406,15,15,15],"floor_reached":38,"language":"ZHS","playtime":2681,"items_purged":["ats:Strike V","ats:Defend"],"score":408,"play_id":"d4224401-e753-4ff9-9fb8-01a843a1845d","local_time":"20210113105223","is_ascension_mode":false,"campfire_choices":[{"data":"ats:Revitalization","floor":6.0,"key":"SMITH"},{"data":"ats:Apocalypse","floor":10.0,"key":"SMITH"},{"data":"ats:Composite Medical Shells","floor":15.0,"key":"SMITH"},{"data":"ats:Revitalization","floor":23.0,"key":"SMITH"},{"data":"ats:Revitalization","floor":25.0,"key":"SMITH"},{"data":"ats:Rat Pack","floor":30,"key":"SMITH"},{"floor":32,"key":"REST"}],"circlet_count":0,"master_deck":["ats:Strike C+1","ats:Strike G+1","ats:Defend","ats:Defend","ats:Defend","ats:Emotion Absorption+1","Moonworks:AngelHand","ats:Calcification","ats:Revitalization+1","ats:Curse Doll","ats:Apocalypse+1","ats:Revitalization+1","ats:Hammer On+1","ats:Composite Medical Shells+1","ats:Rat Pack+1","CurseOfTheBell","ats:Revitalization+1","ats:Assault Order","ats:Spore Proliferation","ats:Leaping Hammer+1","ats:Hook Shot","ats:Directed Diagnosis","Good Instincts","ats:Calcification","ats:Thermite Blade+1","ats:Durian","ats:Chain Hook+1","ats:Beaten Up+1","ats:Sunburst+1","ats:Apocalypse+1"],"relics":["ats:Sanity","REME_ComplimentaryCards","CaptainsWheel","ats:Originium","MawBank","Molten Egg 2","ats:Rhine Circuitry","Calling Bell","Bronze Scales","CrazyTorch:ReiMu","Bird Faced Urn","Calipers","Darkstone Periapt","ats:Bonebreaker","Astrolabe","Torii"],"acts_visited":["Exordium","TheCity","TheBeyond"],"potions_floor_usage":[28,28,28,33],"damage_taken":[{"damage":0.0,"enemies":"2 Louse","floor":1.0,"turns":3.0},{"damage":3.0,"enemies":"Cultist","floor":3.0,"turns":4.0},{"damage":19.0,"enemies":"Lagavulin","floor":7.0,"turns":7.0},{"damage":10.0,"enemies":"Small Slimes","floor":8.0,"turns":5.0},{"damage":5.0,"enemies":"2 Fungi Beasts","floor":11.0,"turns":7.0},{"damage":18.0,"enemies":"3 Louse","floor":12.0,"turns":5.0},{"damage":20.0,"enemies":"3 Sentries","floor":13.0,"turns":9.0},{"damage":15.0,"enemies":"Blue Slaver","floor":14.0,"turns":6.0},{"damage":83.0,"enemies":"Slime Boss","floor":16.0,"turns":12.0},{"damage":22.0,"enemies":"Spheric Guardian","floor":18.0,"turns":6.0},{"damage":21.0,"enemies":"Chosen","floor":19.0,"turns":6.0},{"damage":36.0,"enemies":"Centurion and Healer","floor":20.0,"turns":9.0},{"damage":101.0,"enemies":"REME_1_Revenger","floor":24.0,"turns":8.0},{"damage":30,"enemies":"Sentry and Sphere","floor":28,"turns":9},{"damage":45,"enemies":"3 Cultists","floor":29,"turns":6},{"damage":36,"enemies":"Snake Plant","floor":31,"turns":4},{"damage":80,"enemies":"Automaton","floor":33,"turns":18},{"damage":35,"enemies":"Orb Walker","floor":35,"turns":5},{"damage":11,"enemies":"3 Shapes","floor":36,"turns":6},{"damage":98,"enemies":"Remilia_Smww","floor":38,"turns":3}],"seed_played":"369464994857172867","potions_obtained":[{"floor":3.0,"key":"AttackPotion"},{"floor":7.0,"key":"CultistPotion"},{"floor":11.0,"key":"Swift Potion"},{"floor":12.0,"key":"REME_GoldPotion"},{"floor":18.0,"key":"SkillPotion"},{"floor":29,"key":"Dexterity Potion"},{"floor":31,"key":"BlessingOfTheForge"},{"floor":33,"key":"AttackPotion"}],"is_trial":false,"path_per_floor":["M","?","M","?","?","R","E","M","T","R","M","M","E","M","R","B",null,"M","M","M","?","$","R","E","R","T","?","M","M","R","M","R","B",null,"M","M","$","?"],"character_chosen":"DOCTOR_CLASS","items_purchased":["ats:Spore Proliferation","ats:Leaping Hammer+1","ats:Hook Shot","Torii"],"campfire_rested":1,"item_purchase_floors":[22,22,22,37],"current_hp_per_floor":[65,65,62,49,46,46,48,54,54,54,65,65,63,65,65,36,65,50,52,65,65,65,65,14,14,14,2,61,39,39,24,43,65,65,48,65,65,0,0],"gold":15,"neow_bonus":"THREE_RARE_CARDS","is_daily":false,"chose_seed":false,"campfire_upgraded":6,"win_rate":0.0,"timestamp":1610506343,"path_taken":["M","?","?","?","?","R","E","M","T","R","M","M","E","M","R","BOSS","M","M","M","?","$","R","E","R","T","?","M","?","R","M","R","BOSS","M","M","$","?"],"items_purchased_type":["Card","Card","Card","Relic"],"build_version":"2020-12-22","purchased_purges":2,"victory":false,"max_hp_per_floor":[65,65,65,65,65,65,65,65,65,65,65,65,65,65,65,65,65,65,65,65,65,65,65,65,65,65,65,65,65,65,65,65,65,65,65,65,65,65,65],"card_choices":[{"not_picked":["ats:Ambush","ats:Volcano"],"picked":"ats:Calcification","floor":0.0},{"not_picked":["ats:Counter Healing Mode","ats:Flame Of Heaven"],"picked":"ats:Revitalization","floor":1.0},{"not_picked":["ats:Ignite","ats:Flame Of Heaven"],"picked":"ats:Curse Doll","floor":3.0},{"not_picked":["ats:Soul Absorption","ats:Hammer On"],"picked":"ats:Apocalypse","floor":7.0},{"not_picked":["ats:Counter Healing Mode","ats:Childhood Dance"],"picked":"ats:Consecutive Shot Auto","floor":8.0},{"not_picked":["ats:Assault Order","ats:Apocalypse"],"picked":"ats:Revitalization","floor":11.0},{"not_picked":["ats:Soul Absorption","ats:Leaping Hammer+1"],"picked":"ats:Hammer On+1","floor":12.0},{"not_picked":["ats:Overload+1","ats:Mental Burst+1"],"picked":"ats:Composite Medical Shells","floor":13.0},{"not_picked":["ats:Volcano+1","ats:Ignite+1","ats:Cat Scratch+1"],"picked":"SKIP","floor":14.0},{"not_picked":["ats:True Silver Slash+1","ats:Fractured Body"],"picked":"ats:Rat Pack","floor":16.0},{"not_picked":["ats:Explosion Area Strengthen+1","ats:Steam Pump+1","ats:Leaping Hammer+1"],"picked":"SKIP","floor":18.0},{"not_picked":["ats:Assault Order+1","ats:Collapsing Strike+1"],"picked":"ats:Revitalization","floor":19.0},{"not_picked":["ats:Flexible Camouflage","ats:Very Hot Blade+1"],"picked":"ats:Assault Order","floor":20.0},{"not_picked":["ats:Apocalypse","ats:Revitalization"],"picked":"ats:Directed Diagnosis","floor":24.0},{"not_picked":["ats:Ignite+1","ats:Guardian Obelisk+1"],"picked":"ats:Calcification","floor":28},{"not_picked":["ats:Assault Order+1","ats:Curse Doll","ats:Collapsing Strike+1"],"picked":"SKIP","floor":29},{"not_picked":["ats:Encircling Forest","ats:Revitalization"],"picked":"ats:Thermite Blade+1","floor":31},{"not_picked":["ats:True Silver Slash+1","ats:Rat Pack"],"picked":"ats:Durian","floor":33},{"not_picked":["ats:Steam Pump+1","ats:Assault Order+1","ats:Curse Doll+1"],"picked":"SKIP","floor":35},{"not_picked":["ats:Leaping Hammer+1","ats:Powerful Strike+1"],"picked":"ats:Apocalypse+1","floor":36}],"player_experience":8216,"relics_obtained":[{"floor":7.0,"key":"ats:Originium"},{"floor":7.0,"key":"MawBank"},{"floor":9.0,"key":"Molten Egg 2"},{"floor":13.0,"key":"ats:Originium"},{"floor":13.0,"key":"ats:Rhine Circuitry"},{"floor":17.0,"key":"Bronze Scales"},{"floor":17.0,"key":"CrazyTorch:ReiMu"},{"floor":17.0,"key":"Bird Faced Urn"},{"floor":24.0,"key":"ats:Originium"},{"floor":24.0,"key":"Darkstone Periapt"},{"floor":26.0,"key":"ats:Bonebreaker"}],"event_choices":[{"damage_healed":0.0,"max_hp_gain":0.0,"max_hp_loss":0.0,"gold_gain":0.0,"event_name":"Upgrade Shrine","player_choice":"Upgraded","floor":2.0,"gold_loss":0.0,"damage_taken":0.0,"cards_upgraded":["ats:Emotion Absorption"]},{"damage_healed":0.0,"max_hp_gain":0.0,"max_hp_loss":0.0,"gold_gain":0.0,"event_name":"Shining Light","player_choice":"Entered Light","floor":4.0,"gold_loss":0.0,"damage_taken":13.0,"cards_upgraded":["ats:Strike G","ats:Strike C"]},{"damage_healed":0.0,"max_hp_gain":0.0,"max_hp_loss":0.0,"gold_gain":0.0,"event_name":"Scrap Ooze","player_choice":"Success","floor":5.0,"gold_loss":0.0,"damage_taken":3.0,"relics_obtained":["CaptainsWheel"]},{"damage_healed":0.0,"max_hp_gain":0.0,"max_hp_loss":0.0,"gold_gain":0.0,"event_name":"Addict","player_choice":"Obtained Relic","floor":21.0,"gold_loss":85.0,"damage_taken":0.0,"relics_obtained":["Calipers"]},{"damage_healed":0.0,"max_hp_gain":0.0,"max_hp_loss":0.0,"gold_gain":0.0,"event_name":"Knowing Skull","player_choice":"CARD ","floor":27.0,"potions_obtained":[],"gold_loss":0.0,"damage_taken":12.0,"cards_obtained":["Good Instincts"]}],"is_beta":false,"boss_relics":[{"not_picked":["REME_ChargedStone","SlaversCollar"],"picked":"Calling Bell"},{"not_picked":["Fusion Hammer","REME_DuelDisc"],"picked":"Astrolabe"}],"items_purged_floors":[22,37],"is_endless":false,"potions_floor_spawned":[3,7,11,12,18,29,31,33],"killed_by":"Remilia_Smww","ascension_level":0}}