{"host":"jscggscbx0p7706o","time":1610519457,"event":{"mods":["AchievementEnabler","BaseMod","Block Reminder","Colored Powertips","Minty Spire (QoL Compilation)","Permanent Neow","Quick Restart","StSLib"],"gold_per_floor":[13,32,52,62,137,137,172,172,172,27,97,109,125,150,150,255,255,255,255,266,281,33,33,65,65,89,115,139,0,32,55,67,79,79],"floor_reached":33,"language":"ENG","playtime":2630,"items_purged":["Strike_R"],"score":367,"play_id":"522c62d8-c630-4048-983c-3a2c8ba8b6cc","local_time":"20210113143057","is_ascension_mode":true,"campfire_choices":[{"data":"Entrench","floor":6.0,"key":"SMITH"},{"floor":8.0,"key":"REST"},{"data":"Disarm","floor":15.0,"key":"SMITH"},{"data":"Sword Boomerang","floor":23.0,"key":"SMITH"},{"data":"Evolve","floor":25.0,"key":"SMITH"},{"data":"Whirlwind","floor":32.0,"key":"SMITH"}],"circlet_count":0,"master_deck":["Strike_R","Strike_R","Strike_R","Strike_R","Defend_R","Defend_R","Defend_R","Defend_R","Bash","Disarm+1","Entrench+1","Inflame+1","Anger","Ghostly Armor","Shrug It Off","Cleave","Battle Trance","Sword Boomerang+1","Headbutt","Evolve+1","Reaper","Cleave","Iron Wave","Thunderclap+1","Cleave","Shrug It Off","Whirlwind+1","Impervious","Battle Trance+1","Headbutt","Uppercut+1"],"relics":["Burning Blood","Turnip","Omamori","Meat on the Bone","White Beast Statue","Prayer Wheel","SlaversCollar","Vajra","CaptainsWheel","MawBank"],"acts_visited":["Exordium","TheCity"],"potions_floor_usage":[33,33],"damage_taken":[{"damage":1.0,"enemies":"Cultist","floor":1.0,"turns":3.0},{"damage":3.0,"enemies":"Small Slimes","floor":2.0,"turns":4.0},{"damage":2.0,"enemies":"Jaw Worm","floor":3.0,"turns":5.0},{"damage":17.0,"enemies":"Red Slaver","floor":4.0,"turns":9.0},{"damage":45.0,"enemies":"3 Sentries","floor":7.0,"turns":9.0},{"damage":7.0,"enemies":"Exordium Thugs","floor":12.0,"turns":5.0},{"damage":16.0,"enemies":"Large Slime","floor":13.0,"turns":5.0},{"damage":0.0,"enemies":"Gremlin Nob","floor":14.0,"turns":3.0},{"damage":29.0,"enemies":"Hexaghost","floor":16.0,"turns":11.0},{"damage":0.0,"enemies":"2 Thieves","floor":18.0,"turns":1.0},{"damage":17.0,"enemies":"Spheric Guardian","floor":20.0,"turns":4.0},{"damage":12.0,"enemies":"Snake Plant","floor":21.0,"turns":7.0},{"damage":23.0,"enemies":"Gremlin Leader","floor":24.0,"turns":6.0},{"damage":11.0,"enemies":"Sentry and Sphere","floor":27.0,"turns":4.0},{"damage":21.0,"enemies":"Shelled Parasite and Fungi","floor":28.0,"turns":7.0},{"damage":12.0,"enemies":"Chosen and Byrds","floor":30.0,"turns":4.0},{"damage":9.0,"enemies":"Cultist and Chosen","floor":31.0,"turns":5.0},{"damage":81,"enemies":"Automaton","floor":33,"turns":8}],"seed_played":"-6691663011364862969","potions_obtained":[{"floor":1.0,"key":"LiquidBronze"},{"floor":4.0,"key":"SmokeBomb"},{"floor":7.0,"key":"Explosive Potion"},{"floor":12.0,"key":"LiquidMemories"},{"floor":13.0,"key":"BloodPotion"},{"floor":14.0,"key":"Strength Potion"},{"floor":20.0,"key":"SkillPotion"},{"floor":21.0,"key":"ColorlessPotion"},{"floor":24.0,"key":"SmokeBomb"},{"floor":27.0,"key":"Swift Potion"}],"is_trial":false,"path_per_floor":["M","M","M","M","?","R","E","R","T","$","T","M","M","E","R","B",null,"M","?","M","M","$","R","E","R","T","M","M","?","M","M","R","B"],"character_chosen":"IRONCLAD","items_purchased":["Shrug It Off","Cleave","Battle Trance","Vajra","Cleave"],"campfire_rested":1,"item_purchase_floors":[10,10,10,22,22],"current_hp_per_floor":[80,80,80,69,61,61,22,46,46,46,46,57,47,53,53,42,80,80,80,69,70,70,70,63,63,63,58,55,55,49,56,56,0,0],"gold":79,"neow_bonus":"ONE_RARE_RELIC","is_daily":false,"chose_seed":false,"campfire_upgraded":5,"win_rate":0.0,"timestamp":1610519457,"path_taken":["M","M","?","M","?","R","E","R","T","$","?","M","?","E","R","BOSS","M","?","M","?","$","R","E","R","T","M","M","?","M","M","R","BOSS"],"items_purchased_type":["Card","Card","Card","Relic","Card"],"build_version":"2020-12-22","purchased_purges":1,"victory":false,"max_hp_per_floor":[80,80,80,80,80,80,80,80,80,80,80,80,80,80,80,80,80,80,80,80,80,80,80,80,80,80,80,80,80,80,80,80,80,80],"card_choices":[{"not_picked":["Dual Wield","True Grit"],"picked":"Disarm","floor":1.0},{"not_picked":["Metallicize","Reckless Charge"],"picked":"Entrench","floor":2.0},{"not_picked":["Wild Strike","Body Slam"],"picked":"Inflame","floor":3.0},{"not_picked":["Armaments","Seeing Red"],"picked":"Anger","floor":4.0},{"not_picked":["Heavy Blade","Offering"],"picked":"Ghostly Armor","floor":7.0},{"not_picked":["Anger","Clash"],"picked":"Sword Boomerang","floor":12.0},{"not_picked":["Entrench","Armaments"],"picked":"Headbutt","floor":13.0},{"not_picked":["Dual Wield","Sword Boomerang"],"picked":"Evolve","floor":14.0},{"not_picked":["Fiend Fire","Berserk"],"picked":"Reaper","floor":16.0},{"not_picked":["Sword Boomerang","Heavy Blade+1"],"picked":"Cleave","floor":20.0},{"not_picked":["Searing Blow+1","Heavy Blade","Havoc"],"picked":"SKIP","floor":20.0},{"not_picked":["Hemokinesis","Havoc"],"picked":"Iron Wave","floor":21.0},{"not_picked":["Flex+1","Shrug It Off"],"picked":"Thunderclap+1","floor":21.0},{"not_picked":["Dark Embrace","Iron Wave"],"picked":"Shrug It Off","floor":24.0},{"not_picked":["Battle Trance","Flame Barrier"],"picked":"Whirlwind","floor":27.0},{"not_picked":["Havoc","Perfected Strike","Flex"],"picked":"SKIP","floor":27.0},{"not_picked":["Hemokinesis","Rage"],"picked":"Impervious","floor":28.0},{"not_picked":["Cleave","Blood for Blood","Warcry"],"picked":"SKIP","floor":28.0},{"not_picked":["Cleave","Blood for Blood","Warcry"],"picked":"SKIP","floor":28.0},{"not_picked":["Power Through","Fire Breathing"],"picked":"Battle Trance+1","floor":30.0},{"not_picked":["Cleave","Fire Breathing","Perfected Strike"],"picked":"SKIP","floor":30.0},{"not_picked":["Pummel","Infernal Blade"],"picked":"Headbutt","floor":31.0},{"not_picked":["Perfected Strike","Power Through"],"picked":"Uppercut+1","floor":31.0}],"player_experience":225490,"relics_obtained":[{"floor":7.0,"key":"Omamori"},{"floor":9.0,"key":"Meat on the Bone"},{"floor":11.0,"key":"White Beast Statue"},{"floor":14.0,"key":"Prayer Wheel"},{"floor":24.0,"key":"CaptainsWheel"},{"floor":26.0,"key":"MawBank"}],"event_choices":[{"damage_healed":0.0,"max_hp_gain":0.0,"max_hp_loss":0.0,"gold_gain":75.0,"event_name":"FaceTrader","player_choice":"Touch","floor":5.0,"gold_loss":0.0,"damage_taken":8.0},{"damage_healed":0.0,"max_hp_gain":0.0,"max_hp_loss":0.0,"gold_gain":0.0,"event_name":"Upgrade Shrine","player_choice":"Upgraded","floor":19.0,"gold_loss":0.0,"damage_taken":0.0,"cards_upgraded":["Inflame"]},{"damage_healed":0.0,"max_hp_gain":0.0,"max_hp_loss":0.0,"gold_gain":0.0,"event_name":"Masked Bandits","player_choice":"Paid Fearfully","floor":29.0,"gold_loss":151.0,"damage_taken":0.0}],"is_beta":false,"boss_relics":[{"not_picked":["Velvet Choker","Empty Cage"],"picked":"SlaversCollar"}],"items_purged_floors":[22],"is_endless":false,"potions_floor_spawned":[1,4,7,12,13,14,16,18,20,21,24,27,28,30,31],"killed_by":"Automaton","ascension_level":4}}