{"host":"ymn6un3ro3vi042j","time":1610528144,"event":{"mods":["AchievementEnabler","Act Like it!","BaseMod","Bestiary","Better Third Choice","BetterRewards","Colored Map","Colored Powertips","Curses Come First","Dark Map","DeckTracker","Downfall","Highlight Path","Minty Spire (QoL Compilation)","Poor People Problems","Rare Cards Sparkle","StSLib","everything is the same but u backflip on backflip"],"gold_per_floor":[118,137,154,173,186,186,218,218,272,291,307,307,323,349,349,450,450,450,13,13,13],"floor_reached":20,"language":"ENG","playtime":1121,"items_purged":[],"score":276,"play_id":"cd71792c-2f01-4abc-ada7-a3bf6a537c59","local_time":"20210113005544","is_ascension_mode":false,"campfire_choices":[{"floor":6,"key":"REST"},{"floor":8,"key":"REST"},{"floor":15,"key":"REST"},{"data":"Phantasmal Killer","floor":18,"key":"SMITH"}],"circlet_count":0,"master_deck":["Strike_G","Strike_G","Strike_G","Strike_G","Strike_G","Defend_G","Defend_G","Defend_G","Defend_G","Defend_G","Survivor","Neutralize","Panache","Tactician","Bane","Skewer","Poisoned Stab","Crippling Poison","Tools of the Trade","Footwork","Poisoned Stab","Deadly Poison","Phantasmal Killer+1","Phantasmal Killer","Master of Strategy","expansioncontent:FaceSlap","Noxious Fumes","Deadly Poison"],"relics":["Ring of the Snake","PreservedInsect","Lantern","CultistMask","Dream Catcher","SlaversCollar"],"acts_visited":["TheEnding"],"potions_floor_usage":[16,16,16,16,16,16,17,20,20,20],"damage_taken":[{"damage":0,"enemies":"Cultist","floor":1,"turns":6},{"damage":5,"enemies":"2 Louse","floor":2,"turns":3},{"damage":14,"enemies":"Jaw Worm","floor":3,"turns":4},{"damage":3,"enemies":"Exordium Wildlife","floor":4,"turns":4},{"damage":10,"enemies":"Looter","floor":5,"turns":3},{"damage":31,"enemies":"Gremlin Nob","floor":7,"turns":5},{"damage":0,"enemies":"3 Louse","floor":10,"turns":2},{"damage":15,"enemies":"Red Slaver","floor":11,"turns":3},{"damage":16,"enemies":"2 Fungi Beasts","floor":13,"turns":4},{"damage":29,"enemies":"Hexaghost","floor":16,"turns":8},{"damage":71,"enemies":"Shield and Spear","floor":20,"turns":4}],"seed_played":"691001703906842639","potions_obtained":[{"floor":2,"key":"Explosive Potion"},{"floor":3,"key":"AttackPotion"},{"floor":4,"key":"EntropicBrew"},{"floor":16,"key":"EntropicBrew"}],"is_trial":false,"path_per_floor":["M","M","M","M","M","R","E","R","T","M","M","?","M","T","R","B",null,"R","$","E"],"character_chosen":"THE_SILENT","items_purchased":["Panache","Master of Strategy","expansioncontent:FaceSlap","Noxious Fumes","Deadly Poison","Poison Potion"],"campfire_rested":3,"item_purchase_floors":[0,19,19,19,19,19],"current_hp_per_floor":[70,65,51,48,38,59,28,49,49,49,34,34,18,18,39,10,70,70,70,0,0],"gold":13,"neow_bonus":"","is_daily":false,"chose_seed":false,"campfire_upgraded":1,"win_rate":0.0,"timestamp":1610528144,"path_taken":["M","M","M","M","M","R","E","R","T","M","?","?","?","?","R","BOSS","R","$","E"],"items_purchased_type":["Card","Card","Card","Card","Card","Potion"],"build_version":"2020-12-22","purchased_purges":0,"victory":false,"max_hp_per_floor":[70,70,70,70,70,70,70,70,70,70,70,70,70,70,70,70,70,70,70,70,70],"card_choices":[{"not_picked":["Sucker Punch","Prepared"],"picked":"Tactician","floor":1},{"not_picked":["PiercingWail","Quick Slash"],"picked":"Bane","floor":2},{"not_picked":["Sucker Punch","Deadly Poison"],"picked":"Skewer","floor":3},{"not_picked":["Prepared","Dodge and Roll"],"picked":"Poisoned Stab","floor":4},{"not_picked":["Leg Sweep","Dash"],"picked":"Crippling Poison","floor":5},{"not_picked":["Dagger Throw","Deadly Poison"],"picked":"Tools of the Trade","floor":7},{"not_picked":["Dagger Throw","Deadly Poison"],"picked":"Footwork","floor":10},{"not_picked":["Acrobatics","Underhanded Strike"],"picked":"Poisoned Stab","floor":11},{"not_picked":["Slice","Acrobatics"],"picked":"Deadly Poison","floor":13},{"not_picked":["Endless Agony","Caltrops"],"picked":"Phantasmal Killer","floor":15},{"not_picked":["Tools of the Trade","Wraith Form v2"],"picked":"Phantasmal Killer","floor":16}],"player_experience":27794,"relics_obtained":[{"floor":7,"key":"PreservedInsect"},{"floor":9,"key":"Lantern"},{"floor":14,"key":"Dream Catcher"}],"event_choices":[{"damage_healed":0,"gold_gain":0,"player_choice":"Trade","damage_taken":0,"relics_obtained":["CultistMask"],"max_hp_gain":0,"max_hp_loss":0,"event_name":"FaceTrader","floor":12,"gold_loss":0}],"is_beta":false,"boss_relics":[{"not_picked":["WristBlade","Sozu"],"picked":"SlaversCollar"}],"items_purged_floors":[],"is_endless":false,"potions_floor_spawned":[2,3,4,16],"killed_by":"Shield and Spear","ascension_level":0}}