{"host":"pa65g39v0cwbmgvo","time":1610516860,"event":{"mods":["2.2 Compatiblity","ATMod(°¢èªMod)","BaseMod","Better Skull","Better Third Choice","BetterRewards","Dota2Spire","Minty Spire (QoL Compilation)","Quick Restart","Replay The Spire","Spicy Shops","StSLib","SuperFastMode","¡¾ÒÅÎï¿¨ÅÆ¡¿REMEMod"],"gold_per_floor":[116,116,128,145,160,160,186,186,213,247,258,286,286,321,419,524,524,541,143,192,207,207,207,207],"floor_reached":23,"language":"ZHS","playtime":970,"items_purged":["REME_CRH","Strike_G"],"score":427,"play_id":"8ea74d3f-c60e-42dc-a904-dfe0d9c71038","local_time":"20210113134740","is_ascension_mode":true,"campfire_choices":[{"data":"ReplayTheSpireMod:Scrap Shanks","floor":6.0,"key":"SMITH"},{"floor":8.0,"key":"RECALL"}],"circlet_count":1,"master_deck":["Strike_G+1","Defend_G","Defend_G","Defend_G","Defend_G","Defend_G","Survivor","Neutralize","AT_FamilyPortrait","AT_WindFlip+1","Blade Dance","REME_ShadowStrike","ReplayTheSpireMod:Scrap Shanks+1","Cloak And Dagger","AT_WindFlip","Underhanded Strike","Pot Of Greed","Pot Of Greed","Reflex","After Image","Skewer+1","Hidden Blade+1","Outmaneuver+1","Pot Of Greed","AT_Desolate","AT_WindRun"],"relics":["Ring of the Snake","REME_ComplimentaryCards","AT_ATBox","Ancient Tea Set","Iron Hammer","Toolbox","Circlet","Whetstone","Bag of Preparation","AT_BellDemon","Snack Pack","Blue Doll","Mango","AT_DeathDance","Grinning Jar","Boot","Dota2Spire:BlackKingBar","Astrolabe","Ninja Scroll","Dota2Spire:HandOfMidas","TheAbacus","Pen Nib","ReplayTheSpireMod:Shallot","Enchiridion"],"acts_visited":["Exordium","TheCity"],"potions_floor_usage":[18,23],"damage_taken":[{"damage":7.0,"enemies":"Jaw Worm","floor":1.0,"turns":4.0},{"damage":0.0,"enemies":"Cultist","floor":3.0,"turns":1.0},{"damage":0.0,"enemies":"2 Louse","floor":4.0,"turns":1.0},{"damage":0.0,"enemies":"Exordium Wildlife","floor":5.0,"turns":2.0},{"damage":5.0,"enemies":"3 Sentries","floor":7.0,"turns":4.0},{"damage":15.0,"enemies":"Lagavulin","floor":10.0,"turns":4.0},{"damage":0.0,"enemies":"Lots of Slimes","floor":11.0,"turns":1.0},{"damage":0.0,"enemies":"Gremlin Nob","floor":12.0,"turns":2.0},{"damage":0.0,"enemies":"3 Sentries","floor":14.0,"turns":1.0},{"damage":49.0,"enemies":"The Guardian","floor":16.0,"turns":5.0},{"damage":25,"enemies":"Shell Parasite","floor":18,"turns":3},{"damage":2,"enemies":"Chosen","floor":20,"turns":3},{"damage":48,"enemies":"Centurion and Healer","floor":21,"turns":3},{"damage":20,"enemies":"Gremlin Leader","floor":23,"turns":3}],"seed_played":"-401791044193422997","potions_obtained":[{"floor":5.0,"key":"FearPotion"},{"floor":7.0,"key":"PowerPotion"},{"floor":16.0,"key":"Milkshake"},{"floor":21,"key":"LifebloodPotion"}],"is_trial":false,"path_per_floor":["M","?","M","M","M","R","E","R","T","E","M","E","T","E","R","B",null,"M","$","M","M","?","E"],"character_chosen":"THE_SILENT","items_purchased":["Ancient Tea Set","Iron Hammer","Toolbox","AT_WindFlip","Dota2Spire:HandOfMidas","TheAbacus","AT_Desolate"],"campfire_rested":0,"item_purchase_floors":[0,0,0,0,19,19,19],"current_hp_per_floor":[63,63,63,63,63,63,58,58,58,43,50,68,68,70,49,18,84,65,65,69,29,13,0,0],"gold":207,"neow_bonus":"","is_daily":false,"chose_seed":false,"campfire_upgraded":1,"win_rate":0.0,"timestamp":1610516860,"path_taken":["M","?","M","M","M","R","E","R","T","E","?","E","?","E","R","BOSS","M","$","M","M","?","E"],"items_purchased_type":["Relic","Relic","Relic","Card","Relic","Relic","Card"],"build_version":"2020-12-22","purchased_purges":2,"victory":false,"max_hp_per_floor":[70,70,70,70,70,70,70,70,70,70,70,84,84,84,84,84,84,84,84,84,84,84,84,84],"card_choices":[{"not_picked":["Acrobatics","All Out Attack"],"picked":"Blade Dance","floor":1.0},{"not_picked":["Heel Hook","Tactician"],"picked":"REME_ShadowStrike","floor":3.0},{"not_picked":["Blade Dance","Backflip"],"picked":"ReplayTheSpireMod:Scrap Shanks","floor":4.0},{"not_picked":["Dodge and Roll","Backflip","Finisher"],"picked":"SKIP","floor":5.0},{"not_picked":["Calculated Gamble","Slice","Deflect"],"picked":"SKIP","floor":7.0},{"not_picked":["Grand Finale","REME_GreenPollution"],"picked":"Cloak And Dagger","floor":10.0},{"not_picked":["Choke","AT_KneejerkReflex"],"picked":"AT_WindFlip","floor":11.0},{"not_picked":["Deflect","REME_CopyPotion"],"picked":"Underhanded Strike","floor":12.0},{"not_picked":["PiercingWail","Bouncing Flask","Tactician"],"picked":"SKIP","floor":14.0},{"not_picked":["ReplayTheSpireMod:The Works","Underhanded Strike"],"picked":"Reflex","floor":15.0},{"not_picked":["Unload","REME_CopyPotion"],"picked":"After Image","floor":16.0},{"not_picked":["Bane","Setup","Dagger Throw"],"picked":"SKIP","floor":18},{"not_picked":["Leg Sweep","Concentrate","Dagger Spray+1"],"picked":"SKIP","floor":20},{"not_picked":["Sucker Punch","Cloak And Dagger"],"picked":"AT_WindRun","floor":21}],"player_experience":65590,"relics_obtained":[{"floor":7.0,"key":"Whetstone"},{"floor":9.0,"key":"Bag of Preparation"},{"floor":10.0,"key":"AT_BellDemon"},{"floor":11.0,"key":"Snack Pack"},{"floor":12.0,"key":"Blue Doll"},{"floor":12.0,"key":"Mango"},{"floor":13.0,"key":"AT_DeathDance"},{"floor":14.0,"key":"Grinning Jar"},{"floor":15.0,"key":"Boot"},{"floor":16.0,"key":"Dota2Spire:BlackKingBar"},{"floor":18,"key":"Ninja Scroll"},{"floor":20,"key":"Pen Nib"},{"floor":21,"key":"ReplayTheSpireMod:Shallot"},{"floor":22,"key":"Enchiridion"}],"event_choices":[{"cards_removed":["Strike_G"],"damage_healed":0.0,"max_hp_gain":0.0,"max_hp_loss":0.0,"gold_gain":0.0,"event_name":"Bonfire Elementals","player_choice":"Offered Basic","floor":2.0,"gold_loss":0.0,"damage_taken":0.0},{"damage_healed":0,"gold_gain":0,"player_choice":"Obtained Book","damage_taken":16,"max_hp_gain":0,"max_hp_loss":0,"event_name":"Cursed Tome","floor":22,"gold_loss":0}],"is_beta":false,"boss_relics":[{"not_picked":["Velvet Choker","Runic Dome"],"picked":"Astrolabe"}],"items_purged_floors":[0,19],"is_endless":false,"potions_floor_spawned":[5,7,14,16,21],"killed_by":"Gremlin Leader","ascension_level":3}}