{"host":"on8rz1ayhhz269sg","time":1610529348,"event":{"mods":["BaseMod","Minty Spire (QoL Compilation)","StSLib","The Administrix","The Cursed","WarShipGirlsR/战舰少女R mod","残留之物"],"gold_per_floor":[116,131,306,323,323,323,223,31,56,56,77,100,120,120,120,241,241,261,261,261,286,385,409,16,16,42,56,56,56],"floor_reached":28,"language":"ZHS","playtime":3379,"items_purged":[],"score":260,"play_id":"fecd7445-7088-4ada-9978-42f4e60dd903","local_time":"20210113171548","is_ascension_mode":false,"campfire_choices":[{"data":"AdministrixMod:ShadowPlay","floor":6,"key":"SMITH"},{"floor":15,"key":"REST"},{"floor":25,"key":"REST"}],"circlet_count":0,"master_deck":["AdministrixMod:Strike_Administrix","AdministrixMod:Strike_Administrix","AdministrixMod:Strike_Administrix","AdministrixMod:Strike_Administrix","AdministrixMod:RedCloak","AdministrixMod:Defend_Administrix","AdministrixMod:Defend_Administrix","AdministrixMod:Defend_Administrix","AdministrixMod:Defend_Administrix","AdministrixMod:BlueCloak","AdministrixMod:ImmortalPurity","AdministrixMod:ImmortalGrace","AdministrixMod:ShadowPlay+1","Injury","AdministrixMod:Transition","AdministrixMod:Metempsychosis","AdministrixMod:SealAway","AdministrixMod:ArmillarySphere","AdministrixMod:DiversionaryTactic","AdministrixMod:Overdrive","AdministrixMod:ChooseYourEnd","AdministrixMod:ReachToHeaven","AdministrixMod:ShadowPlay","AdministrixMod:ChooseYourEnd","AdministrixMod:JustRewards","AdministrixMod:ImmortalPurity","AdministrixMod:WickedPunishment","AdministrixMod:HarmonicReverence","AdministrixMod:BrewingCloister+1","CurseOfTheBell","AdministrixMod:NoblePath+1","AdministrixMod:CastOffRegrets","AdministrixMod:LightOfYourLife+1","AdministrixMod:FeastOfDew","AdministrixMod:Convergence","AdministrixMod:CenturiesAscent","AdministrixMod:RegentEdict","AdministrixMod:FearOfDeath+1","AdministrixMod:NewWardrobe"],"relics":["AdministrixMod:ConductorRitualBaton","Golden Idol","Lee\u0027s Waffle","Anchor","Calling Bell","Dream Catcher","The Courier","Torii","AdministrixMod:GoldenChickadee","HandDrill","Nunchaku"],"acts_visited":["Exordium","TheCity"],"potions_floor_usage":[13,18,23,27],"damage_taken":[{"damage":0,"enemies":"2 Louse","floor":1,"turns":3},{"damage":1,"enemies":"Small Slimes","floor":2,"turns":3},{"damage":2,"enemies":"Cultist","floor":4,"turns":3},{"damage":7,"enemies":"Blue Slaver","floor":11,"turns":5},{"damage":0,"enemies":"Large Slime","floor":12,"turns":4},{"damage":0,"enemies":"Gremlin Gang","floor":13,"turns":1},{"damage":56,"enemies":"Hexaghost","floor":16,"turns":15},{"damage":10,"enemies":"Shell Parasite","floor":18,"turns":3},{"damage":26,"enemies":"Spheric Guardian","floor":21,"turns":4},{"damage":1,"enemies":"Cultist and Chosen","floor":23,"turns":9},{"damage":24,"enemies":"Sentry and Sphere","floor":27,"turns":10},{"damage":2,"enemies":"3 Cultists","floor":28,"turns":2}],"seed_played":"1349153166450697434","potions_obtained":[{"floor":2,"key":"Swift Potion"},{"floor":4,"key":"Dexterity Potion"},{"floor":11,"key":"SteroidPotion"},{"floor":23,"key":"Fruit Juice"}],"is_trial":false,"path_per_floor":["M","M","?","M","?","R","?","$","T","$","M","M","M","?","R","B",null,"M","?","?","M","?","M","$","R","T","M","M"],"character_chosen":"TheAdministrix","items_purchased":["Lee\u0027s Waffle","AdministrixMod:JustRewards","AdministrixMod:GoldenChickadee","AdministrixMod:Convergence","AdministrixMod:CenturiesAscent","HandDrill","AdministrixMod:RegentEdict"],"campfire_rested":2,"item_purchase_floors":[8,8,24,24,24,24,24],"current_hp_per_floor":[71,70,70,68,68,68,68,78,78,78,71,71,71,64,78,22,78,68,68,68,42,42,41,41,64,64,45,43,43],"gold":56,"neow_bonus":"TEN_PERCENT_HP_BONUS","is_daily":false,"chose_seed":false,"campfire_upgraded":1,"win_rate":0.0,"timestamp":1610529348,"path_taken":["M","M","?","M","?","R","?","$","T","$","M","M","M","?","R","BOSS","M","?","?","M","?","M","$","R","T","M","M"],"items_purchased_type":["Relic","Card","Relic","Card","Card","Relic","Card"],"build_version":"2020-12-22","purchased_purges":0,"victory":false,"max_hp_per_floor":[71,71,71,71,71,71,71,78,78,78,78,78,78,78,78,78,78,78,78,78,78,78,78,78,78,78,83,83,83],"card_choices":[{"not_picked":["AdministrixMod:ExtolVirtue","AdministrixMod:DreamsMausoleum"],"picked":"AdministrixMod:ImmortalPurity","floor":1},{"not_picked":["AdministrixMod:RegentEdict","AdministrixMod:BloodlessSapphire"],"picked":"AdministrixMod:ImmortalGrace","floor":2},{"not_picked":["AdministrixMod:SeventeenArticleLaser","AdministrixMod:ReachToHeaven"],"picked":"AdministrixMod:ShadowPlay","floor":4},{"not_picked":[],"picked":"AdministrixMod:Transition","floor":7},{"not_picked":[],"picked":"AdministrixMod:Metempsychosis","floor":7},{"not_picked":[],"picked":"AdministrixMod:SealAway","floor":7},{"not_picked":[],"picked":"AdministrixMod:ArmillarySphere","floor":7},{"not_picked":[],"picked":"AdministrixMod:DiversionaryTactic","floor":7},{"not_picked":[],"picked":"AdministrixMod:Overdrive","floor":7},{"not_picked":[],"picked":"AdministrixMod:ChooseYourEnd","floor":7},{"not_picked":[],"picked":"AdministrixMod:ReachToHeaven","floor":7},{"not_picked":[],"picked":"AdministrixMod:ShadowPlay","floor":7},{"not_picked":[],"picked":"AdministrixMod:ChooseYourEnd","floor":7},{"not_picked":["AdministrixMod:SealAway","AdministrixMod:ShadowPlay"],"picked":"AdministrixMod:ImmortalPurity","floor":11},{"not_picked":["AdministrixMod:LuminaryPath","AdministrixMod:GuanyinBlessing"],"picked":"AdministrixMod:WickedPunishment","floor":12},{"not_picked":["AdministrixMod:FuneraryRites","AdministrixMod:ImmortalGrace"],"picked":"AdministrixMod:HarmonicReverence","floor":13},{"not_picked":["AdministrixMod:FearOfDeath","AdministrixMod:GirlsDoItBetter"],"picked":"AdministrixMod:BrewingCloister","floor":16},{"not_picked":["AdministrixMod:CenturiesAscent","AdministrixMod:HarmonicReverence+1"],"picked":"AdministrixMod:NoblePath+1","floor":18},{"not_picked":["AdministrixMod:TrickOfTheLight+1","AdministrixMod:Overdrive+1"],"picked":"AdministrixMod:LightOfYourLife+1","floor":21},{"not_picked":["AdministrixMod:CenturiesAscent","AdministrixMod:SealAway+1"],"picked":"AdministrixMod:FeastOfDew","floor":23},{"not_picked":["AdministrixMod:Transition","AdministrixMod:SealAway"],"picked":"AdministrixMod:FearOfDeath","floor":25},{"not_picked":["AdministrixMod:PassageOfAges","AdministrixMod:NoblePath"],"picked":"AdministrixMod:NewWardrobe","floor":27}],"player_experience":154885,"relics_obtained":[{"floor":9,"key":"Anchor"},{"floor":17,"key":"Dream Catcher"},{"floor":17,"key":"The Courier"},{"floor":17,"key":"Torii"},{"floor":26,"key":"Nunchaku"}],"event_choices":[{"damage_healed":0,"gold_gain":175,"player_choice":"AGREE","damage_taken":0,"max_hp_gain":0,"max_hp_loss":0,"event_name":"Liars Game","floor":3,"gold_loss":0,"cards_obtained":["Doubt"]},{"damage_healed":0,"gold_gain":0,"player_choice":"Take Wound","damage_taken":0,"relics_obtained":["Golden Idol"],"max_hp_gain":0,"max_hp_loss":0,"event_name":"Golden Idol","floor":5,"gold_loss":0,"cards_obtained":["Injury"]},{"cards_removed":["Doubt"],"damage_healed":0,"gold_gain":0,"player_choice":"Card Removal","damage_taken":7,"max_hp_gain":0,"max_hp_loss":0,"event_name":"Golden Wing","floor":14,"gold_loss":0},{"damage_healed":0,"gold_gain":0,"player_choice":"Ignored","damage_taken":0,"max_hp_gain":0,"max_hp_loss":0,"event_name":"Cursed Tome","floor":19,"gold_loss":0},{"damage_healed":0,"gold_gain":0,"player_choice":"Read","damage_taken":0,"max_hp_gain":0,"max_hp_loss":0,"event_name":"The Library","floor":20,"gold_loss":0,"cards_obtained":["AdministrixMod:CastOffRegrets"]},{"damage_healed":0,"gold_gain":99,"player_choice":"Stole From Cult","damage_taken":0,"max_hp_gain":0,"max_hp_loss":0,"event_name":"Nest","floor":22,"gold_loss":0}],"is_beta":false,"boss_relics":[{"not_picked":["Sozu","Cursed Key"],"picked":"Calling Bell"}],"items_purged_floors":[],"is_endless":false,"potions_floor_spawned":[2,4,11,23],"killed_by":"3 Cultists","ascension_level":0}}