{"host":"jl3raagrljzztomj","time":1610545197,"event":{"mods":["Aspiration","BaseMod","BetterRewards","Colored Map","Colored Powertips","Custom Start","Hermit","Highlight Path","Minty Spire (QoL Compilation)","Permanent Neow","StSLib","The Runesmith"],"gold_per_floor":[110,130,150,165,165,165,175,204,257,257,273,548,548,558,558,661,661,681,681],"floor_reached":18,"language":"ENG","playtime":1302,"items_purged":[],"score":166,"play_id":"324e3e46-eedd-49f0-a695-0a33c03bca14","local_time":"20210113073957","is_ascension_mode":false,"campfire_choices":[{"data":"Runesmith:ArcReactor","floor":6,"key":"SMITH"},{"floor":10,"key":"REST"},{"floor":13,"key":"REST"},{"floor":15,"key":"REST"}],"circlet_count":0,"master_deck":["Runesmith:Strike_RS","Runesmith:Strike_RS","Runesmith:Strike_RS","Runesmith:Strike_RS","Runesmith:Defend_RS","Runesmith:Defend_RS","Runesmith:Defend_RS","Runesmith:Defend_RS","Runesmith:CraftFirestone","Runesmith:Fortify+1","Runesmith:UnstableHammer","Runesmith:ChiselStab","Runesmith:ArcReactor+1","Runesmith:Empowerment","Runesmith:Repurpose","Regret","Runesmith:Grindstone","Runesmith:FieryHammer"],"relics":["Runesmith:CoreCrystal","Nunchaku","Runesmith:MiniCore"],"acts_visited":["Exordium","TheCity"],"potions_floor_usage":[],"damage_taken":[{"damage":0,"enemies":"Cultist","floor":1,"turns":4},{"damage":0,"enemies":"2 Louse","floor":2,"turns":2},{"damage":0,"enemies":"Small Slimes","floor":3,"turns":3},{"damage":28,"enemies":"Gremlin Gang","floor":4,"turns":5},{"damage":12,"enemies":"Exordium Thugs","floor":7,"turns":4},{"damage":26,"enemies":"Lagavulin","floor":8,"turns":5},{"damage":4,"enemies":"3 Louse","floor":11,"turns":3},{"damage":18,"enemies":"Gremlin Gang","floor":14,"turns":5},{"damage":40,"enemies":"Hexaghost","floor":16,"turns":11},{"damage":36,"enemies":"Shell Parasite","floor":18,"turns":8}],"seed_played":"-8275411844918802369","potions_obtained":[{"floor":1,"key":"SteroidPotion"},{"floor":2,"key":"Energy Potion"},{"floor":8,"key":"Dexterity Potion"}],"is_trial":false,"path_per_floor":["M","M","M","M","?","R","M","E","T","R","M","?","R","M","R","B",null,"M"],"character_chosen":"RUNESMITH_CLASS","items_purchased":[],"campfire_rested":3,"item_purchase_floors":[],"current_hp_per_floor":[70,70,70,42,42,42,30,4,4,25,21,21,42,24,45,5,70,34,34],"gold":681,"neow_bonus":"UPGRADE_CARD","is_daily":false,"chose_seed":false,"campfire_upgraded":1,"win_rate":0.0,"timestamp":1610545197,"path_taken":["M","M","?","M","?","R","M","E","T","R","?","?","R","M","R","BOSS","M"],"items_purchased_type":[],"build_version":"2020-12-22","purchased_purges":0,"victory":false,"max_hp_per_floor":[70,70,70,70,70,70,70,70,70,70,70,70,70,70,70,70,70,70,70],"card_choices":[{"not_picked":["Runesmith:FieryHammer","Runesmith:Refine"],"picked":"Runesmith:UnstableHammer","floor":1},{"not_picked":["Runesmith:CraftMagma","Runesmith:HeatedChisel"],"picked":"Runesmith:ChiselStab","floor":2},{"not_picked":["Runesmith:CraftVitae","Runesmith:EarthShield"],"picked":"Runesmith:ArcReactor","floor":3},{"not_picked":["Runesmith:Permafrost","Runesmith:CraftObretio","Runesmith:Overpower"],"picked":"SKIP","floor":4},{"not_picked":["Runesmith:EarthShield","Runesmith:CraftReservo"],"picked":"Runesmith:Empowerment","floor":7},{"not_picked":["Runesmith:Refine","Runesmith:Electrocute","Runesmith:CraftReservo"],"picked":"SKIP","floor":8},{"not_picked":["Runesmith:StaticCage","Runesmith:NegativeSpace"],"picked":"Runesmith:Repurpose","floor":11},{"not_picked":["Runesmith:Repurpose","Runesmith:CraftProtectio"],"picked":"Runesmith:Grindstone","floor":14},{"not_picked":["Runesmith:StaticCage+1","Runesmith:ShiftingStrike"],"picked":"Runesmith:FieryHammer","floor":18}],"player_experience":935792,"relics_obtained":[{"floor":8,"key":"Nunchaku"},{"floor":9,"key":"Runesmith:MiniCore"}],"event_choices":[{"damage_healed":0,"gold_gain":0,"player_choice":"Ignored","damage_taken":0,"max_hp_gain":0,"max_hp_loss":0,"event_name":"NoteForYourself","floor":5,"gold_loss":0},{"damage_healed":0,"gold_gain":275,"player_choice":"Desecrate","damage_taken":0,"max_hp_gain":0,"max_hp_loss":0,"event_name":"Golden Shrine","floor":12,"gold_loss":0,"cards_obtained":["Regret"]}],"is_beta":false,"boss_relics":[{"not_picked":["SacredBark","Philosopher\u0027s Stone"],"picked":"Runesmith:CoreCrystal"}],"items_purged_floors":[],"is_endless":false,"potions_floor_spawned":[1,2,8,18],"killed_by":"Shell Parasite","ascension_level":0}}