{"host":"sav7uxregyirlf69","time":1610555872,"event":{"mods":["AchievementEnabler","BaseMod","Colored Map","DeckTracker","Keyboard Shortcuts","Minty Spire (QoL Compilation)","READ ME - Guardian Mod","StSLib","SuperFastMode"],"gold_per_floor":[363,438,28,45,60,60,60,77,77,77,77,97,97,136,136,232,232,257,257,207,22,42,42,42,42],"floor_reached":24,"language":"KOR","playtime":611,"items_purged":["Defend_B"],"score":438,"play_id":"198220a3-efa5-4cc1-9e32-50ed5fde5959","local_time":"20210114013752","is_ascension_mode":true,"campfire_choices":[{"data":"Self Repair","floor":6,"key":"SMITH"},{"data":"Zap","floor":13,"key":"SMITH"},{"data":"Sweeping Beam","floor":15,"key":"SMITH"},{"floor":23,"key":"RECALL"}],"circlet_count":0,"master_deck":["AscendersBane","Defend_B+1","Defend_B","Defend_B","Zap+1","Dualcast+1","Rip and Tear","Sweeping Beam+1","Self Repair+1","Glacier","Cold Snap","Meteor Strike","Auto Shields+1","Seek+1","Consume+1","Chaos+1"],"relics":["Cracked Core","FossilizedHelix","Golden Idol","Boot","Torii","Astrolabe"],"acts_visited":["Exordium","TheCity"],"potions_floor_usage":[14,18,22],"damage_taken":[{"damage":14,"enemies":"Jaw Worm","floor":1,"turns":4},{"damage":0,"enemies":"2 Louse","floor":4,"turns":3},{"damage":8,"enemies":"Small Slimes","floor":5,"turns":3},{"damage":0,"enemies":"Exordium Thugs","floor":8,"turns":4},{"damage":0,"enemies":"Looter","floor":12,"turns":4},{"damage":0,"enemies":"Lagavulin","floor":14,"turns":6},{"damage":30,"enemies":"Slime Boss","floor":16,"turns":11},{"damage":0,"enemies":"3 Byrds","floor":18,"turns":5},{"damage":0,"enemies":"Chosen","floor":22,"turns":5},{"damage":16,"enemies":"Centurion and Healer","floor":24,"turns":18}],"seed_played":"-2765191551726759016","potions_obtained":[{"floor":1,"key":"SteroidPotion"},{"floor":22,"key":"Fire Potion"}],"is_trial":false,"path_per_floor":["M","?","$","M","M","R","?","M","T","?","T","M","R","E","R","B",null,"M","?","?","$","M","R","M"],"character_chosen":"DEFECT","items_purchased":["FossilizedHelix","Sweeping Beam","Explosive Potion","Block Potion","SkillPotion"],"campfire_rested":0,"item_purchase_floors":[3,3,3,21,21],"current_hp_per_floor":[50,39,39,39,38,38,31,41,41,41,41,51,51,58,58,38,53,58,58,58,58,58,58,42,42],"gold":42,"neow_bonus":"TWO_FIFTY_GOLD","is_daily":false,"chose_seed":false,"campfire_upgraded":3,"win_rate":0.0,"timestamp":1610555872,"path_taken":["M","?","$","M","M","R","?","M","T","?","?","M","R","E","R","BOSS","M","?","?","$","M","R","?"],"items_purchased_type":["Relic","Card","Potion","Potion","Potion"],"build_version":"2020-12-22","purchased_purges":1,"victory":false,"max_hp_per_floor":[64,64,64,64,64,64,64,64,64,58,58,58,58,58,58,58,58,58,58,58,58,58,58,58,58],"card_choices":[{"not_picked":["Coolheaded","Gash"],"picked":"Rip and Tear","floor":1},{"not_picked":["Stack","Hologram"],"picked":"Self Repair","floor":4},{"not_picked":["Undo","Beam Cell"],"picked":"Glacier","floor":5},{"not_picked":["Reprogram","White Noise","Heatsinks"],"picked":"SKIP","floor":8},{"not_picked":["Redo","Leap","Turbo"],"picked":"SKIP","floor":12},{"not_picked":["Gash","Coolheaded"],"picked":"Cold Snap","floor":14},{"not_picked":["All For One","Hyperbeam"],"picked":"Meteor Strike","floor":16},{"not_picked":["White Noise","Steam Power","Barrage+1"],"picked":"SKIP","floor":18},{"not_picked":["Streamline","Rebound"],"picked":"Chaos+1","floor":22}],"player_experience":1276644,"relics_obtained":[{"floor":11,"key":"Boot"},{"floor":14,"key":"Torii"}],"event_choices":[{"damage_healed":0,"gold_gain":75,"player_choice":"Gather Gold","damage_taken":11,"max_hp_gain":0,"max_hp_loss":0,"event_name":"World of Goop","floor":2,"gold_loss":0},{"cards_removed":["Strike_B"],"damage_healed":0,"gold_gain":0,"player_choice":"Card Removal","damage_taken":7,"max_hp_gain":0,"max_hp_loss":0,"event_name":"Golden Wing","floor":7,"gold_loss":0},{"damage_healed":0,"gold_gain":0,"player_choice":"Lose Max HP","damage_taken":0,"relics_obtained":["Golden Idol"],"max_hp_gain":0,"max_hp_loss":6,"event_name":"Golden Idol","floor":10,"gold_loss":0},{"damage_healed":0,"gold_gain":0,"player_choice":"Ignored","damage_taken":0,"max_hp_gain":0,"max_hp_loss":0,"event_name":"The Mausoleum","floor":19,"gold_loss":0},{"damage_healed":0,"gold_gain":0,"player_choice":"Upgraded Two","damage_taken":0,"max_hp_gain":0,"max_hp_loss":0,"event_name":"Designer","floor":20,"gold_loss":50,"cards_upgraded":["Defend_B","Dualcast"]}],"is_beta":false,"boss_relics":[{"not_picked":["Pandora\u0027s Box","Ectoplasm"],"picked":"Astrolabe"}],"items_purged_floors":[21],"is_endless":false,"potions_floor_spawned":[1,4,22],"killed_by":"Centurion and Healer","ascension_level":20}}