{"host":"jegehu1t82aiec5j","time":1610564296,"event":{"mods":["BaseMod","Colored Map","Minty Spire (QoL Compilation)","Relic Stats","StSLib"],"gold_per_floor":[119,139,139,157,157,182,4,29,111,31,31,56,86,161,161,264,264,281,301,400,420,436,462,43,43,70,96,96,96,130,144,144,240,240,260,360,376,213,213,213,244,244,267,299,317,317,122,141,141,141],"floor_reached":51,"language":"ENG","playtime":2096,"items_purged":["Strike_P","Strike_P","Strike_P","Defend_P"],"score":1165,"play_id":"4f11a2fd-a71d-4fc0-809c-58bbc8945e0e","local_time":"20210113135816","is_ascension_mode":true,"campfire_choices":[{"floor":11,"key":"REST"},{"data":"Vigilance","floor":15,"key":"SMITH"},{"floor":25,"key":"REST"},{"floor":28,"key":"REST"},{"data":"Fasting2","floor":32,"key":"SMITH"},{"data":"Adaptation","floor":40,"key":"SMITH"},{"data":"TalkToTheHand","floor":42,"key":"SMITH"},{"data":"Ghostly","floor":46,"key":"SMITH"},{"floor":49,"key":"REST"}],"circlet_count":0,"master_deck":["Strike_P+1","Defend_P","Defend_P","Defend_P","Eruption+1","Vigilance+1","DeceiveReality","FlyingSleeves","Prostrate","ReachHeaven","ThirdEye","EmptyFist","CutThroughFate","BattleHymn","Sanctity","Halt","Scrawl","SandsOfTime+1","TalkToTheHand+1","TalkToTheHand+1","Fasting2+1","InnerPeace","Protect","Adaptation+1","Ghostly+1","Ghostly","Ghostly","Ghostly","Ghostly","ThirdEye","Ragnarok","WaveOfTheHand+1","Evaluate+1","Wallop","ClearTheMind+1","Prostrate+1","EmptyBody"],"relics":["PureWater","WarpedTongs","Incense Burner","Strawberry","Mercury Hourglass","Odd Mushroom","WingedGreaves","Philosopher\u0027s Stone","Whetstone","Lantern","Bag of Marbles","Bronze Scales","TungstenRod","SlaversCollar","White Beast Statue","Damaru","Art of War"],"acts_visited":["Exordium","TheCity","TheBeyond"],"potions_floor_usage":[16,23,33,33,35,35,35,50],"damage_taken":[{"damage":0,"enemies":"2 Louse","floor":1,"turns":4},{"damage":4,"enemies":"Small Slimes","floor":2,"turns":4},{"damage":7,"enemies":"Jaw Worm","floor":4,"turns":4},{"damage":36,"enemies":"3 Sentries","floor":6,"turns":10},{"damage":11,"enemies":"Gremlin Nob","floor":8,"turns":3},{"damage":0,"enemies":"The Mushroom Lair","floor":12,"turns":3},{"damage":5,"enemies":"3 Sentries","floor":13,"turns":4},{"damage":0,"enemies":"The Guardian","floor":16,"turns":9},{"damage":23,"enemies":"2 Thieves","floor":18,"turns":4},{"damage":8,"enemies":"3 Byrds","floor":19,"turns":5},{"damage":0,"enemies":"Centurion and Healer","floor":21,"turns":6},{"damage":1,"enemies":"Snake Plant","floor":22,"turns":4},{"damage":22,"enemies":"Book of Stabbing","floor":23,"turns":7},{"damage":17,"enemies":"Slavers","floor":27,"turns":6},{"damage":0,"enemies":"Gremlin Leader","floor":30,"turns":4},{"damage":0,"enemies":"3 Cultists","floor":31,"turns":5},{"damage":0,"enemies":"Collector","floor":33,"turns":8},{"damage":7,"enemies":"3 Darklings","floor":35,"turns":4},{"damage":0,"enemies":"Orb Walker","floor":37,"turns":4},{"damage":0,"enemies":"Nemesis","floor":41,"turns":5},{"damage":0,"enemies":"Reptomancer","floor":44,"turns":4},{"damage":0,"enemies":"4 Shapes","floor":45,"turns":6},{"damage":0,"enemies":"3 Darklings","floor":48,"turns":5},{"damage":6,"enemies":"Awakened One","floor":50,"turns":12}],"seed_played":"-6523435988206689718","potions_obtained":[{"floor":2,"key":"BottledMiracle"},{"floor":6,"key":"EntropicBrew"},{"floor":12,"key":"PowerPotion"},{"floor":18,"key":"Swift Potion"},{"floor":23,"key":"GamblersBrew"},{"floor":31,"key":"DistilledChaos"},{"floor":33,"key":"Energy Potion"},{"floor":39,"key":"FairyPotion"},{"floor":39,"key":"Block Potion"},{"floor":41,"key":"PowerPotion"}],"is_trial":false,"path_per_floor":["M","M","?","M","?","E","$","E","T","$","R","?","E","?","R","B",null,"M","M","?","M","M","E","$","R","T","E","R","?","E","M","R","B",null,"M","?","M","$","?","R","E","R","T","E","M","R","$","M","R","B",null],"character_chosen":"WATCHER","items_purchased":["ThirdEye","EmptyFist","BattleHymn","Lantern","Fasting2","InnerPeace","Protect","Wallop","EmptyBody"],"campfire_rested":4,"item_purchase_floors":[7,7,10,24,24,24,24,38,47],"current_hp_per_floor":[72,68,73,66,66,30,30,26,26,26,51,51,46,35,35,35,84,61,53,53,53,52,30,30,55,55,38,63,42,42,42,42,42,42,35,35,35,35,35,35,35,35,35,35,35,35,35,35,42,36],"gold":141,"neow_bonus":"UPGRADE_CARD","is_daily":false,"chose_seed":false,"campfire_upgraded":5,"win_rate":0.0,"timestamp":1610564296,"path_taken":["M","M","?","M","?","E","?","E","T","$","R","?","E","?","R","BOSS","M","M","?","M","M","E","$","R","T","E","R","?","E","M","R","BOSS","M","?","?","$","?","R","E","R","T","E","?","R","$","M","R","BOSS"],"items_purchased_type":["Card","Card","Card","Relic","Card","Card","Card","Card","Card"],"build_version":"2020-12-22","purchased_purges":4,"victory":true,"max_hp_per_floor":[72,72,77,77,77,77,77,84,84,84,84,84,84,84,84,84,84,84,84,84,84,84,84,84,84,84,84,84,42,42,42,42,42,42,42,42,42,42,42,42,42,42,42,42,42,42,42,42,42,42],"relic_stats":{"counters":[24,128],"Bronze Scales":[207],"Art of War":[2],"Whetstone":["SandsOfTime","Strike_P"],"obtain_stats":[{"Lantern":24,"Damaru":43,"Incense Burner":6,"Whetstone":23,"Odd Mushroom":12,"White Beast Statue":41,"WarpedTongs":0,"Mercury Hourglass":9,"SlaversCollar":34,"Strawberry":8,"Bronze Scales":27,"Philosopher\u0027s Stone":17,"WingedGreaves":13,"Bag of Marbles":26,"Art of War":44,"PureWater":0,"TungstenRod":30},{"Lantern":13,"Damaru":20,"Incense Burner":4,"Whetstone":13,"Odd Mushroom":6,"White Beast Statue":20,"WarpedTongs":0,"Mercury Hourglass":5,"SlaversCollar":17,"Strawberry":5,"Bronze Scales":14,"Philosopher\u0027s Stone":8,"WingedGreaves":7,"Bag of Marbles":13,"Art of War":21,"PureWater":0,"TungstenRod":15},{"Lantern":66,"Damaru":102,"Incense Burner":22,"Whetstone":66,"Odd Mushroom":27,"White Beast Statue":102,"WarpedTongs":0,"Mercury Hourglass":25,"SlaversCollar":89,"Strawberry":25,"Bronze Scales":72,"Philosopher\u0027s Stone":40,"WingedGreaves":31,"Bag of Marbles":66,"Art of War":106,"PureWater":0,"TungstenRod":76}],"TungstenRod":6,"WarpedTongs":[128],"Mercury Hourglass":[534]},"card_choices":[{"not_picked":["Protect","Collect"],"picked":"DeceiveReality","floor":1},{"not_picked":["LikeWater","Swivel"],"picked":"FlyingSleeves","floor":2},{"not_picked":["ForeignInfluence","Vengeance"],"picked":"Prostrate","floor":4},{"not_picked":["Evaluate","EmptyFist"],"picked":"ReachHeaven","floor":6},{"not_picked":["Protect","Prostrate"],"picked":"CutThroughFate","floor":8},{"not_picked":["Crescendo","Collect"],"picked":"Sanctity","floor":12},{"not_picked":["EmptyBody","Pray"],"picked":"Halt","floor":13},{"not_picked":["Blasphemy","DeusExMachina"],"picked":"Scrawl","floor":16},{"not_picked":["JustLucky+1","MentalFortress"],"picked":"SandsOfTime","floor":18},{"not_picked":["BowlingBash","Consecrate+1","FlurryOfBlows"],"picked":"SKIP","floor":19},{"not_picked":["SashWhip","Fasting2+1"],"picked":"TalkToTheHand+1","floor":21},{"not_picked":["Prostrate","FlurryOfBlows"],"picked":"TalkToTheHand","floor":22},{"not_picked":["FollowUp","Indignation","EmptyFist"],"picked":"SKIP","floor":23},{"not_picked":["Omniscience","Worship"],"picked":"Adaptation","floor":27},{"not_picked":["Crescendo+1","Consecrate"],"picked":"ThirdEye","floor":30},{"not_picked":["Vengeance","SandsOfTime","CrushJoints"],"picked":"SKIP","floor":31},{"not_picked":["DeusExMachina","SpiritShield"],"picked":"Ragnarok","floor":33},{"not_picked":["WindmillStrike+1","JustLucky"],"picked":"WaveOfTheHand+1","floor":35},{"not_picked":["JustLucky","FlyingSleeves"],"picked":"Evaluate+1","floor":37},{"not_picked":["Perseverance+1","FlyingSleeves"],"picked":"ClearTheMind+1","floor":41},{"not_picked":["InnerPeace+1","BattleHymn","FlyingSleeves+1"],"picked":"SKIP","floor":44},{"not_picked":["Pray+1","Adaptation+1"],"picked":"Prostrate+1","floor":45},{"not_picked":["Blasphemy","PathToVictory+1","Consecrate+1"],"picked":"SKIP","floor":48}],"player_experience":2537937,"relics_obtained":[{"floor":6,"key":"Incense Burner"},{"floor":8,"key":"Strawberry"},{"floor":9,"key":"Mercury Hourglass"},{"floor":12,"key":"Odd Mushroom"},{"floor":13,"key":"WingedGreaves"},{"floor":23,"key":"Whetstone"},{"floor":26,"key":"Bag of Marbles"},{"floor":27,"key":"Bronze Scales"},{"floor":30,"key":"TungstenRod"},{"floor":41,"key":"White Beast Statue"},{"floor":43,"key":"Damaru"},{"floor":44,"key":"Art of War"}],"event_choices":[{"damage_healed":0,"gold_gain":0,"player_choice":"Donut","damage_taken":0,"max_hp_gain":5,"max_hp_loss":0,"event_name":"Big Fish","floor":3,"gold_loss":0},{"damage_healed":0,"gold_gain":0,"player_choice":"Ignored","damage_taken":0,"max_hp_gain":0,"max_hp_loss":0,"event_name":"Liars Game","floor":5,"gold_loss":0},{"damage_healed":0,"gold_gain":0,"player_choice":"Fought Mushrooms","damage_taken":0,"max_hp_gain":0,"max_hp_loss":0,"event_name":"Mushrooms","floor":12,"gold_loss":0},{"damage_healed":0,"gold_gain":75,"player_choice":"Gather Gold","damage_taken":11,"max_hp_gain":0,"max_hp_loss":0,"event_name":"World of Goop","floor":14,"gold_loss":0},{"damage_healed":0,"gold_gain":99,"player_choice":"Stole From Cult","damage_taken":0,"max_hp_gain":0,"max_hp_loss":0,"event_name":"Nest","floor":20,"gold_loss":0},{"damage_healed":0,"gold_gain":0,"player_choice":"Became a Ghost","damage_taken":0,"max_hp_gain":0,"max_hp_loss":42,"event_name":"Ghosts","floor":29,"gold_loss":0,"cards_obtained":["Ghostly","Ghostly","Ghostly","Ghostly","Ghostly"]},{"damage_healed":0,"gold_gain":100,"player_choice":"Pray","damage_taken":0,"max_hp_gain":0,"max_hp_loss":0,"event_name":"Golden Shrine","floor":36,"gold_loss":0},{"damage_healed":0,"gold_gain":0,"player_choice":"Got Potions","damage_taken":0,"max_hp_gain":0,"max_hp_loss":0,"event_name":"Lab","floor":39,"gold_loss":0}],"is_beta":false,"boss_relics":[{"not_picked":["Tiny House","SacredBark"],"picked":"Philosopher\u0027s Stone"},{"not_picked":["Empty Cage","Sozu"],"picked":"SlaversCollar"}],"items_purged_floors":[7,24,38,47],"is_endless":false,"potions_floor_spawned":[2,6,12,18,23,30,31,33,41,44,45,48],"ascension_level":3}}