{"host":"lzzv50t0ea3gz1kk","time":1610524551,"event":{"mods":["Act Like it!","BaseMod","Downfall","Gensokyo","Hallownest","Hermit","Marisa£®ÏF”Í°°ƒß¿Ì…≥£©","Minty Spire (QoL Compilation)","Replay The Spire","StSLib","The Animator","The Bug Knight","The Marked"],"gold_per_floor":[109,109,121,121,141,173,187,112,137,154,194,0,199,212,212,212,212],"floor_reached":16,"language":"ZHS","playtime":1044,"items_purged":[],"score":102,"play_id":"b6d0beba-6d6f-40f4-8c2a-0c9d493bce79","local_time":"20210113155551","is_ascension_mode":false,"campfire_choices":[{"floor":15,"key":"REST"}],"circlet_count":0,"master_deck":["Strike_R","Strike_R","Strike_R","Strike_R","Strike_R","Defend_R","Defend_R","Defend_R","Defend_R","Bash","Heavy Blade","ReplayTheSpireMod:Stacked","Run Through","Intimidate","Reaper","Rupture","Inflame"],"relics":["Burning Blood","Hallownest:DreamNailRelic","Tiny Chest","Hallownest:BankAccountRelic","Bag of Marbles","Juzu Bracelet"],"acts_visited":["Hallownest:Greenpath"],"potions_floor_usage":[6],"damage_taken":[{"damage":0,"enemies":"2_ Uuma","floor":1,"turns":6},{"damage":0,"enemies":"Hallownest:monsterHuskWarrior","floor":3,"turns":4},{"damage":1,"enemies":"Hallownest:2_MossCreeps","floor":5,"turns":5},{"damage":31,"enemies":"Hallownest:eliteVengeflyKing","floor":6,"turns":8},{"damage":3,"enemies":"Hallownest:Wandering_and_Horned","floor":7,"turns":7},{"damage":3,"enemies":"Hallownest:monsterFoolEater","floor":10,"turns":3},{"damage":18,"enemies":"Hallownest:MossCreep_and_Mosskin","floor":14,"turns":6},{"damage":70,"enemies":"Hallownest:BossFalseKnight","floor":16,"turns":13}],"seed_played":"526414370960849506","potions_obtained":[{"floor":5,"key":"FearPotion"},{"floor":7,"key":"Explosive Potion"},{"floor":14,"key":"Toxic Potion"}],"is_trial":false,"path_per_floor":["M","$","M","?","M","E","M","?","T","M","$","$","?","M","R","B"],"character_chosen":"IRONCLAD","items_purchased":["Juzu Bracelet","Inflame"],"campfire_rested":1,"item_purchase_floors":[12,12],"current_hp_per_floor":[88,88,88,88,88,63,66,66,66,69,69,69,34,34,60,0,0],"gold":212,"neow_bonus":"TEN_PERCENT_HP_BONUS","is_daily":false,"chose_seed":false,"campfire_upgraded":0,"win_rate":0.0,"timestamp":1610524551,"path_taken":["M","$","M","?","?","E","M","?","T","M","?","$","?","M","R","BOSS"],"items_purchased_type":["Relic","Card"],"build_version":"2020-12-22","purchased_purges":0,"victory":false,"max_hp_per_floor":[88,88,88,88,88,88,88,88,88,88,88,88,88,88,88,88,88],"card_choices":[{"not_picked":["Run Through","Clothesline"],"picked":"Heavy Blade","floor":1},{"not_picked":["Anger","Sword Boomerang"],"picked":"ReplayTheSpireMod:Stacked","floor":3},{"not_picked":["Carnage","Defy Death"],"picked":"Run Through","floor":5},{"not_picked":["Body Slam","Havoc"],"picked":"Intimidate","floor":6},{"not_picked":["Searing Blow","Anger"],"picked":"Reaper","floor":7},{"not_picked":["ReplayTheSpireMod:Strike From Hell","ReplayTheSpireMod:Corrosion Curse"],"picked":"Rupture","floor":10},{"not_picked":["Thunderclap","Headbutt","Perfected Strike"],"picked":"SKIP","floor":14}],"player_experience":410764,"relics_obtained":[{"floor":6,"key":"Tiny Chest"},{"floor":9,"key":"Bag of Marbles"}],"event_choices":[],"is_beta":false,"boss_relics":[],"items_purged_floors":[],"is_endless":false,"potions_floor_spawned":[5,7,14],"killed_by":"Hallownest:BossFalseKnight","ascension_level":0}}