{"host":"c3lc60y5x60jlt1y","time":1610555138,"event":{"mods":["AchievementEnabler","BaseMod","Bestiary","Colored Map","Minty Spire (QoL Compilation)","Quick Restart","StSLib","ojb\u0027s Info Mod"],"gold_per_floor":[114,114,114,189,189,201,245,257,269,301,313,1,30,42,42,145,145,158,158,176,176,176,176],"floor_reached":22,"playtime":1895,"items_purged":[],"score":269,"play_id":"9800ac22-6cfc-48ed-8850-ec15a262a8ce","local_time":"20210113182538","is_ascension_mode":true,"campfire_choices":[{"data":"Dualcast","floor":6,"key":"SMITH"},{"data":"Electrodynamics","floor":8,"key":"SMITH"},{"data":"Glacier","floor":11,"key":"SMITH"},{"data":"Creative AI","floor":15,"key":"SMITH"}],"circlet_count":0,"master_deck":["Strike_B","Strike_B","Strike_B","Defend_B","Defend_B+1","Defend_B","Defend_B","Zap+1","Dualcast+1","Leap","Glacier+1","Regret","Electrodynamics+1","Static Discharge+1","Creative AI+1","Consume","Thunder Strike+1","Chill","RitualDagger+1","Auto Shields"],"relics":["Cracked Core","NeowsBlessing","MawBank","Nunchaku","Letter Opener","Molten Egg 2","Question Card","Inserter"],"acts_visited":["Exordium","TheCity"],"potions_floor_usage":[16,18],"damage_taken":[{"damage":0,"enemies":"2 Louse","floor":1,"turns":1},{"damage":0,"enemies":"Gremlin Nob","floor":7,"turns":1},{"damage":0,"enemies":"Small Slimes","floor":10,"turns":1},{"damage":17,"enemies":"Lagavulin","floor":13,"turns":8},{"damage":4,"enemies":"Jaw Worm","floor":14,"turns":3},{"damage":15,"enemies":"Slime Boss","floor":16,"turns":6},{"damage":40,"enemies":"Chosen","floor":18,"turns":5},{"damage":8,"enemies":"Shell Parasite","floor":20,"turns":8},{"damage":9,"enemies":"Shelled Parasite and Fungi","floor":22,"turns":1}],"seed_played":"-6377525002812842804","potions_obtained":[{"floor":7,"key":"Weak Potion"},{"floor":10,"key":"PowerPotion"},{"floor":16,"key":"BlessingOfTheForge"},{"floor":18,"key":"CultistPotion"}],"is_trial":false,"path_per_floor":["M","?","?","?","?","R","E","R","T","M","R","$","E","M","R","B",null,"M","?","M","?","M"],"character_chosen":"DEFECT","items_purchased":["Molten Egg 2","Static Discharge"],"campfire_rested":0,"item_purchase_floors":[12,12],"current_hp_per_floor":[75,60,60,49,49,49,49,49,49,49,49,49,32,28,28,13,60,20,14,6,6,0,0],"gold":176,"neow_bonus":"THREE_ENEMY_KILL","is_daily":false,"chose_seed":false,"campfire_upgraded":4,"win_rate":0.0,"timestamp":1610555138,"path_taken":["M","?","?","?","?","R","E","R","T","M","R","?","E","M","R","BOSS","M","?","M","?","?"],"items_purchased_type":["Relic","Card"],"build_version":"2020-12-22","purchased_purges":0,"victory":false,"max_hp_per_floor":[75,75,75,75,75,75,75,75,75,75,75,75,75,75,75,75,75,75,75,75,75,75,75],"card_choices":[{"not_picked":["Gash","Stack"],"picked":"Leap","floor":1},{"not_picked":["Streamline","Sweeping Beam"],"picked":"Electrodynamics","floor":7},{"not_picked":["Compile Driver","Double Energy","Sweeping Beam"],"picked":"SKIP","floor":10},{"not_picked":["Stack","White Noise"],"picked":"Creative AI","floor":13},{"not_picked":["Stack","Coolheaded","Steam"],"picked":"Consume","floor":14},{"not_picked":["Electrodynamics","Biased Cognition","Amplify"],"picked":"Thunder Strike+1","floor":16},{"not_picked":["Stack","Melter+1","Conserve Battery"],"picked":"Chill","floor":18},{"not_picked":["Cold Snap+1","Hologram+1","Go for the Eyes+1"],"picked":"Auto Shields","floor":20}],"player_experience":8022171,"relics_obtained":[{"floor":7,"key":"Nunchaku"},{"floor":9,"key":"Letter Opener"},{"floor":13,"key":"Question Card"}],"event_choices":[{"damage_healed":0,"gold_gain":0,"player_choice":"Entered Light","damage_taken":15,"max_hp_gain":0,"max_hp_loss":0,"event_name":"Shining Light","floor":2,"gold_loss":0,"cards_upgraded":["Defend_B","Zap"]},{"damage_healed":0,"gold_gain":0,"cards_transformed":["Strike_B"],"player_choice":"Change","damage_taken":0,"max_hp_gain":0,"max_hp_loss":0,"event_name":"Living Wall","floor":3,"gold_loss":0,"cards_obtained":["Glacier"]},{"damage_healed":0,"gold_gain":75,"player_choice":"Gather Gold","damage_taken":11,"max_hp_gain":0,"max_hp_loss":0,"event_name":"World of Goop","floor":4,"gold_loss":0},{"damage_healed":0,"gold_gain":0,"player_choice":"Box","damage_taken":0,"relics_obtained":["MawBank"],"max_hp_gain":0,"max_hp_loss":0,"event_name":"Big Fish","floor":5,"gold_loss":0,"cards_obtained":["Regret"]},{"damage_healed":0,"gold_gain":0,"player_choice":"Joined the Cult","damage_taken":6,"max_hp_gain":0,"max_hp_loss":0,"event_name":"Nest","floor":19,"gold_loss":0,"cards_obtained":["RitualDagger"]},{"damage_healed":0,"gold_gain":0,"player_choice":"Upgraded","damage_taken":0,"max_hp_gain":0,"max_hp_loss":0,"event_name":"Upgrade Shrine","floor":21,"gold_loss":0,"cards_upgraded":["Static Discharge"]}],"is_beta":false,"boss_relics":[{"not_picked":["Ectoplasm","Astrolabe"],"picked":"Inserter"}],"items_purged_floors":[],"is_endless":false,"potions_floor_spawned":[7,10,16,18],"killed_by":"Shelled Parasite and Fungi","ascension_level":5}}