{"host":"4ek4eq5z32z3zgvw","time":1610580005,"event":{"mods":["2.2 Compatiblity","AchievementEnabler","Act Like it!","AlwaysNeverKeys","Aspiration","BaseMod","Better Match","Better Note","Better Sensory Stone","Better Third Choice","BetterRewards","Block Reminder","Colored Map","Colored Powertips","DeckTracker","Defuse TimeMaze Blight","Downfall","Energized Spire","Halation","Hubris","Infinite Spire","Minty Spire (QoL Compilation)","Permanent Neow","Quick Restart","Rare Cards Sparkle","Relic Filter","Relic Sorter","Replay The Spire","Shop Mod","Spikes Relics","StSLib","SuperFastMode","Synergy Search","Unceasing Turn Reminder","UnlockEverythingMod","egg","vexMod"],"gold_per_floor":[117,117,135,145,159,159,159,159],"floor_reached":7,"language":"ENG","playtime":478,"items_purged":["Strike_G"],"score":86,"play_id":"19756cfb-7130-4c1f-98fa-e7b7dc0a6044","local_time":"20210113172005","is_ascension_mode":true,"campfire_choices":[{"floor":6,"key":"REST"}],"circlet_count":0,"master_deck":["AscendersBane","Strike_G","Strike_G","Strike_G","Strike_G","Defend_G","Defend_G","Defend_G","Defend_G","Defend_G","Survivor","Neutralize","Fluid Movement","Dodge and Roll+1","expansioncontent:PrepareCrush","hubris:EnhanceAbility","Fluid Movement","Hallucinations","PiercingWail","PiercingWail","Well Laid Plans"],"relics":["Ring of the Snake","hubris:Potato","ReplayTheSpireMod:Ring of Addiction","White Beast Statue","Potion Belt","Ring of Fangs"],"acts_visited":["Exordium"],"potions_floor_usage":[3,4,5,5,7,7,7],"damage_taken":[{"damage":12,"enemies":"2 Louse","floor":1,"turns":6},{"damage":0,"enemies":"Jaw Worm","floor":3,"turns":8},{"damage":3,"enemies":"Cultist","floor":4,"turns":5},{"damage":10,"enemies":"Exordium Wildlife","floor":5,"turns":7},{"damage":18,"enemies":"3 Sentries","floor":7,"turns":16}],"seed_played":"-6842372318750604442","potions_obtained":[{"floor":1,"key":"Fire Potion"},{"floor":2,"key":"Poison Potion"},{"floor":2,"key":"Languid Potion"},{"floor":2,"key":"DuplicationPotion"},{"floor":3,"key":"SpeedPotion"},{"floor":4,"key":"Block Potion"},{"floor":5,"key":"CunningPotion"}],"is_trial":false,"path_per_floor":["M","?","M","M","M","R","E"],"character_chosen":"THE_SILENT","items_purchased":["Fluid Movement","Dodge and Roll+1","expansioncontent:PrepareCrush","hubris:EnhanceAbility","Fluid Movement"],"campfire_rested":1,"item_purchase_floors":[0,0,0,0,0],"current_hp_per_floor":[16,16,16,13,3,22,4,4],"gold":159,"neow_bonus":"","is_daily":false,"chose_seed":false,"campfire_upgraded":0,"win_rate":0.0,"timestamp":1610580005,"path_taken":["M","?","M","M","M","R","E"],"items_purchased_type":["Card","Card","Card","Card","Card"],"build_version":"2020-12-22","purchased_purges":1,"victory":false,"max_hp_per_floor":[66,66,66,66,66,66,66,66],"card_choices":[{"not_picked":["Prepared","Draining Mist","Eviscerate"],"picked":"SKIP","floor":1},{"not_picked":["hubris:SlightOfHand","Dagger Throw"],"picked":"PiercingWail","floor":3},{"not_picked":["Backflip","Malaise"],"picked":"PiercingWail","floor":4},{"not_picked":["Flying Knee","Sucker Punch"],"picked":"Well Laid Plans","floor":5}],"player_experience":601429,"relics_obtained":[{"floor":2,"key":"ReplayTheSpireMod:Ring of Addiction"},{"floor":2,"key":"White Beast Statue"},{"floor":2,"key":"Potion Belt"},{"floor":2,"key":"Ring of Fangs"}],"event_choices":[],"is_beta":false,"boss_relics":[],"items_purged_floors":[0],"is_endless":false,"potions_floor_spawned":[1,3,4,5],"killed_by":"3 Sentries","ascension_level":20}}