{"host":"pcvfxwrfx3f6qdkz","time":1610578636,"event":{"mods":["BaseMod","BetterRewards","Colored Powertips","Downfall","Hermit","KomeijiMod","Minty Spire (QoL Compilation)","Relic Stats","Shop Mod","StSLib","The Wild Card"],"gold_per_floor":[117,117,129,204,26,26,58,70,108,132,144,189,201,388,400,513,525,556,568,595,626,563,600,628,640,652,664,701,723,735,776,788,903,915,939,653,664,206,220,220,249,249,249,266,284,284,284,296,296,296],"floor_reached":51,"language":"ENG","playtime":11987,"items_purged":[],"score":923,"play_id":"f26397ce-56ac-449d-a653-55d2ee6b18cf","local_time":"20210113165716","is_ascension_mode":false,"campfire_choices":[{"data":"theWildCard:StingingStrike","floor":6,"key":"SMITH"},{"floor":8,"key":"REST"},{"floor":13,"key":"REST"},{"data":"theWildCard:EnergizedStroke","floor":15,"key":"SMITH"},{"data":"theWildCard:AllOutAttack","floor":30,"key":"SMITH"},{"data":"theWildCard:Patience","floor":32,"key":"SMITH"},{"data":"theWildCard:TheArcanaUnleashed","floor":40,"key":"SMITH"},{"data":"theWildCard:MagicMettle","floor":42,"key":"SMITH"},{"data":"theWildCard:SeveringSlash","floor":46,"key":"SMITH"},{"data":"theWildCard:BladeOfGenerations","floor":49,"key":"SMITH"}],"circlet_count":0,"master_deck":["theWildCard:BasicStrike+1","theWildCard:BasicStrike+1","theWildCard:BasicStrike+1","theWildCard:BasicStrike+1","theWildCard:BasicDefend+1","theWildCard:BasicDefend+1","theWildCard:BasicDefend+1","theWildCard:BasicDefend+1","theWildCard:CallToAdventure","theWildCard:Arsene","theWildCard:Michael","theWildCard:Arsene","theWildCard:Patience+1","theWildCard:StingingStrike+1","theWildCard:Sakuya","theWildCard:Odin+1","theWildCard:EnergizedStroke+1","theWildCard:MagicMettle+1","theWildCard:AllOutAttack+1","theWildCard:Polydeuces","theWildCard:SeveringSlash+1","theWildCard:StalwartBlade+1","theWildCard:PaleRider","theWildCard:BladeOfGenerations+1","theWildCard:AllOutAttack+1","theWildCard:MagicMettle+1","theWildCard:TheArcanaUnleashed+1","theWildCard:Caesar"],"relics":["theWildCard:VelvetContract","FossilizedHelix","Frozen Eye","Toolbox","MawBank","Pen Nib","Question Card","Busted Crown","Blood Vial","Meat on the Bone","Nunchaku","theWildCard:MemoriesOfPhantasm","SlaversCollar","DollysMirror","Ancient Tea Set","Lee\u0027s Waffle","Bag of Preparation","Strawberry"],"acts_visited":["Exordium","TheCity","TheBeyond"],"potions_floor_usage":[],"damage_taken":[{"damage":0,"enemies":"2 Louse","floor":1,"turns":3},{"damage":0,"enemies":"Cultist","floor":3,"turns":4},{"damage":8,"enemies":"Gremlin Nob","floor":7,"turns":4},{"damage":0,"enemies":"Small Slimes","floor":10,"turns":2},{"damage":1,"enemies":"Lagavulin","floor":12,"turns":6},{"damage":15,"enemies":"The Guardian","floor":16,"turns":11},{"damage":0,"enemies":"Spheric Guardian","floor":18,"turns":1},{"damage":0,"enemies":"Chosen","floor":20,"turns":4},{"damage":0,"enemies":"Snake Plant","floor":21,"turns":6},{"damage":0,"enemies":"Slavers","floor":23,"turns":5},{"damage":0,"enemies":"Cultist and Chosen","floor":24,"turns":3},{"damage":0,"enemies":"Centurion and Healer","floor":29,"turns":2},{"damage":0,"enemies":"Book of Stabbing","floor":31,"turns":3},{"damage":0,"enemies":"Champ","floor":33,"turns":8},{"damage":0,"enemies":"3 Shapes","floor":35,"turns":2},{"damage":0,"enemies":"3 Darklings","floor":37,"turns":2},{"damage":0,"enemies":"Writhing Mass","floor":39,"turns":3},{"damage":0,"enemies":"Nemesis","floor":41,"turns":5},{"damage":0,"enemies":"Maw","floor":44,"turns":1},{"damage":0,"enemies":"Transient","floor":45,"turns":5},{"damage":0,"enemies":"3 Darklings","floor":48,"turns":1},{"damage":0,"enemies":"Donu and Deca","floor":50,"turns":3}],"seed_played":"-453425491328372308","potions_obtained":[{"floor":1,"key":"LiquidBronze"},{"floor":3,"key":"SpeedPotion"},{"floor":16,"key":"Energy Potion"},{"floor":29,"key":"champ:CounterPotion"},{"floor":33,"key":"LiquidMemories"}],"is_trial":false,"path_per_floor":["M","?","M","?","$","R","E","R","T","M","?","E","R","?","R","B",null,"M","?","M","M","?","E","M","?","T","?","T","M","R","E","R","B",null,"M","$","M","$","M","R","E","R","T","M","M","R","?","M","R","B",null],"character_chosen":"THE_WILD_CARD","items_purchased":["Frozen Eye","Toolbox","theWildCard:Sakuya","DollysMirror","Ancient Tea Set","theWildCard:TheArcanaUnleashed","theWildCard:Caesar","Lee\u0027s Waffle"],"campfire_rested":2,"item_purchase_floors":[0,5,5,36,36,38,38,38],"current_hp_per_floor":[60,60,60,54,54,54,46,60,60,60,48,47,60,60,60,45,60,60,60,60,60,60,60,60,60,60,60,60,60,60,60,60,60,60,60,60,60,67,67,67,67,67,74,74,74,74,70,70,70,70],"gold":296,"neow_bonus":"","is_daily":false,"chose_seed":false,"campfire_upgraded":8,"win_rate":0.0,"timestamp":1610578636,"path_taken":["M","?","?","?","$","R","E","R","T","?","?","E","R","?","R","BOSS","M","?","M","M","?","E","M","?","T","?","?","?","R","E","R","BOSS","M","$","M","$","M","R","E","R","T","M","M","R","?","M","R","BOSS"],"items_purchased_type":["Relic","Relic","Card","Relic","Relic","Card","Card","Relic"],"build_version":"2020-12-22","purchased_purges":0,"victory":true,"max_hp_per_floor":[60,60,60,60,60,60,60,60,60,60,60,60,60,60,60,60,60,60,60,60,60,60,60,60,60,60,60,60,60,60,60,60,60,60,60,60,60,67,67,67,67,67,74,74,74,74,70,70,70,70],"relic_stats":{"Blood Vial":0,"Nunchaku":[20],"Lee\u0027s Waffle":7,"Busted Crown":60,"counters":[41,206],"Pen Nib":[31],"Bag of Preparation":[8],"MawBank":372,"Question Card":16,"obtain_stats":[{"Bag of Preparation":41,"Cursed Key":34,"Ancient Tea Set":41,"Blood Vial":23,"hermit:RyeStalk":14,"Frozen Eye":0,"Nunchaku":48,"theWildCard:MemoriesOfPhantasm":31,"DollysMirror":36,"Strawberry":43,"Toolbox":5,"Kunai":38,"Lee\u0027s Waffle":38,"Happy Flower":26,"Eternal Feather":27,"Pen Nib":43,"Orichalcum":2,"War Paint":24,"MawBank":6,"Question Card":12,"SlaversCollar":34,"Busted Crown":17,"Molten Egg 2":45,"hermit:Momento":0,"FossilizedHelix":0,"Meat on the Bone":9},{"Bag of Preparation":37,"Cursed Key":12,"Ancient Tea Set":15,"Blood Vial":29,"hermit:RyeStalk":3,"Frozen Eye":19,"Nunchaku":18,"theWildCard:MemoriesOfPhantasm":32,"DollysMirror":34,"Strawberry":37,"Toolbox":21,"Kunai":14,"Lee\u0027s Waffle":35,"Happy Flower":9,"Eternal Feather":9,"Pen Nib":16,"Orichalcum":1,"War Paint":9,"MawBank":3,"Question Card":24,"SlaversCollar":33,"Busted Crown":4,"Molten Egg 2":18,"hermit:Momento":0,"FossilizedHelix":19,"Meat on the Bone":3},{"Bag of Preparation":196,"Cursed Key":64,"Ancient Tea Set":83,"Blood Vial":168,"hermit:RyeStalk":9,"Frozen Eye":122,"Nunchaku":105,"theWildCard:MemoriesOfPhantasm":176,"DollysMirror":186,"Strawberry":196,"Toolbox":129,"Kunai":74,"Lee\u0027s Waffle":188,"Happy Flower":42,"Eternal Feather":42,"Pen Nib":88,"Orichalcum":3,"War Paint":42,"MawBank":9,"Question Card":141,"SlaversCollar":184,"Busted Crown":16,"Molten Egg 2":105,"hermit:Momento":0,"FossilizedHelix":122,"Meat on the Bone":9}],"Meat on the Bone":36},"card_choices":[{"not_picked":["theWildCard:ArcanaArtistry","theWildCard:Alice"],"picked":"theWildCard:Michael","floor":1},{"not_picked":["theWildCard:Patience","theWildCard:IdentityTheft"],"picked":"theWildCard:StingingStrike","floor":3},{"not_picked":["theWildCard:Caesar","theWildCard:StingingStrike"],"picked":"theWildCard:Odin","floor":7},{"not_picked":["theWildCard:Impatience","theWildCard:SacrificialStroke"],"picked":"theWildCard:EnergizedStroke","floor":10},{"not_picked":["theWildCard:Ruination","theWildCard:ArcaneArts"],"picked":"theWildCard:MagicMettle","floor":12},{"not_picked":["theWildCard:Overwhelm","theWildCard:Desolation","theWildCard:Thanatos"],"picked":"theWildCard:AllOutAttack","floor":16},{"not_picked":["theWildCard:Proficiency","theWildCard:BladeOfGenerations"],"picked":"SKIP","floor":18},{"not_picked":["theWildCard:TheGreatSeal","theWildCard:Odin+1"],"picked":"SKIP","floor":20},{"not_picked":["theWildCard:Impatience"],"picked":"theWildCard:Polydeuces","floor":21},{"not_picked":["theWildCard:Deicide"],"picked":"theWildCard:SeveringSlash","floor":23},{"not_picked":["theWildCard:Attunement"],"picked":"theWildCard:StalwartBlade+1","floor":24},{"not_picked":["theWildCard:Impatience","theWildCard:Michael"],"picked":"SKIP","floor":29},{"not_picked":["theWildCard:Unburden","theWildCard:StalwartBlade"],"picked":"SKIP","floor":31},{"not_picked":["theWildCard:EnergizedStroke+1"],"picked":"theWildCard:BladeOfGenerations","floor":35},{"not_picked":["theWildCard:SacrificialStroke"],"picked":"theWildCard:MagicMettle+1","floor":37},{"not_picked":["theWildCard:Michael+1","theWildCard:Impatience"],"picked":"SKIP","floor":39},{"not_picked":["theWildCard:Salvation","theWildCard:CryOfAgony+1"],"picked":"SKIP","floor":41},{"not_picked":["theWildCard:EnergizedStroke+1","theWildCard:StingingStrike+1"],"picked":"SKIP","floor":44},{"not_picked":["theWildCard:Attunement+1","theWildCard:StalwartBlade"],"picked":"SKIP","floor":45},{"not_picked":["theWildCard:SeveringSlash+1","theWildCard:BladeOfGenerations+1"],"picked":"SKIP","floor":48}],"player_experience":90692,"relics_obtained":[{"floor":7,"key":"MawBank"},{"floor":9,"key":"Pen Nib"},{"floor":12,"key":"Question Card"},{"floor":23,"key":"Blood Vial"},{"floor":26,"key":"Meat on the Bone"},{"floor":28,"key":"Nunchaku"},{"floor":31,"key":"theWildCard:MemoriesOfPhantasm"},{"floor":41,"key":"Bag of Preparation"},{"floor":43,"key":"Strawberry"}],"event_choices":[{"damage_healed":0,"gold_gain":0,"player_choice":"2 cards matched","damage_taken":0,"max_hp_gain":0,"max_hp_loss":0,"event_name":"Match and Keep!","floor":2,"gold_loss":0,"cards_obtained":["theWildCard:Arsene","theWildCard:Patience"]},{"damage_healed":0,"gold_gain":75,"player_choice":"Touch","damage_taken":6,"max_hp_gain":0,"max_hp_loss":0,"event_name":"FaceTrader","floor":4,"gold_loss":0},{"damage_healed":0,"gold_gain":0,"player_choice":"Entered Light","damage_taken":12,"max_hp_gain":0,"max_hp_loss":0,"event_name":"Shining Light","floor":11,"gold_loss":0,"cards_upgraded":["theWildCard:BasicDefend","theWildCard:Odin"]},{"damage_healed":0,"gold_gain":175,"player_choice":"AGREE","damage_taken":0,"max_hp_gain":0,"max_hp_loss":0,"event_name":"Liars Game","floor":14,"gold_loss":0,"cards_obtained":["Doubt"]},{"damage_healed":0,"gold_gain":0,"player_choice":"Ignored","damage_taken":0,"max_hp_gain":0,"max_hp_loss":0,"event_name":"Ghosts","floor":19,"gold_loss":0},{"cards_removed":["Doubt"],"damage_healed":0,"gold_gain":0,"player_choice":"Gave Gold","damage_taken":0,"max_hp_gain":0,"max_hp_loss":0,"event_name":"Beggar","floor":22,"gold_loss":75},{"damage_healed":0,"gold_gain":0,"player_choice":"Simplicity","damage_taken":0,"max_hp_gain":0,"max_hp_loss":0,"event_name":"Back to Basics","floor":25,"gold_loss":0,"cards_upgraded":["theWildCard:BasicStrike","theWildCard:BasicStrike","theWildCard:BasicStrike","theWildCard:BasicStrike","theWildCard:BasicDefend","theWildCard:BasicDefend","theWildCard:BasicDefend"]},{"damage_healed":0,"gold_gain":0,"player_choice":"Read","damage_taken":0,"max_hp_gain":0,"max_hp_loss":0,"event_name":"The Library","floor":27,"gold_loss":0,"cards_obtained":["theWildCard:PaleRider"]},{"damage_healed":0,"gold_gain":0,"player_choice":"Max HP","damage_taken":0,"max_hp_gain":0,"max_hp_loss":4,"event_name":"Winding Halls","floor":47,"gold_loss":0}],"is_beta":false,"boss_relics":[{"not_picked":["SacredBark","Coffee Dripper"],"picked":"Busted Crown"},{"not_picked":["Astrolabe","Tiny House"],"picked":"SlaversCollar"}],"items_purged_floors":[],"is_endless":false,"potions_floor_spawned":[1,3,16,21,29,31,33,44,48],"ascension_level":0}}