{"host":"25fn74ijs2305xd4","time":1610554587,"event":{"mods":["AchievementEnabler","BaseMod","Colored Map","Colored Powertips","Dark Map","Minty Spire (QoL Compilation)","Relic Stats","StSLib"],"gold_per_floor":[110,121,121,296,105,140,160,160,184,184,216,236,249,259,259,361,361,379,390,407,407,407],"floor_reached":21,"language":"POL","playtime":880,"items_purged":["Doubt"],"score":262,"play_id":"43ab735f-108d-48a5-9898-833cf27cd433","local_time":"20210113171627","is_ascension_mode":true,"campfire_choices":[{"data":"Defragment","floor":8,"key":"SMITH"},{"data":"Loop","floor":10,"key":"SMITH"},{"floor":15,"key":"REST"}],"circlet_count":0,"master_deck":["Strike_B","Strike_B","Strike_B","Defend_B","Defend_B","Defend_B","Defend_B","Zap","Dualcast","Hello World","Ball Lightning","Defragment+1","Force Field","Loop+1","Recycle","Conserve Battery","Conserve Battery","Fission","Cold Snap","Stack","Meteor Strike","CurseOfTheBell","White Noise","Conserve Battery","Coolheaded","Rainbow","Consume"],"relics":["Cracked Core","NeowsBlessing","Ancient Tea Set","Prayer Wheel","Calling Bell","Centennial Puzzle","Gremlin Horn","Lizard Tail"],"acts_visited":["Exordium","TheCity"],"potions_floor_usage":[11,16],"damage_taken":[{"damage":0,"enemies":"Cultist","floor":1,"turns":1},{"damage":0,"enemies":"Small Slimes","floor":2,"turns":1},{"damage":0,"enemies":"3 Sentries","floor":6,"turns":1},{"damage":0,"enemies":"2 Louse","floor":7,"turns":2},{"damage":7,"enemies":"Gremlin Nob","floor":11,"turns":3},{"damage":13,"enemies":"Exordium Thugs","floor":12,"turns":4},{"damage":0,"enemies":"2 Fungi Beasts","floor":13,"turns":3},{"damage":6,"enemies":"Looter","floor":14,"turns":4},{"damage":11,"enemies":"The Guardian","floor":16,"turns":8},{"damage":14,"enemies":"Chosen","floor":18,"turns":7},{"damage":17,"enemies":"Shell Parasite","floor":19,"turns":7},{"damage":8,"enemies":"Snecko","floor":20,"turns":7},{"damage":74,"enemies":"3 Cultists","floor":21,"turns":5}],"seed_played":"6768159358637642622","potions_obtained":[{"floor":6,"key":"PotionOfCapacity"},{"floor":7,"key":"Strength Potion"},{"floor":11,"key":"SteroidPotion"},{"floor":13,"key":"FocusPotion"}],"is_trial":false,"path_per_floor":["M","M","?","?","$","E","M","R","T","R","E","M","M","M","R","B",null,"M","M","M","M"],"character_chosen":"DEFECT","items_purchased":["Defragment","Force Field"],"campfire_rested":1,"item_purchase_floors":[5,5],"current_hp_per_floor":[75,75,68,68,68,68,68,68,68,68,61,48,48,42,64,53,75,61,44,36,0,0],"gold":407,"neow_bonus":"THREE_ENEMY_KILL","is_daily":false,"chose_seed":false,"campfire_upgraded":2,"win_rate":0.0,"timestamp":1610554587,"path_taken":["M","?","?","?","$","E","?","R","T","R","E","M","M","M","R","BOSS","M","M","M","M"],"items_purchased_type":["Card","Card"],"build_version":"2020-12-22","purchased_purges":1,"victory":false,"max_hp_per_floor":[75,75,75,75,75,75,75,75,75,75,75,75,75,75,75,75,75,75,75,75,75,75],"relic_stats":{"Centennial Puzzle":[12],"Lizard Tail":37,"Gremlin Horn":[0,0],"counters":[13,52],"Prayer Wheel":6,"obtain_stats":[{"Calling Bell":17,"Centennial Puzzle":17,"Lizard Tail":17,"NeowsBlessing":0,"Gremlin Horn":17,"Prayer Wheel":11,"Cracked Core":0,"Ancient Tea Set":6},{"Calling Bell":9,"Centennial Puzzle":9,"Lizard Tail":9,"NeowsBlessing":0,"Gremlin Horn":9,"Prayer Wheel":5,"Cracked Core":0,"Ancient Tea Set":3},{"Calling Bell":26,"Centennial Puzzle":26,"Lizard Tail":26,"NeowsBlessing":0,"Gremlin Horn":26,"Prayer Wheel":8,"Cracked Core":0,"Ancient Tea Set":3}]},"card_choices":[{"not_picked":["Go for the Eyes","Gash"],"picked":"Hello World","floor":1},{"not_picked":["Redo","Compile Driver"],"picked":"Ball Lightning","floor":2},{"not_picked":["Blizzard","Force Field","Rebound"],"picked":"SKIP","floor":6},{"not_picked":["Gash","Undo"],"picked":"Loop","floor":7},{"not_picked":["Streamline","Ball Lightning"],"picked":"Recycle","floor":11},{"not_picked":["Melter","Heatsinks"],"picked":"Conserve Battery","floor":12},{"not_picked":["Sweeping Beam","Redo","Tempest"],"picked":"SKIP","floor":12},{"not_picked":["Heatsinks","Scrape"],"picked":"Conserve Battery","floor":13},{"not_picked":["Hello World","Sweeping Beam"],"picked":"Fission","floor":13},{"not_picked":["Leap","Scrape"],"picked":"Cold Snap","floor":14},{"not_picked":["Stack","Ball Lightning","Sunder"],"picked":"SKIP","floor":14},{"not_picked":["Ball Lightning","Sunder"],"picked":"Stack","floor":14},{"not_picked":["Electrodynamics","Multi-Cast"],"picked":"Meteor Strike","floor":16},{"not_picked":["Hologram","Cold Snap"],"picked":"White Noise","floor":18},{"not_picked":["Lockon+1","Steam Power"],"picked":"Conserve Battery","floor":18},{"not_picked":["Compile Driver+1","Hologram+1"],"picked":"Coolheaded","floor":19},{"not_picked":["Conserve Battery","Gash","Streamline"],"picked":"SKIP","floor":19},{"not_picked":["Rip and Tear","Sunder"],"picked":"Rainbow","floor":20},{"not_picked":["Chaos+1","Rebound"],"picked":"Consume","floor":20}],"player_experience":56771,"relics_obtained":[{"floor":6,"key":"Ancient Tea Set"},{"floor":11,"key":"Prayer Wheel"},{"floor":17,"key":"Centennial Puzzle"},{"floor":17,"key":"Gremlin Horn"},{"floor":17,"key":"Lizard Tail"}],"event_choices":[{"cards_removed":["Strike_B"],"damage_healed":0,"gold_gain":0,"player_choice":"Card Removal","damage_taken":7,"max_hp_gain":0,"max_hp_loss":0,"event_name":"Golden Wing","floor":3,"gold_loss":0},{"damage_healed":0,"gold_gain":175,"player_choice":"AGREE","damage_taken":0,"max_hp_gain":0,"max_hp_loss":0,"event_name":"Liars Game","floor":4,"gold_loss":0,"cards_obtained":["Doubt"]}],"is_beta":false,"boss_relics":[{"not_picked":["SlaversCollar","Empty Cage"],"picked":"Calling Bell"}],"items_purged_floors":[5],"is_endless":false,"potions_floor_spawned":[6,7,11,13],"killed_by":"3 Cultists","ascension_level":4}}