{"host":"5h7tnviy6ct1qpjn","time":1610558558,"event":{"mods":["AchievementEnabler","BaseMod","BetterRewards","Colored Powertips","Minty Spire (QoL Compilation)","Shop Mod","StSLib"],"gold_per_floor":[118,118,128,148,27,27,58,77,103,129,149,149,179,198,198,297,297,317,317,331,331,2,27,27,47,47,47,62,62,62,92,92,92,92],"floor_reached":33,"language":"ENG","playtime":2586,"items_purged":["Strike_R","Barricade"],"score":410,"play_id":"48a9cf4b-80db-46fb-81e6-c6572effdbda","local_time":"20210113182238","is_ascension_mode":false,"campfire_choices":[{"floor":6,"key":"RECALL"},{"data":"Flash of Steel","floor":12,"key":"SMITH"},{"data":"Armaments","floor":15,"key":"SMITH"},{"data":"Enlightenment","floor":24,"key":"SMITH"},{"data":"Power Through","floor":30,"key":"SMITH"},{"data":"Fire Breathing","floor":32,"key":"SMITH"}],"circlet_count":0,"master_deck":["Strike_R+1","Strike_R+1","Defend_R+1","Defend_R+1","Defend_R+1","Defend_R+1","Bash","Pommel Strike","Flash of Steel+1","Thunderclap","Armaments+1","Flex","Bloodletting","Cleave+1","Dropkick","Feed","Enlightenment+1","Reaper","Impervious","Seeing Red","Fire Breathing+1","Searing Blow+1","Power Through+1"],"relics":["Burning Blood","Torii","Toy Ornithopter","Red Skull","MealTicket","Whetstone","Mark of Pain","Pen Nib","Mango","Red Mask"],"acts_visited":["Exordium","TheCity"],"potions_floor_usage":[10,13,23,28,28,33],"damage_taken":[{"damage":6,"enemies":"Jaw Worm","floor":1,"turns":2},{"damage":6,"enemies":"Cultist","floor":3,"turns":3},{"damage":1,"enemies":"2 Louse","floor":4,"turns":3},{"damage":28,"enemies":"Gremlin Nob","floor":7,"turns":4},{"damage":0,"enemies":"Gremlin Gang","floor":8,"turns":3},{"damage":37,"enemies":"3 Sentries","floor":10,"turns":12},{"damage":13,"enemies":"Large Slime","floor":11,"turns":4},{"damage":1,"enemies":"Gremlin Nob","floor":13,"turns":3},{"damage":0,"enemies":"2 Fungi Beasts","floor":14,"turns":2},{"damage":42,"enemies":"Hexaghost","floor":16,"turns":7},{"damage":11,"enemies":"2 Thieves","floor":18,"turns":4},{"damage":10,"enemies":"Shell Parasite","floor":20,"turns":5},{"damage":40,"enemies":"Gremlin Leader","floor":23,"turns":8},{"damage":18,"enemies":"3 Cultists","floor":25,"turns":4},{"damage":13,"enemies":"Centurion and Healer","floor":28,"turns":4},{"damage":15,"enemies":"Masked Bandits","floor":31,"turns":4},{"damage":88,"enemies":"Collector","floor":33,"turns":9}],"seed_played":"-8260067772448002146","potions_obtained":[{"floor":3,"key":"SmokeBomb"},{"floor":7,"key":"Regen Potion"},{"floor":11,"key":"Block Potion"},{"floor":13,"key":"Swift Potion"},{"floor":16,"key":"Strength Potion"},{"floor":25,"key":"AttackPotion"},{"floor":31,"key":"ColorlessPotion"}],"is_trial":false,"path_per_floor":["M","?","M","M","$","R","E","M","T","E","M","R","E","M","R","B",null,"M","?","M","?","$","E","R","M","T","?","M","?","R","?","R","B"],"character_chosen":"IRONCLAD","items_purchased":["Pommel Strike","Madness","Armaments","Fire Breathing","Pen Nib"],"campfire_rested":0,"item_purchase_floors":[0,0,5,22,22],"current_hp_per_floor":[80,80,80,80,80,80,58,64,64,53,46,46,56,62,62,26,80,78,78,81,81,83,78,78,66,66,66,69,69,69,75,75,0,0],"gold":92,"neow_bonus":"","is_daily":false,"chose_seed":false,"campfire_upgraded":5,"win_rate":0.0,"timestamp":1610558558,"path_taken":["M","?","M","M","?","R","E","?","T","E","M","R","E","M","R","BOSS","M","?","?","?","$","E","R","M","T","?","M","?","R","?","R","BOSS"],"items_purchased_type":["Card","Card","Card","Card","Relic"],"build_version":"2020-12-22","purchased_purges":2,"victory":false,"max_hp_per_floor":[80,80,80,80,80,80,80,80,80,80,80,80,80,80,80,80,80,83,83,83,83,83,97,97,97,97,97,97,97,97,100,100,100,100],"card_choices":[{"not_picked":["Entrench","Clothesline"],"picked":"Thunderclap","floor":1},{"not_picked":["Heavy Blade","Sword Boomerang","Second Wind"],"picked":"SKIP","floor":3},{"not_picked":["True Grit","Clothesline","Dark Embrace"],"picked":"SKIP","floor":4},{"not_picked":["Iron Wave","Carnage"],"picked":"Flex","floor":7},{"not_picked":["Shockwave","Twin Strike"],"picked":"Bloodletting","floor":8},{"not_picked":["Armaments","Blood for Blood"],"picked":"Cleave","floor":10},{"not_picked":["Pommel Strike","Flex"],"picked":"Dropkick","floor":11},{"not_picked":["Feel No Pain","True Grit","Sword Boomerang"],"picked":"SKIP","floor":13},{"not_picked":["Dark Embrace","Headbutt"],"picked":"Feed","floor":14},{"not_picked":["Clothesline","True Grit+1","Body Slam"],"picked":"SKIP","floor":18},{"not_picked":["Wild Strike","Warcry"],"picked":"Impervious","floor":20},{"not_picked":["Clothesline","Immolate","Juggernaut"],"picked":"SKIP","floor":23},{"not_picked":["Dropkick","Burning Pact"],"picked":"Searing Blow+1","floor":25},{"not_picked":["Warcry","Armaments","Dark Embrace"],"picked":"SKIP","floor":28}],"player_experience":51103,"relics_obtained":[{"floor":7,"key":"Toy Ornithopter"},{"floor":9,"key":"Red Skull"},{"floor":10,"key":"MealTicket"},{"floor":13,"key":"Whetstone"},{"floor":23,"key":"Mango"},{"floor":31,"key":"Red Mask"}],"event_choices":[{"damage_healed":0,"gold_gain":0,"player_choice":"Ignored","damage_taken":0,"max_hp_gain":0,"max_hp_loss":0,"event_name":"NoteForYourself","floor":2,"gold_loss":0},{"damage_healed":0,"gold_gain":0,"player_choice":"2 cards matched","damage_taken":0,"max_hp_gain":0,"max_hp_loss":0,"event_name":"Match and Keep!","floor":19,"gold_loss":0,"cards_obtained":["Enlightenment","Reaper"]},{"damage_healed":0,"gold_gain":0,"cards_transformed":["Strike_R","Strike_R"],"player_choice":"Became Test Subject","damage_taken":0,"max_hp_gain":0,"max_hp_loss":0,"event_name":"Drug Dealer","floor":21,"gold_loss":0,"cards_obtained":["Barricade","Seeing Red"]},{"damage_healed":0,"gold_gain":0,"player_choice":"Simplicity","damage_taken":0,"max_hp_gain":0,"max_hp_loss":0,"event_name":"Back to Basics","floor":27,"gold_loss":0,"cards_upgraded":["Strike_R","Defend_R","Defend_R","Defend_R","Defend_R"]},{"damage_healed":0,"gold_gain":0,"player_choice":"Read","damage_taken":0,"max_hp_gain":0,"max_hp_loss":0,"event_name":"The Library","floor":29,"gold_loss":0,"cards_obtained":["Power Through"]},{"damage_healed":0,"gold_gain":0,"player_choice":"Fought Bandits","damage_taken":0,"max_hp_gain":0,"max_hp_loss":0,"event_name":"Masked Bandits","floor":31,"gold_loss":0}],"is_beta":false,"boss_relics":[{"not_picked":["Calling Bell","Coffee Dripper"],"picked":"Mark of Pain"}],"items_purged_floors":[5,22],"is_endless":false,"potions_floor_spawned":[3,7,11,13,16,25,31],"killed_by":"Collector","ascension_level":0}}