{"host":"cv77zuuuekizn3ic","time":1610527996,"event":{"mods":["AchievementEnabler","BaseMod","Marisa£®ÏF”Í°°ƒß¿Ì…≥£©","Minty Spire (QoL Compilation)","StSLib","Waifu the Spire","everything is the same but u backflip on backflip","slay the spire mod where everything is the same but ironclad has a cowboy hat"],"gold_per_floor":[112,62,62,62,78,117,135,174,174,174,174,6,62,97,97,206,206,239,37,76,119,119,163,163,232,311,311,329,428,62,95,95,191,191,235,319,319,373,102,136,169,79,102,102,102,102,162,182,182,182,182,182,32,63,63],"floor_reached":56,"language":"ZHS","playtime":2796,"items_purged":["Strike_MRS","Strike_MRS","Decay","Defend_MRS"],"score":2211,"play_id":"977f3f13-783d-4bf7-a139-b4b885906897","local_time":"20210113165316","is_ascension_mode":true,"campfire_choices":[{"data":"FairyDestructionRay","floor":11.0,"key":"SMITH"},{"data":"SporeBomb","floor":15.0,"key":"SMITH"},{"data":"MilkyWay","floor":24.0,"key":"SMITH"},{"floor":27.0,"key":"REST"},{"data":"Singularity","floor":32.0,"key":"SMITH"},{"data":"EscapeVelocity","floor":44,"key":"SMITH"},{"floor":46,"key":"RECALL"},{"data":"SprinkleStarSeal","floor":49,"key":"SMITH"},{"data":"UltimateShortwave","floor":52,"key":"SMITH"}],"circlet_count":0,"master_deck":["AscendersBane","MasterSpark","UpSweep+1","DC+1","StarBarrage","SporeBomb+1","FairyDestructionRay+1","WitchOfGreed","GrandCross","UltimateShortwave+1","TreasureHunter","Acceleration+1","MilkyWay+1","GrandCross+1","SprinkleStarSeal+1","Necronomicurse","Singularity+1","BlazingStar","AsteroidBelt+1","Acceleration+1","Finesse+1","MagicChant+1","EscapeVelocity+1","GravityBeat","EventHorizon+1","MilkyWay+1","PowerUp+1","Purity+1","UltimateShortwave+1","6A","Madness+1","Madness+1","Madness+1","EarthLightRay+1","PulseMagic+1"],"relics":["MiniHakkero","NeowsBlessing","Golden Idol","Regal Pillow","FossilizedHelix","HandmadeGrimoire","AmplifyWand","Black Star","PreservedInsect","Necronomicon","Bag of Marbles","Toxic Egg 2","Ancient Tea Set","Singing Bowl","HornCleat","Whetstone","Du-Vu Doll","Empty Cage","Nunchaku","Pen Nib","Potion Belt","Akabeko","Lantern","Mercury Hourglass","Anchor","Bronze Scales"],"acts_visited":["Exordium","TheCity","TheBeyond","TheEnding"],"potions_floor_usage":[47,55,55,55,55],"damage_taken":[{"damage":0.0,"enemies":"Jaw Worm","floor":1.0,"turns":1.0},{"damage":0.0,"enemies":"2 Louse","floor":5.0,"turns":1.0},{"damage":0.0,"enemies":"Gremlin Nob","floor":6.0,"turns":1.0},{"damage":0.0,"enemies":"Small Slimes","floor":7.0,"turns":3.0},{"damage":25.0,"enemies":"Lagavulin","floor":8.0,"turns":6.0},{"damage":5.0,"enemies":"3 Sentries","floor":13.0,"turns":6.0},{"damage":0.0,"enemies":"3 Louse","floor":14.0,"turns":3.0},{"damage":19.0,"enemies":"Hexaghost","floor":16.0,"turns":8.0},{"damage":19.0,"enemies":"3 Byrds","floor":18.0,"turns":5.0},{"damage":0.0,"enemies":"Shell Parasite","floor":20.0,"turns":3.0},{"damage":0.0,"enemies":"Cultist and Chosen","floor":21.0,"turns":4.0},{"damage":0.0,"enemies":"Slavers","floor":23.0,"turns":1.0},{"damage":11.0,"enemies":"Book of Stabbing","floor":25.0,"turns":4.0},{"damage":0.0,"enemies":"3 Cultists","floor":28.0,"turns":4.0},{"damage":0.0,"enemies":"Centurion and Healer","floor":31.0,"turns":3.0},{"damage":0.0,"enemies":"Champ","floor":33.0,"turns":5.0},{"damage":0.0,"enemies":"3 Darklings","floor":35.0,"turns":4.0},{"damage":0.0,"enemies":"Orb Walker","floor":36.0,"turns":3.0},{"damage":16.0,"enemies":"Maw","floor":38.0,"turns":5.0},{"damage":7.0,"enemies":"Nemesis","floor":40.0,"turns":3.0},{"damage":0.0,"enemies":"Transient","floor":41.0,"turns":5.0},{"damage":0,"enemies":"Reptomancer","floor":47,"turns":5},{"damage":0,"enemies":"Spire Growth","floor":48,"turns":1},{"damage":2,"enemies":"Awakened One","floor":50,"turns":6},{"damage":0,"enemies":"Shield and Spear","floor":54,"turns":2},{"damage":40,"enemies":"The Heart","floor":55,"turns":5}],"seed_played":"-1594471351838691603","potions_obtained":[{"floor":5.0,"key":"BlessingOfTheForge"},{"floor":8.0,"key":"Block Potion"},{"floor":13.0,"key":"Weak Potion"},{"floor":14.0,"key":"FairyPotion"},{"floor":16.0,"key":"SpeedPotion"},{"floor":16.0,"key":"AttackPotion"},{"floor":20.0,"key":"FearPotion"},{"floor":20.0,"key":"BlessingOfTheForge"},{"floor":21.0,"key":"DuplicationPotion"},{"floor":25.0,"key":"Ancient Potion"},{"floor":25.0,"key":"SkillPotion"},{"floor":35.0,"key":"DuplicationPotion"},{"floor":36.0,"key":"EssenceOfSteel"},{"floor":36.0,"key":"Fire Potion"},{"floor":38.0,"key":"BlessingOfTheForge"},{"floor":40.0,"key":"SteroidPotion"},{"floor":41.0,"key":"ShroomBrew"},{"floor":41.0,"key":"Swift Potion"},{"floor":47,"key":"Weak Potion"},{"floor":47,"key":"BlessingOfTheForge"}],"is_trial":false,"path_per_floor":["M","?","?","?","M","E","M","E","T","?","R","$","E","M","R","B",null,"M","$","M","M","?","E","R","E","T","R","M","?","$","M","R","B",null,"M","M","?","M","$","E","M","$","T","R","?","R","E","M","R","B",null,"R","$","E","B",null],"character_chosen":"MARISA","items_purchased":["WitchOfGreed","GrandCross","PreservedInsect","MilkyWay","Acceleration+1","Finesse+1","Whetstone","PowerUp+1","Purity+1","Madness+1"],"campfire_rested":1,"item_purchase_floors":[12,12,19,19,30,30,30,39,39,42],"current_hp_per_floor":[68,68,61,43,43,43,43,18,18,18,18,18,13,13,13,22,62,43,43,43,43,27,27,27,16,16,53,53,53,53,53,53,53,70,70,70,70,54,54,47,47,47,47,47,38,38,40,40,40,44,69,69,69,75,41],"gold":63,"neow_bonus":"THREE_ENEMY_KILL","is_daily":false,"chose_seed":false,"campfire_upgraded":7,"win_rate":0.0,"timestamp":1610527996,"path_taken":["M","?","?","?","M","E","M","E","T","?","R","$","E","M","R","BOSS","M","$","M","?","?","E","R","E","T","R","M","?","?","M","R","BOSS","M","M","?","M","?","E","M","$","T","R","?","R","E","M","R","BOSS","R","$","E","BOSS"],"items_purchased_type":["Card","Card","Relic","Card","Card","Card","Relic","Card","Card","Card"],"build_version":"2020-12-22","purchased_purges":4,"victory":true,"max_hp_per_floor":[75,75,75,75,75,75,75,75,75,75,75,75,75,75,75,75,75,75,75,75,75,75,75,75,75,75,75,75,75,75,75,75,75,75,75,75,75,75,75,75,75,75,75,75,75,75,77,77,77,77,77,77,77,77,77],"card_choices":[{"not_picked":["AlicesGift","EnergyFlow"],"picked":"DC","floor":1.0},{"not_picked":["GravityBeat","OpenUniverse","AlicesGift"],"picked":"SKIP","floor":5.0},{"not_picked":["DarkMatter","GravityBeat"],"picked":"StarBarrage","floor":6.0},{"not_picked":["DoubleSpark","OpenUniverse"],"picked":"SporeBomb","floor":7.0},{"not_picked":["UnstableBomb","DC"],"picked":"FairyDestructionRay","floor":8.0},{"not_picked":["GalacticHalo","EnergyFlow"],"picked":"UltimateShortwave","floor":13.0},{"not_picked":["SuperPerseids","MachineGunSpark","StarBarrage"],"picked":"SKIP","floor":14.0},{"not_picked":["UltimateShortwave","BlazingStar"],"picked":"TreasureHunter","floor":16.0},{"not_picked":["MeteoricShower","MysteriousBeam"],"picked":"Acceleration+1","floor":18.0},{"not_picked":["NonDirectionalLaser","PowerUp"],"picked":"GrandCross+1","floor":20.0},{"not_picked":["GalacticHalo","DarkMatter"],"picked":"SprinkleStarSeal","floor":21.0},{"not_picked":["Orbital+1","SporeBomb+1"],"picked":"Singularity","floor":23.0},{"not_picked":["Occultation+1","6A"],"picked":"BlazingStar","floor":25.0},{"not_picked":["SporeBomb+1","AlicesGift"],"picked":"AsteroidBelt+1","floor":28.0},{"not_picked":["Orbital+1","MachineGunSpark"],"picked":"MagicChant+1","floor":31.0},{"not_picked":["StarDustReverie+1","BigCrunch+1"],"picked":"EscapeVelocity","floor":33.0},{"not_picked":["DC","GalacticHalo+1"],"picked":"GravityBeat","floor":35.0},{"not_picked":["LuminesStrike","DarkSpark+1"],"picked":"EventHorizon+1","floor":36.0},{"not_picked":["IllusionStar+1","UnstableBomb"],"picked":"MilkyWay+1","floor":38.0},{"not_picked":["MachineGunSpark","PowerUp+1"],"picked":"UltimateShortwave+1","floor":40.0},{"not_picked":["WitchOfGreed","SporeBomb+1"],"picked":"6A","floor":41.0},{"not_picked":["EventHorizon","IllusionStar+1","AsteroidBelt+1"],"picked":"Singing Bowl","floor":47},{"not_picked":["DarkSpark+1","MilkyWay+1"],"picked":"EarthLightRay+1","floor":48},{"not_picked":["ChargingUp+1","ShootingEcho"],"picked":"PulseMagic+1","floor":54}],"player_experience":876106,"relics_obtained":[{"floor":6.0,"key":"Regal Pillow"},{"floor":8.0,"key":"FossilizedHelix"},{"floor":9.0,"key":"HandmadeGrimoire"},{"floor":13.0,"key":"AmplifyWand"},{"floor":22.0,"key":"Necronomicon"},{"floor":23.0,"key":"Bag of Marbles"},{"floor":23.0,"key":"Toxic Egg 2"},{"floor":25.0,"key":"Ancient Tea Set"},{"floor":25.0,"key":"Singing Bowl"},{"floor":26.0,"key":"HornCleat"},{"floor":33.0,"key":"Du-Vu Doll"},{"floor":40.0,"key":"Nunchaku"},{"floor":40.0,"key":"Pen Nib"},{"floor":40.0,"key":"Potion Belt"},{"floor":47,"key":"Akabeko"},{"floor":47,"key":"Lantern"},{"floor":47,"key":"Mercury Hourglass"},{"floor":54,"key":"Anchor"},{"floor":54,"key":"Bronze Scales"}],"event_choices":[{"cards_removed":["Strike_MRS"],"damage_healed":0.0,"max_hp_gain":0.0,"max_hp_loss":0.0,"gold_gain":0.0,"event_name":"The Cleric","player_choice":"Card Removal","floor":2.0,"gold_loss":50.0,"damage_taken":0.0},{"cards_removed":["Defend_MRS"],"damage_healed":0.0,"max_hp_gain":0.0,"max_hp_loss":0.0,"gold_gain":0.0,"event_name":"Golden Wing","player_choice":"Card Removal","floor":3.0,"gold_loss":0.0,"damage_taken":7.0},{"damage_healed":0.0,"max_hp_gain":0.0,"max_hp_loss":0.0,"gold_gain":0.0,"event_name":"Golden Idol","player_choice":"Take Damage","floor":4.0,"gold_loss":0.0,"damage_taken":18.0,"relics_obtained":["Golden Idol"]},{"cards_removed":["Strike_MRS"],"damage_healed":0.0,"max_hp_gain":0.0,"max_hp_loss":0.0,"gold_gain":0.0,"event_name":"Purifier","player_choice":"Purged","floor":10.0,"gold_loss":0.0,"damage_taken":0.0},{"damage_healed":0.0,"max_hp_gain":0.0,"max_hp_loss":0.0,"gold_gain":0.0,"event_name":"Cursed Tome","player_choice":"Obtained Book","floor":22.0,"gold_loss":0.0,"damage_taken":16.0},{"damage_healed":0.0,"max_hp_gain":0.0,"max_hp_loss":0.0,"gold_gain":99.0,"event_name":"Nest","player_choice":"Stole From Cult","floor":29.0,"gold_loss":0.0,"damage_taken":0.0},{"damage_healed":0.0,"max_hp_gain":0.0,"max_hp_loss":0.0,"gold_gain":0.0,"event_name":"Wheel of Change","player_choice":"Cursed","floor":37.0,"gold_loss":0.0,"damage_taken":0.0,"cards_obtained":["Decay"]},{"damage_healed":0,"gold_gain":0,"player_choice":"Embrace Madness","damage_taken":9,"max_hp_gain":0,"max_hp_loss":0,"event_name":"Winding Halls","floor":45,"gold_loss":0,"cards_obtained":["Madness","Madness"]}],"is_beta":false,"boss_relics":[{"not_picked":["Sozu","Pandora\u0027s Box"],"picked":"Black Star"},{"not_picked":["Busted Crown","Calling Bell"],"picked":"Empty Cage"}],"items_purged_floors":[12,30,39,53],"is_endless":false,"potions_floor_spawned":[5,8,13,14,16,20,23,25,40,41,47,48,54],"ascension_level":13}}