{"host":"q0qnzbgdx8oqogg9","time":1610512666,"event":{"mods":["BaseMod","Minty Spire (QoL Compilation)","Slay-I","StSLib"],"gold_per_floor":[115,176,196,296,308,308,318,338,338,369,379,404,6,20,20,147,147,183,198,198,213,8,8,25,25,25,75,86,86,143,68,68,68,68],"floor_reached":33,"language":"ENG","playtime":1589,"items_purged":["Strike_R"],"score":404,"play_id":"959bca2c-c88a-4e4f-a829-c951a3f85c5e","local_time":"20210112233746","is_ascension_mode":true,"campfire_choices":[{"data":"Twin Strike","floor":6,"key":"SMITH"},{"data":"HandOfGreed","floor":15,"key":"SMITH"},{"data":"Impervious","floor":23,"key":"SMITH"},{"data":"Barricade","floor":25,"key":"SMITH"},{"data":"True Grit","floor":32,"key":"SMITH"}],"circlet_count":0,"master_deck":["Strike_R","Strike_R","Strike_R","Strike_R","Defend_R","Defend_R","Defend_R","Defend_R","Bash+1","Headbutt","Twin Strike+1","Clash","Cleave","Impervious+1","Thunderclap","Impervious","Immolate","HandOfGreed+1","Barricade+1","Battle Trance","Iron Wave+1","Body Slam","True Grit+1","Shrug It Off","Feed","Iron Wave+1"],"relics":["Burning Blood","Strawberry","Juzu Bracelet","Ornamental Fan","Membership Card","Bronze Scales","Sozu","Lantern","Happy Flower","Question Card","Eternal Feather","HornCleat","MealTicket"],"acts_visited":["Exordium","TheCity"],"potions_floor_usage":[12,18,27],"damage_taken":[{"damage":0,"enemies":"Small Slimes","floor":1,"turns":3},{"damage":7,"enemies":"2 Louse","floor":3,"turns":3},{"damage":1,"enemies":"Cultist","floor":5,"turns":3},{"damage":16,"enemies":"Blue Slaver","floor":7,"turns":4},{"damage":11,"enemies":"Looter","floor":8,"turns":4},{"damage":16,"enemies":"Gremlin Nob","floor":10,"turns":3},{"damage":0,"enemies":"Large Slime","floor":11,"turns":4},{"damage":15,"enemies":"3 Sentries","floor":12,"turns":5},{"damage":0,"enemies":"2 Fungi Beasts","floor":14,"turns":1},{"damage":58,"enemies":"The Guardian","floor":16,"turns":14},{"damage":1,"enemies":"3 Byrds","floor":18,"turns":4},{"damage":7,"enemies":"Shell Parasite","floor":19,"turns":5},{"damage":4,"enemies":"Chosen and Byrds","floor":21,"turns":4},{"damage":11,"enemies":"Snecko","floor":24,"turns":4},{"damage":21,"enemies":"Gremlin Leader","floor":27,"turns":7},{"damage":17,"enemies":"Snake Plant","floor":28,"turns":4},{"damage":7,"enemies":"Slavers","floor":30,"turns":7},{"damage":78,"enemies":"Champ","floor":33,"turns":13}],"seed_played":"5415599344062014466","potions_obtained":[{"floor":3,"key":"GamblersBrew"},{"floor":5,"key":"SpeedPotion"},{"floor":8,"key":"Energy Potion"},{"floor":11,"key":"SteroidPotion"},{"floor":12,"key":"LiquidBronze"}],"is_trial":false,"path_per_floor":["M","?","M","?","M","R","M","M","T","E","M","E","$","M","R","B",null,"M","M","?","M","$","R","M","R","T","E","M","?","E","?","R","B"],"character_chosen":"IRONCLAD","items_purchased":["Membership Card","Immolate","Bronze Scales","HandOfGreed","Shrug It Off","Lantern","Happy Flower"],"campfire_rested":0,"item_purchase_floors":[13,13,13,13,22,22,22],"current_hp_per_floor":[78,78,77,77,80,80,70,65,72,62,68,59,59,65,65,13,69,74,73,73,75,75,75,70,70,70,55,44,44,46,46,61,0,0],"gold":68,"neow_bonus":"UPGRADE_CARD","is_daily":false,"chose_seed":false,"campfire_upgraded":5,"win_rate":0.0,"timestamp":1610512666,"path_taken":["M","?","M","?","M","R","M","M","T","E","M","E","$","M","R","BOSS","M","M","?","M","$","R","M","R","T","E","M","?","E","?","R","BOSS"],"items_purchased_type":["Relic","Card","Relic","Card","Card","Relic","Relic"],"build_version":"2020-12-22","purchased_purges":1,"victory":false,"max_hp_per_floor":[80,80,80,80,80,80,80,80,87,87,87,87,87,87,87,87,87,87,87,87,87,87,87,87,87,87,87,87,87,90,90,90,90,90],"card_choices":[{"not_picked":["Thunderclap","True Grit"],"picked":"Headbutt","floor":1},{"not_picked":["Dual Wield","Reckless Charge","Headbutt"],"picked":"SKIP","floor":3},{"not_picked":["Heavy Blade","Shrug It Off"],"picked":"Twin Strike","floor":5},{"not_picked":["Fire Breathing","Sword Boomerang"],"picked":"Clash","floor":7},{"not_picked":["Armaments","Twin Strike"],"picked":"Cleave","floor":8},{"not_picked":["Sever Soul","Sentinel"],"picked":"Impervious","floor":10},{"not_picked":["Perfected Strike","True Grit"],"picked":"Thunderclap","floor":11},{"not_picked":["Headbutt","Flex"],"picked":"Impervious","floor":12},{"not_picked":["Power Through","Havoc","Burning Pact"],"picked":"SKIP","floor":14},{"not_picked":["Reaper","Offering"],"picked":"Barricade","floor":16},{"not_picked":["Twin Strike","Anger"],"picked":"Battle Trance","floor":18},{"not_picked":["Cleave","Anger"],"picked":"Iron Wave+1","floor":19},{"not_picked":["Heavy Blade","Fire Breathing"],"picked":"True Grit","floor":21},{"not_picked":["Flex","Headbutt","Perfected Strike+1"],"picked":"SKIP","floor":24},{"not_picked":["Rupture","Armaments","Whirlwind"],"picked":"Feed","floor":27},{"not_picked":["Anger","Sentinel","Cleave","Heavy Blade"],"picked":"SKIP","floor":28},{"not_picked":["Flex","Burning Pact","Sword Boomerang"],"picked":"Iron Wave+1","floor":30}],"player_experience":212589,"relics_obtained":[{"floor":9,"key":"Strawberry"},{"floor":10,"key":"Juzu Bracelet"},{"floor":12,"key":"Ornamental Fan"},{"floor":26,"key":"Question Card"},{"floor":27,"key":"Eternal Feather"},{"floor":30,"key":"MealTicket"}],"event_choices":[{"damage_healed":0,"gold_gain":61,"player_choice":"Gained Gold","damage_taken":0,"max_hp_gain":0,"max_hp_loss":0,"event_name":"Golden Wing","floor":2,"gold_loss":0},{"damage_healed":0,"gold_gain":100,"player_choice":"Pray","damage_taken":0,"max_hp_gain":0,"max_hp_loss":0,"event_name":"Golden Shrine","floor":4,"gold_loss":0},{"damage_healed":0,"gold_gain":0,"player_choice":"Read","damage_taken":0,"max_hp_gain":0,"max_hp_loss":0,"event_name":"The Library","floor":20,"gold_loss":0,"cards_obtained":["Body Slam"]},{"damage_healed":0,"gold_gain":0,"player_choice":"Opened","damage_taken":0,"relics_obtained":["HornCleat"],"max_hp_gain":0,"max_hp_loss":0,"event_name":"The Mausoleum","floor":29,"gold_loss":0,"cards_obtained":["Writhe"]},{"cards_removed":["Writhe"],"damage_healed":0,"gold_gain":0,"player_choice":"Gave Gold","damage_taken":0,"max_hp_gain":0,"max_hp_loss":0,"event_name":"Beggar","floor":31,"gold_loss":75}],"is_beta":false,"boss_relics":[{"not_picked":["Black Blood","Mark of Pain"],"picked":"Sozu"}],"items_purged_floors":[22],"is_endless":false,"potions_floor_spawned":[3,5,8,11,12,18,21,24,30],"killed_by":"Champ","ascension_level":7}}