{"host":"vyjryxuuuxkt43k4","time":1610548962,"event":{"mods":["BaseMod","Colored Map","DeckTracker","Minty Spire (QoL Compilation)","Permanent Neow","Quick Restart","StSLib","SuperFastMode","everything is the same but u backflip on backflip"],"gold_per_floor":[109,125,125,145,165,165,185,205,231,248,274,49,14,32,32,134,134,146,146,0,0,99,131,131,131,131,143,163,10,10,45,45,140,140,155,174,190,207,26,57,57,57,57,57,67,67,80,100,100,100,100,100,48,78,78,78],"floor_reached":55,"language":"KOR","playtime":3465,"items_purged":["Strike_G","Terror"],"score":751,"play_id":"0982332a-05e9-44e3-8a92-a68501ee4929","local_time":"20210113234242","is_ascension_mode":true,"campfire_choices":[{"floor":6.0,"key":"REST"},{"data":"Backstab","floor":15.0,"key":"SMITH"},{"floor":24.0,"key":"RECALL"},{"floor":32.0,"key":"REST"},{"floor":41.0,"key":"REST"},{"floor":44.0,"key":"REST"},{"floor":46.0,"key":"REST"},{"floor":49.0,"key":"REST"},{"floor":52.0,"key":"REST"}],"circlet_count":0,"master_deck":["Strike_G","Strike_G","Strike_G","Defend_G","Defend_G+1","Defend_G+1","Defend_G+1","Defend_G","Survivor","Neutralize+1","Dagger Throw+1","Dodge and Roll","Dagger Spray","Masterful Stab","Cloak And Dagger","Dagger Spray","Poisoned Stab","PiercingWail","Backstab+1","Die Die Die","PiercingWail","PiercingWail","Terror+1","After Image","Die Die Die","Deflect+1","Dash","Enlightenment","Backflip+1","Storm of Steel","Deadly Poison","Acrobatics"],"relics":["Ring of the Snake","War Paint","Sundial","Vajra","Fusion Hammer","Happy Flower","Nunchaku","Gremlin Horn","Membership Card","FaceOfCleric","Strawberry","Runic Pyramid","HornCleat","Blood Vial","Eternal Feather"],"acts_visited":["Exordium","TheCity","TheBeyond","TheEnding"],"potions_floor_usage":[54,55],"damage_taken":[{"damage":0.0,"enemies":"2 Louse","floor":1.0,"turns":4.0},{"damage":2.0,"enemies":"Small Slimes","floor":2.0,"turns":3.0},{"damage":0.0,"enemies":"Jaw Worm","floor":4.0,"turns":3.0},{"damage":14.0,"enemies":"Large Slime","floor":5.0,"turns":7.0},{"damage":0.0,"enemies":"2 Fungi Beasts","floor":7.0,"turns":2.0},{"damage":12.0,"enemies":"Exordium Thugs","floor":8.0,"turns":7.0},{"damage":7.0,"enemies":"Large Slime","floor":10.0,"turns":5.0},{"damage":4.0,"enemies":"3 Sentries","floor":11.0,"turns":5.0},{"damage":4.0,"enemies":"Looter","floor":14.0,"turns":2.0},{"damage":43.0,"enemies":"The Guardian","floor":16.0,"turns":17.0},{"damage":0.0,"enemies":"2 Thieves","floor":18.0,"turns":3.0},{"damage":7.0,"enemies":"Book of Stabbing","floor":23.0,"turns":5.0},{"damage":0.0,"enemies":"Chosen","floor":27.0,"turns":4.0},{"damage":0.0,"enemies":"Centurion and Healer","floor":28.0,"turns":5.0},{"damage":2.0,"enemies":"Slavers","floor":31.0,"turns":5.0},{"damage":57.0,"enemies":"Automaton","floor":33.0,"turns":9.0},{"damage":0.0,"enemies":"Orb Walker","floor":35.0,"turns":3.0},{"damage":15.0,"enemies":"3 Darklings","floor":36.0,"turns":4.0},{"damage":36.0,"enemies":"4 Shapes","floor":37.0,"turns":6.0},{"damage":24.0,"enemies":"Transient","floor":38.0,"turns":5.0},{"damage":4.0,"enemies":"Reptomancer","floor":40.0,"turns":7.0},{"damage":9.0,"enemies":"Spire Growth","floor":45.0,"turns":5.0},{"damage":0.0,"enemies":"Jaw Worm Horde","floor":47.0,"turns":4.0},{"damage":3.0,"enemies":"Sphere and 2 Shapes","floor":48.0,"turns":6.0},{"damage":72.0,"enemies":"Awakened One","floor":50.0,"turns":34.0},{"damage":40,"enemies":"Shield and Spear","floor":54,"turns":13},{"damage":54,"enemies":"The Heart","floor":55,"turns":6}],"seed_played":"-2032377425429364115","potions_obtained":[{"floor":1.0,"key":"DuplicationPotion"},{"floor":10.0,"key":"Ancient Potion"},{"floor":14.0,"key":"ColorlessPotion"},{"floor":16.0,"key":"ColorlessPotion"},{"floor":18.0,"key":"Fire Potion"},{"floor":28.0,"key":"DistilledChaos"},{"floor":31.0,"key":"SteroidPotion"},{"floor":40.0,"key":"SneckoOil"},{"floor":45.0,"key":"Fire Potion"},{"floor":48.0,"key":"Weak Potion"},{"floor":54,"key":"Block Potion"}],"is_trial":false,"path_per_floor":["M","M","?","M","M","R","M","M","T","M","E","$","?","M","R","B",null,"M","?","$","?","?","E","R","?","T","M","M","$","?","E","R","B",null,"M","M","M","M","$","E","R","?","T","R","M","R","M","M","R","B",null,"R","$","E","B"],"character_chosen":"THE_SILENT","items_purchased":["Vajra","Happy Flower","Membership Card","HornCleat","Poison Potion","Deadly Poison"],"campfire_rested":7,"item_purchase_floors":[12,20,29,39,53,53],"current_hp_per_floor":[70,68,54,54,40,61,61,49,49,42,38,38,55,51,51,8,70,70,70,70,70,70,63,63,63,63,63,63,63,63,69,78,22,79,80,66,31,8,8,5,30,30,30,55,49,74,77,77,87,16,88,88,88,49,0,0],"gold":78,"neow_bonus":"UPGRADE_CARD","is_daily":false,"chose_seed":false,"campfire_upgraded":1,"win_rate":0.0,"timestamp":1610548962,"path_taken":["M","M","?","M","M","R","M","M","T","M","E","$","?","M","R","BOSS","M","?","$","?","?","E","R","?","T","M","M","$","?","E","R","BOSS","M","M","M","M","$","E","R","?","T","R","M","R","M","M","R","BOSS","R","$","E","BOSS"],"items_purchased_type":["Relic","Relic","Relic","Relic","Potion","Card"],"build_version":"2020-12-22","purchased_purges":2,"victory":false,"max_hp_per_floor":[70,70,70,70,70,70,70,70,70,70,70,70,70,70,70,70,70,70,70,70,70,70,70,70,70,70,70,70,70,70,78,78,79,79,80,81,82,83,83,84,84,84,84,84,85,85,86,87,87,88,88,88,88,89,89,89],"card_choices":[{"not_picked":["Heel Hook","Predator"],"picked":"Dagger Throw","floor":1.0},{"not_picked":["PiercingWail","Blade Dance"],"picked":"Dodge and Roll","floor":2.0},{"not_picked":["Cloak And Dagger","Accuracy"],"picked":"Dagger Spray","floor":4.0},{"not_picked":["PiercingWail","Bane"],"picked":"Masterful Stab","floor":5.0},{"not_picked":["Escape Plan","Caltrops"],"picked":"Cloak And Dagger","floor":7.0},{"not_picked":["Wraith Form v2","Caltrops"],"picked":"Dagger Spray","floor":8.0},{"not_picked":["Slice","Dagger Spray"],"picked":"Poisoned Stab","floor":10.0},{"not_picked":["Calculated Gamble","Dagger Throw"],"picked":"PiercingWail","floor":11.0},{"not_picked":["Acrobatics","Escape Plan"],"picked":"Backstab","floor":14.0},{"not_picked":["Phantasmal Killer","Wraith Form v2"],"picked":"Die Die Die","floor":16.0},{"not_picked":["Dodge and Roll+1","Bouncing Flask+1"],"picked":"Terror","floor":18.0},{"not_picked":["Setup","Infinite Blades"],"picked":"PiercingWail","floor":23.0},{"not_picked":["Catalyst","Concentrate"],"picked":"PiercingWail","floor":27.0},{"not_picked":["Bouncing Flask","Caltrops","Tactician"],"picked":"SKIP","floor":28.0},{"not_picked":["Deadly Poison+1","Bane"],"picked":"Terror+1","floor":31.0},{"not_picked":["Die Die Die","Storm of Steel"],"picked":"After Image","floor":33.0},{"not_picked":["Backstab","Underhanded Strike","Bane"],"picked":"SKIP","floor":35.0},{"not_picked":["Slice","Tactician","Quick Slash+1"],"picked":"SKIP","floor":36.0},{"not_picked":["Prepared","Bouncing Flask"],"picked":"Die Die Die","floor":37.0},{"not_picked":["Bane","Well Laid Plans+1"],"picked":"Deflect+1","floor":38.0},{"not_picked":["Flechettes","Catalyst+1"],"picked":"Dash","floor":40.0},{"not_picked":["Jack Of All Trades","Deep Breath"],"picked":"Enlightenment","floor":42.0},{"not_picked":["Sucker Punch","Outmaneuver","Prepared"],"picked":"SKIP","floor":45.0},{"not_picked":["Dagger Throw","Prepared"],"picked":"Backflip+1","floor":47.0},{"not_picked":["Deflect","Flying Knee"],"picked":"Storm of Steel","floor":48.0},{"not_picked":["Sucker Punch","Dash+1"],"picked":"Acrobatics","floor":54}],"player_experience":252106,"relics_obtained":[{"floor":9.0,"key":"War Paint"},{"floor":11.0,"key":"Sundial"},{"floor":23.0,"key":"Nunchaku"},{"floor":26.0,"key":"Gremlin Horn"},{"floor":31.0,"key":"Strawberry"},{"floor":40.0,"key":"Blood Vial"},{"floor":54,"key":"Eternal Feather"}],"event_choices":[{"damage_healed":0.0,"max_hp_gain":0.0,"max_hp_loss":0.0,"gold_gain":0.0,"event_name":"Shining Light","player_choice":"Entered Light","floor":3.0,"gold_loss":0.0,"damage_taken":14.0,"cards_upgraded":["Defend_G","Dagger Throw"]},{"damage_healed":17.0,"max_hp_gain":0.0,"max_hp_loss":0.0,"gold_gain":0.0,"event_name":"The Cleric","player_choice":"Healed","floor":13.0,"gold_loss":35.0,"damage_taken":0.0},{"damage_healed":0.0,"max_hp_gain":0.0,"max_hp_loss":0.0,"gold_gain":0.0,"event_name":"Vampires","player_choice":"Ignored","floor":19.0,"gold_loss":0.0,"damage_taken":0.0},{"damage_healed":0.0,"max_hp_gain":0.0,"max_hp_loss":0.0,"gold_gain":0.0,"event_name":"Ghosts","player_choice":"Ignored","floor":21.0,"gold_loss":0.0,"damage_taken":0.0},{"damage_healed":0.0,"max_hp_gain":0.0,"max_hp_loss":0.0,"gold_gain":99.0,"event_name":"Nest","player_choice":"Stole From Cult","floor":22.0,"gold_loss":0.0,"damage_taken":0.0},{"cards_removed":["Strike_G"],"damage_healed":0.0,"max_hp_gain":0.0,"max_hp_loss":0.0,"gold_gain":0.0,"event_name":"Back to Basics","player_choice":"Elegance","floor":25.0,"gold_loss":0.0,"damage_taken":0.0},{"damage_healed":0.0,"max_hp_gain":0.0,"max_hp_loss":0.0,"gold_gain":0.0,"event_name":"FaceTrader","player_choice":"Trade","floor":30.0,"gold_loss":0.0,"damage_taken":0.0,"relics_obtained":["FaceOfCleric"]},{"damage_healed":0.0,"max_hp_gain":0.0,"max_hp_loss":0.0,"gold_gain":0.0,"event_name":"SensoryStone","player_choice":"Memory 1","floor":42.0,"gold_loss":0.0,"damage_taken":0.0}],"is_beta":false,"boss_relics":[{"not_picked":["Calling Bell","Velvet Choker"],"picked":"Fusion Hammer"},{"not_picked":["SacredBark","Tiny House"],"picked":"Runic Pyramid"}],"items_purged_floors":[12,39],"is_endless":false,"potions_floor_spawned":[1,10,14,16,18,28,31,40,45,48,54],"killed_by":"The Heart","ascension_level":1}}