{"host":"uxx7prhn9zlu6i2v","time":1610497808,"event":{"mods":["100% Spire Juice","2.2 Compatiblity","AchievementEnabler","Act Like it!","Arknights The Spire","BaseMod","CapriCore","Colored Powertips","Dio Mod","Gensokyo","GifTheSpireLib","KomeijiMod","Marisa????????","Minty Spire (QoL Compilation)","Pale of the Ancients","Permanent Neow","Quick Restart","RNG Fix","Rare Cards Sparkle","Reimu??????","Relic Filter","Relic Sorter","Relic Stats","Spicy Shops","StSLib","Strawberry Spire","The Administrix","The Bug Knight","The Exalted","The Immortal","The Mystic","Yakumo Yukari mod","??????REMEMod"],"gold_per_floor":[214,54,65,77,77,77,77,77,127,127,139,150,150,177,177,274,274,293,293,306,326,346,346,346],"floor_reached":23,"language":"ENG","playtime":1026,"items_purged":[],"score":193,"play_id":"c071bfe0-e98a-4cc2-adfd-39b0ff69e09d","local_time":"20210112183008","is_ascension_mode":false,"campfire_choices":[{"data":"ats:Apocalypse","floor":6,"key":"SMITH"},{"data":"ats:Part Time Job","floor":13,"key":"SMITH"},{"data":"ats:Dogmatic Field","floor":15,"key":"SMITH"}],"circlet_count":0,"master_deck":["ats:Strike C","ats:Strike G","ats:Strike S","ats:Strike V","ats:Armor Crushing Shot","ats:Defend","ats:Defend","ats:Defend","ats:Defend","ats:Emotion Absorption+1","ats:Consecutive Shot Auto","ats:Apocalypse+1","ats:Explosion Area Strengthen","ats:Hammer On+1","ats:Part Time Job+1","ats:Charging Defense","ats:Dogmatic Field+1","ats:Shadow Assault","ats:Neurotoxin","ats:Powerful Strike+1"],"relics":["ats:Sanity","REME_ComplimentaryCards","Gensokyo:Bombinomicon","Bronze Scales","Gensokyo:CelestialsFlawlessClothing","ats:Originium","RuthlessExorcism:ReiMu","SlaversCollar","strawberrySpire:BonfireDress"],"acts_visited":["Gensokyo:Gensokyo","Gensokyo:Gensokyoer"],"potions_floor_usage":[16,16,23],"damage_taken":[{"damage":12,"enemies":"Gensokyo:Gryphon","floor":1,"turns":3},{"damage":1,"enemies":"Gensokyo:3_Fairies","floor":3,"turns":4},{"damage":1,"enemies":"Gensokyo:2_Kodama","floor":4,"turns":3},{"damage":2,"enemies":"Gensokyo:2_Rabbits","floor":11,"turns":3},{"damage":0,"enemies":"Gensokyo:LivingMonolith","floor":12,"turns":3},{"damage":2,"enemies":"Gensokyo:Aya","floor":14,"turns":3},{"damage":55,"enemies":"Gensokyo:Kokoro","floor":16,"turns":10},{"damage":6,"enemies":"Gensokyo:2_Gloops","floor":18,"turns":3},{"damage":17,"enemies":"Gensokyo:Chomper","floor":20,"turns":4},{"damage":51,"enemies":"Gensokyo:Monolith_and_Dog","floor":21,"turns":5},{"damage":38,"enemies":"Gensokyo:Wraith","floor":22,"turns":4},{"damage":132,"enemies":"Gensokyo:Tenshi","floor":23,"turns":4}],"seed_played":"-1838390945009572789","potions_obtained":[{"floor":4,"key":"ColorlessPotion"},{"floor":12,"key":"PowerPotion"},{"floor":16,"key":"AttackPotion"},{"floor":18,"key":"ZuzhouPotion:ReiMu"},{"floor":21,"key":"EssenceOfSteel"}],"is_trial":false,"path_per_floor":["M","?","M","M","?","R","?","?","T","?","M","M","R","E","R","B",null,"M","T","M","M","M","E"],"character_chosen":"DOCTOR_CLASS","items_purchased":[],"campfire_rested":0,"item_purchase_floors":[],"current_hp_per_floor":[60,60,59,58,58,58,58,58,58,40,38,44,44,42,42,56,72,66,66,58,25,7,0,0],"gold":346,"neow_bonus":"HUNDRED_GOLD","is_daily":false,"chose_seed":false,"campfire_upgraded":3,"win_rate":0.0,"timestamp":1610497808,"path_taken":["M","?","?","M","?","R","?","?","T","?","?","M","R","E","R","BOSS","M","?","?","M","M","E"],"items_purchased_type":[],"build_version":"2020-12-22","purchased_purges":0,"victory":false,"max_hp_per_floor":[72,72,72,72,72,72,72,72,72,72,72,72,72,72,72,72,72,72,72,72,72,72,72,72],"relic_stats":{"counters":[12,49],"Bronze Scales":[111],"obtain_stats":[{"SlaversCollar":17,"ats:Originium":14,"Bronze Scales":9,"Gensokyo:Bombinomicon":2,"ats:Sanity":0,"Gensokyo:CelestialsFlawlessClothing":10,"strawberrySpire:BonfireDress":19,"REME_ComplimentaryCards":0,"RuthlessExorcism:ReiMu":14},{"SlaversCollar":7,"ats:Originium":6,"Bronze Scales":3,"Gensokyo:Bombinomicon":1,"ats:Sanity":0,"Gensokyo:CelestialsFlawlessClothing":3,"strawberrySpire:BonfireDress":8,"REME_ComplimentaryCards":0,"RuthlessExorcism:ReiMu":6},{"SlaversCollar":29,"ats:Originium":19,"Bronze Scales":10,"Gensokyo:Bombinomicon":3,"ats:Sanity":0,"Gensokyo:CelestialsFlawlessClothing":10,"strawberrySpire:BonfireDress":32,"REME_ComplimentaryCards":0,"RuthlessExorcism:ReiMu":19}]},"card_choices":[{"not_picked":["ats:Collapsing Strike","ats:Assault Order"],"picked":"ats:Consecutive Shot Auto","floor":1},{"not_picked":["ats:Leaping Hammer","ats:Flexible Camouflage"],"picked":"ats:Apocalypse","floor":3},{"not_picked":["ats:Nebulous Foxfire","ats:Curse Doll"],"picked":"ats:Explosion Area Strengthen","floor":4},{"not_picked":["ats:Revitalization","ats:Shell Defense"],"picked":"ats:Part Time Job","floor":11},{"not_picked":["ats:Shadow Raid","ats:Ignite"],"picked":"ats:Charging Defense","floor":12},{"not_picked":["ats:Childhood Dance","ats:LN2 Cannon"],"picked":"ats:Dogmatic Field","floor":14},{"not_picked":["ats:Soul Rend","ats:Fractured Body"],"picked":"ats:Shadow Assault","floor":16},{"not_picked":["ats:Directed Diagnosis","ats:Shell Defense+1","ats:Revitalization"],"picked":"SKIP","floor":18},{"not_picked":["ats:Healing Drone","ats:Consecutive Shot Auto"],"picked":"ats:Neurotoxin","floor":20},{"not_picked":["ats:Childhood Dance+1","ats:Steam Pump"],"picked":"ats:Powerful Strike+1","floor":21},{"not_picked":["ats:Ignite","ats:Very Hot Blade","ats:Revitalization"],"picked":"SKIP","floor":22}],"player_experience":1747586,"relics_obtained":[{"floor":9,"key":"Bronze Scales"},{"floor":14,"key":"ats:Originium"},{"floor":14,"key":"RuthlessExorcism:ReiMu"},{"floor":19,"key":"strawberrySpire:BonfireDress"}],"event_choices":[],"is_beta":false,"boss_relics":[{"not_picked":["strawberrySpire:Dictionifier","Black Star"],"picked":"SlaversCollar"}],"items_purged_floors":[],"is_endless":false,"potions_floor_spawned":[4,12,16,18,21],"killed_by":"Gensokyo:Tenshi","ascension_level":0}}