{"host":"t4313i2190y6fz3q","time":1610579155,"event":{"mods":["2.2 Compatiblity","AchievementEnabler","Act Like it!","BaseMod","Colored Powertips","Downfall","Highlight Path","Minty Spire (QoL Compilation)","Permanent Neow","Quick Restart","Rare Cards Sparkle","StSLib"],"gold_per_floor":[18,34,34,54,54,86,103,103,103,103,150,150,175,188,188,292,292,307,307,321,339,339,339,365,365,365,383,383,398,398,398,398,494,494,505,505,520,531,549,549,578,578,578,578,590,570,588,119,119,119],"floor_reached":51,"language":"ENG","playtime":1578,"items_purged":["Defend_R"],"score":1075,"play_id":"27dbeda8-c89b-45b3-aeca-11f31fd7993c","local_time":"20210113150555","is_ascension_mode":true,"campfire_choices":[{"data":"Bash","floor":10.0,"key":"SMITH"},{"data":"Flex","floor":12.0,"key":"SMITH"},{"data":"Whirlwind","floor":15.0,"key":"SMITH"},{"data":"Berserk","floor":23.0,"key":"SMITH"},{"data":"Limit Break","floor":25.0,"key":"SMITH"},{"data":"Rupture","floor":28.0,"key":"SMITH"},{"data":"Bloodletting","floor":32.0,"key":"SMITH"},{"data":"Immolate","floor":40,"key":"SMITH"},{"data":"expansioncontent:LastStand","floor":49,"key":"SMITH"}],"circlet_count":0,"master_deck":["AscendersBane","Defend_R","Defend_R","Defend_R","Bash+1","Clothesline","Cleave","Limit Break+1","Whirlwind+1","Flex+1","Shrug It Off","Spot Weakness","Berserk+1","Bloodletting+1","Inflame+1","Slimebound:Tackle+1","Slimebound:Tackle+1","Slimebound:Tackle+1","Shrug It Off","Heavy Blade+1","Blood for Blood","Rupture+1","Immolate+1","Twin Strike+1","expansioncontent:LastStand+1"],"relics":["Black Blood","TungstenRod","CultistMask","Lizard Tail","Magic Flower","Ancient Tea Set","Prayer Wheel","Meat on the Bone","Pantograph","Enchiridion","Busted Crown","Happy Flower","Molten Egg 2","Oddly Smooth Stone","OrangePellets"],"acts_visited":["Exordium","TheCity","TheBeyond"],"potions_floor_usage":[42,50],"damage_taken":[{"damage":4.0,"enemies":"Cultist","floor":1.0,"turns":4.0},{"damage":6.0,"enemies":"Small Slimes","floor":2.0,"turns":3.0},{"damage":2.0,"enemies":"Jaw Worm","floor":4.0,"turns":4.0},{"damage":35.0,"enemies":"Lagavulin","floor":6.0,"turns":9.0},{"damage":6.0,"enemies":"3 Louse","floor":7.0,"turns":3.0},{"damage":26.0,"enemies":"Gremlin Nob","floor":13.0,"turns":5.0},{"damage":9.0,"enemies":"Large Slime","floor":14.0,"turns":5.0},{"damage":23.0,"enemies":"Slime Boss","floor":16.0,"turns":10.0},{"damage":25.0,"enemies":"2 Thieves","floor":18.0,"turns":4.0},{"damage":36.0,"enemies":"Shell Parasite","floor":20.0,"turns":3.0},{"damage":17.0,"enemies":"Chosen and Byrds","floor":21.0,"turns":6.0},{"damage":26.0,"enemies":"Slavers","floor":24.0,"turns":3.0},{"damage":22.0,"enemies":"Sentry and Sphere","floor":27.0,"turns":5.0},{"damage":1.0,"enemies":"Snecko","floor":29.0,"turns":3.0},{"damage":0.0,"enemies":"Chosen and Byrds","floor":31.0,"turns":1.0},{"damage":52.0,"enemies":"Automaton","floor":33.0,"turns":5.0},{"damage":26,"enemies":"3 Shapes","floor":35,"turns":3},{"damage":0,"enemies":"Orb Walker","floor":37,"turns":2},{"damage":8,"enemies":"4 Shapes","floor":38,"turns":2},{"damage":35,"enemies":"Sphere and 2 Shapes","floor":39,"turns":5},{"damage":53,"enemies":"Reptomancer","floor":41,"turns":6},{"damage":0,"enemies":"Writhing Mass","floor":42,"turns":1},{"damage":51,"enemies":"Transient","floor":45,"turns":5},{"damage":25,"enemies":"Jaw Worm Horde","floor":47,"turns":3},{"damage":75,"enemies":"Time Eater","floor":50,"turns":6}],"seed_played":"-413560792903308970","potions_obtained":[{"floor":1.0,"key":"Weak Potion"},{"floor":4.0,"key":"Block Potion"},{"floor":14.0,"key":"Guardian:BlockOnCardUsePotion"},{"floor":16.0,"key":"AttackPotion"},{"floor":20.0,"key":"SkillPotion"},{"floor":24.0,"key":"SmokeBomb"},{"floor":33.0,"key":"FearPotion"},{"floor":36,"key":"SmokeBomb"},{"floor":36,"key":"SteroidPotion"},{"floor":45,"key":"Block Potion"},{"floor":46,"key":"FairyPotion"}],"is_trial":false,"path_per_floor":["M","M","$","M","?","E","M","$","T","R","T","R","E","M","R","B",null,"M","?","M","M","?","R","E","R","T","M","R","M","?","M","R","B",null,"M","?","M","M","M","R","E","M","T","?","M","?","M","$","R","B",null],"character_chosen":"IRONCLAD","items_purchased":["Oddly Smooth Stone","OrangePellets","expansioncontent:LastStand"],"campfire_rested":0,"item_purchase_floors":[48,48,48],"current_hp_per_floor":[74,74,74,78,78,49,49,49,49,49,49,49,32,32,32,18,65,58,58,40,41,41,41,33,33,33,47,47,64,52,70,70,64,76,68,68,80,80,63,63,46,64,64,64,49,49,60,60,60,52],"gold":119,"neow_bonus":"ONE_RARE_RELIC","is_daily":false,"chose_seed":false,"campfire_upgraded":9,"win_rate":0.0,"timestamp":1610579155,"path_taken":["M","M","?","M","?","E","?","?","T","R","?","R","E","M","R","BOSS","M","?","M","M","?","R","E","R","T","M","R","M","?","M","R","BOSS","M","?","M","M","M","R","E","?","T","?","M","?","M","$","R","BOSS"],"items_purchased_type":["Relic","Relic","Card"],"build_version":"2020-12-22","purchased_purges":1,"victory":true,"max_hp_per_floor":[80,80,80,80,80,80,80,80,80,80,80,80,80,80,80,80,80,80,80,80,80,80,80,80,80,80,80,80,80,80,80,80,80,80,80,80,80,80,80,80,80,80,80,76,76,76,76,76,76,76],"card_choices":[{"not_picked":["Disarm","Second Wind"],"picked":"Clothesline","floor":1.0},{"not_picked":["Ghostly Armor","Shockwave"],"picked":"Cleave","floor":2.0},{"not_picked":["Clash","Perfected Strike"],"picked":"Limit Break","floor":4.0},{"not_picked":["Sentinel","Dark Embrace"],"picked":"Whirlwind","floor":6.0},{"not_picked":["Pommel Strike","Thunderclap"],"picked":"Flex","floor":7.0},{"not_picked":["Iron Wave","Twin Strike","Limit Break"],"picked":"SKIP","floor":13.0},{"not_picked":["Clothesline","Havoc"],"picked":"Shrug It Off","floor":14.0},{"not_picked":["Thunderclap","Burning Pact"],"picked":"Spot Weakness","floor":14.0},{"not_picked":["Fiend Fire","Bludgeon"],"picked":"Berserk","floor":16.0},{"not_picked":["Headbutt","Rage"],"picked":"Bloodletting","floor":18.0},{"not_picked":["Uppercut","Sever Soul"],"picked":"Inflame+1","floor":18.0},{"not_picked":["Infernal Blade","Metallicize"],"picked":"Shrug It Off","floor":20.0},{"not_picked":["Dropkick","Spot Weakness","Wild Strike"],"picked":"SKIP","floor":20.0},{"not_picked":["Entrench+1","Disarm+1"],"picked":"Heavy Blade+1","floor":21.0},{"not_picked":["Armaments","Metallicize","Havoc"],"picked":"SKIP","floor":21.0},{"not_picked":["Sever Soul+1","Exhume","Second Wind"],"picked":"SKIP","floor":24.0},{"not_picked":["Anger","Warcry"],"picked":"Blood for Blood","floor":27.0},{"not_picked":["Anger","Sentinel"],"picked":"Rupture","floor":27.0},{"not_picked":["Infernal Blade","Clash+1","Hemokinesis"],"picked":"SKIP","floor":29.0},{"not_picked":["Armaments","Headbutt","Intimidate"],"picked":"SKIP","floor":29.0},{"not_picked":["Exhume","Brutality"],"picked":"Immolate","floor":33.0},{"not_picked":["Shrug It Off"],"picked":"SKIP","floor":35},{"not_picked":["Twin Strike"],"picked":"SKIP","floor":35},{"not_picked":["Clash"],"picked":"SKIP","floor":37},{"not_picked":["Clothesline"],"picked":"SKIP","floor":37},{"not_picked":["Thunderclap"],"picked":"SKIP","floor":38},{"not_picked":["Iron Wave"],"picked":"SKIP","floor":38},{"not_picked":["Second Wind+1"],"picked":"SKIP","floor":39},{"not_picked":["Shrug It Off+1"],"picked":"SKIP","floor":39},{"not_picked":["Shrug It Off+1"],"picked":"SKIP","floor":41},{"not_picked":[],"picked":"Twin Strike+1","floor":45},{"not_picked":["Dark Embrace"],"picked":"SKIP","floor":45},{"not_picked":["Wild Strike+1"],"picked":"SKIP","floor":47},{"not_picked":["Limit Break"],"picked":"SKIP","floor":47}],"player_experience":210086,"relics_obtained":[{"floor":6.0,"key":"Lizard Tail"},{"floor":9.0,"key":"Magic Flower"},{"floor":11.0,"key":"Ancient Tea Set"},{"floor":13.0,"key":"Prayer Wheel"},{"floor":24.0,"key":"Meat on the Bone"},{"floor":26.0,"key":"Pantograph"},{"floor":30.0,"key":"Enchiridion"},{"floor":41,"key":"Happy Flower"},{"floor":43,"key":"Molten Egg 2"}],"event_choices":[{"damage_healed":0.0,"max_hp_gain":0.0,"max_hp_loss":0.0,"gold_gain":0.0,"event_name":"FaceTrader","player_choice":"Trade","floor":5.0,"gold_loss":0.0,"damage_taken":0.0,"relics_obtained":["CultistMask"]},{"damage_healed":0.0,"max_hp_gain":0.0,"max_hp_loss":0.0,"gold_gain":0.0,"event_name":"Ghosts","player_choice":"Ignored","floor":22.0,"gold_loss":0.0,"damage_taken":0.0},{"damage_healed":0.0,"max_hp_gain":0.0,"max_hp_loss":0.0,"gold_gain":0.0,"event_name":"Cursed Tome","player_choice":"Obtained Book","floor":30.0,"gold_loss":0.0,"damage_taken":16.0},{"damage_healed":0,"gold_gain":0,"player_choice":"Got Potions","damage_taken":0,"max_hp_gain":0,"max_hp_loss":0,"event_name":"Lab","floor":36,"gold_loss":0},{"damage_healed":0,"gold_gain":0,"player_choice":"Max HP","damage_taken":0,"max_hp_gain":0,"max_hp_loss":4,"event_name":"Winding Halls","floor":44,"gold_loss":0},{"damage_healed":0,"gold_gain":0,"player_choice":"Bought 1 Potion","damage_taken":0,"max_hp_gain":0,"max_hp_loss":0,"event_name":"The Woman in Blue","floor":46,"gold_loss":0}],"is_beta":false,"boss_relics":[{"not_picked":["SacredBark","Runic Cube"],"picked":"Black Blood"},{"not_picked":["Pandora\u0027s Box","Runic Dome"],"picked":"Busted Crown"}],"items_purged_floors":[48],"is_endless":false,"potions_floor_spawned":[1,4,14,16,20,24,31,33,37,45,47],"ascension_level":11}}