{"host":"fm9e0lfunjlbhzxv","time":1610498302,"event":{"mods":["100% Spire Juice","2.2 Compatiblity","Abigail Mod","Astrologer","Bartender","BaseMod","Bestiary","Better Match","Better Skull","Better Third Choice","Colored Map","Colored Powertips","Downfall","Energized Spire","Key Reminder","Koishi","Magitek Elite","Minty Spire (QoL Compilation)","Permanent Neow","Rare Cards Sparkle","Relic Stats","Spicy Shops","StSLib","The Administrix","The Bug Knight","The Cursed","The Disciple","The Servant 0.9.4","The Vixen","slay the spire mod where everything is the same but ironclad has a cowboy hat"],"gold_per_floor":[199,215,365,385,401,426,426,439,439,439,439],"floor_reached":9,"language":"ENG","playtime":671,"items_purged":[],"score":66,"play_id":"980237a9-050f-4d1d-ba16-c04cf0821012","local_time":"20210112163822","is_ascension_mode":true,"campfire_choices":[{"floor":1,"key":"RECALL"}],"circlet_count":0,"master_deck":["Guardian:Strike_Guardian","Guardian:Strike_Guardian","Guardian:Strike_Guardian","Guardian:Strike_Guardian","Guardian:Defend_Guardian","Guardian:Defend_Guardian","Guardian:Defend_Guardian","Guardian:Defend_Guardian","Guardian:CurlUp","Guardian:TwinSlam","Guardian:Gem_Purple","Slimebound:Icky","Guardian:Harden","Guardian:EvasiveProtocol","Guardian:Gem_Crimson","Guardian:Gem_Synthetic"],"relics":["Guardian:ModeShifter","Kunai"],"acts_visited":["Exordium"],"potions_floor_usage":[],"damage_taken":[{"damage":5,"enemies":"Small Slimes","floor":2,"turns":4},{"damage":0,"enemies":"Cultist","floor":4,"turns":4},{"damage":0,"enemies":"Jaw Worm","floor":5,"turns":5},{"damage":45,"enemies":"3 Sentries","floor":6,"turns":20},{"damage":17,"enemies":"Exordium Thugs","floor":8,"turns":6},{"damage":13,"enemies":"HollowMod:MossKnight","floor":9,"turns":10}],"seed_played":"6467638580168291264","potions_obtained":[{"floor":2,"key":"sneckomod:MuddlingPotion"},{"floor":8,"key":"ColorlessPotion"}],"is_trial":false,"path_per_floor":["R","M","?","M","M","E","T","M","E"],"character_chosen":"GUARDIAN","items_purchased":[],"campfire_rested":0,"item_purchase_floors":[],"current_hp_per_floor":[80,75,75,75,75,30,30,13,0,0,0],"gold":439,"neow_bonus":"HUNDRED_GOLD","is_daily":false,"chose_seed":false,"campfire_upgraded":0,"win_rate":0.0,"timestamp":1610498302,"path_taken":["R","M","?","M","M","E","T","M","E"],"items_purchased_type":[],"build_version":"2020-12-22","purchased_purges":0,"victory":false,"max_hp_per_floor":[80,80,80,80,80,80,80,80,80,80,80],"relic_stats":{"counters":[6,49],"Kunai":[1],"obtain_stats":[{"keyreminder:keyreminder":1,"Guardian:ModeShifter":0,"Kunai":6},{"keyreminder:keyreminder":0,"Guardian:ModeShifter":0,"Kunai":4},{"keyreminder:keyreminder":0,"Guardian:ModeShifter":0,"Kunai":33}]},"card_choices":[{"not_picked":["Guardian:ChargeUp","Guardian:Reroute"],"picked":"Guardian:Gem_Purple","floor":2},{"not_picked":["Guardian:MultiBeam","Guardian:ChargeCore"],"picked":"Guardian:Harden","floor":4},{"not_picked":["Guardian:PiercingHide","Guardian:ChargeCore"],"picked":"Guardian:EvasiveProtocol","floor":5},{"not_picked":["Guardian:Repulse","Guardian:DecasProtection"],"picked":"Guardian:Gem_Crimson","floor":6},{"not_picked":["Guardian:ShieldCharger","Guardian:Preprogram"],"picked":"Guardian:Gem_Synthetic","floor":8}],"player_experience":808531,"relics_obtained":[{"floor":6,"key":"Kunai"}],"event_choices":[],"is_beta":false,"boss_relics":[],"items_purged_floors":[],"is_endless":false,"potions_floor_spawned":[2,8],"killed_by":"HollowMod:MossKnight","ascension_level":1}}