{"host":"04hh9gplt9wkfmr1","time":1610543337,"event":{"mods":["AchievementEnabler","BaseMod","Colored Map","KOR Keyword Fix","Minty Spire (QoL Compilation)","Rare Cards Sparkle","SuperFastMode"],"gold_per_floor":[110,110,110,120,120,120,146,146,199,225,225,254,254,254],"floor_reached":13,"language":"KOR","playtime":274,"items_purged":[],"score":102,"play_id":"17ac60fc-d944-44f3-a519-d7397a8a7446","local_time":"20210113220857","is_ascension_mode":true,"campfire_choices":[{"data":"Capacitor","floor":6,"key":"SMITH"},{"data":"Dualcast","floor":8,"key":"SMITH"},{"data":"Zap","floor":11,"key":"SMITH"}],"circlet_count":0,"master_deck":["Strike_B","Strike_B","Strike_B","Strike_B","Defend_B","Defend_B","Defend_B","Defend_B","Zap+1","Dualcast+1","Chill","Capacitor+1","Chill","Hologram","Self Repair"],"relics":["Cracked Core","Kunai","Potion Belt","Oddly Smooth Stone","Boot","Odd Mushroom"],"acts_visited":["Exordium"],"potions_floor_usage":[10],"damage_taken":[{"damage":1,"enemies":"Cultist","floor":1,"turns":3},{"damage":8,"enemies":"Small Slimes","floor":4,"turns":3},{"damage":26,"enemies":"3 Sentries","floor":7,"turns":12},{"damage":19,"enemies":"Gremlin Nob","floor":10,"turns":4},{"damage":12,"enemies":"The Mushroom Lair","floor":12,"turns":5},{"damage":24,"enemies":"Lagavulin","floor":13,"turns":5}],"seed_played":"1020634685218123667","potions_obtained":[{"floor":1,"key":"AttackPotion"},{"floor":7,"key":"BlessingOfTheForge"},{"floor":12,"key":"Energy Potion"}],"is_trial":false,"path_per_floor":["M","$","?","M","$","R","E","R","T","E","R","?","E"],"character_chosen":"DEFECT","items_purchased":[],"campfire_rested":0,"item_purchase_floors":[],"current_hp_per_floor":[81,81,81,73,73,73,47,47,47,28,28,16,0,0],"gold":254,"neow_bonus":"TEN_PERCENT_HP_BONUS","is_daily":false,"chose_seed":false,"campfire_upgraded":3,"win_rate":0.0,"timestamp":1610543337,"path_taken":["M","?","?","?","$","R","E","R","T","E","R","?","E"],"items_purchased_type":[],"build_version":"2020-12-22","purchased_purges":0,"victory":false,"max_hp_per_floor":[82,82,82,82,82,82,82,82,82,82,82,82,82,82],"card_choices":[{"not_picked":["Force Field","Rip and Tear"],"picked":"Chill","floor":1},{"not_picked":["Steam","Cold Snap"],"picked":"Capacitor","floor":4},{"not_picked":["Rebound","Turbo"],"picked":"Chill","floor":7},{"not_picked":["Storm","Turbo"],"picked":"Hologram","floor":10},{"not_picked":["Steam","Turbo"],"picked":"Self Repair","floor":12}],"player_experience":20598,"relics_obtained":[{"floor":7,"key":"Potion Belt"},{"floor":9,"key":"Oddly Smooth Stone"},{"floor":10,"key":"Boot"},{"floor":12,"key":"Odd Mushroom"}],"event_choices":[{"damage_healed":0,"gold_gain":0,"player_choice":"Gave Potion","damage_taken":0,"relics_obtained":["Kunai"],"max_hp_gain":0,"max_hp_loss":0,"event_name":"WeMeetAgain","floor":3,"gold_loss":0},{"damage_healed":0,"gold_gain":0,"player_choice":"Fought Mushrooms","damage_taken":0,"max_hp_gain":0,"max_hp_loss":0,"event_name":"Mushrooms","floor":12,"gold_loss":0}],"is_beta":false,"boss_relics":[],"items_purged_floors":[],"is_endless":false,"potions_floor_spawned":[1,7,12],"killed_by":"Lagavulin","ascension_level":3}}