{"host":"344lv32hnei0mdhu","time":1610551152,"event":{"mods":["Act Like it!","BaseMod","Better Match","Better Sensory Stone","Better Skull","Better Third Choice","Better Vampires","Colored Powertips","Highlight Path","Minty Spire (QoL Compilation)","Quick Restart","Random Character Button","Rare Cards Sparkle","StSLib"],"gold_per_floor":[119,41,141,155,165,194,194,223,278,292,292,312,312,342,342,437,437,448,459,163,163,11,11,24,24,97,114,213,213,213],"floor_reached":29,"language":"ENG","playtime":1365,"items_purged":[],"score":368,"play_id":"979e9c8a-b3f6-4f13-b613-d37be4cfb897","local_time":"20210113091912","is_ascension_mode":true,"campfire_choices":[{"data":"Inflame","floor":7,"key":"SMITH"},{"floor":11,"key":"REST"},{"floor":15,"key":"REST"},{"floor":23,"key":"RECALL"}],"circlet_count":0,"master_deck":["AscendersBane","Strike_R+1","Strike_R","Strike_R","Strike_R","Strike_R","Defend_R","Defend_R","Defend_R","Defend_R","Bash+1","Infernal Blade","Inflame+1","Twin Strike","Shrug It Off","Armaments","Wild Strike","Power Through","Immolate","Reaper","Spot Weakness+1","Blood for Blood+1","Inflame","Ghostly Armor"],"relics":["Burning Blood","NeowsBlessing","Pantograph","Bag of Preparation","Akabeko","Whetstone","Mark of Pain","HandDrill","Orichalcum"],"acts_visited":["Exordium","TheCity"],"potions_floor_usage":[6,6,10,16,16,18,21],"damage_taken":[{"damage":0,"enemies":"Jaw Worm","floor":1,"turns":1},{"damage":0,"enemies":"Cultist","floor":4,"turns":1},{"damage":0,"enemies":"Small Slimes","floor":5,"turns":1},{"damage":37,"enemies":"3 Sentries","floor":6,"turns":6},{"damage":41,"enemies":"Gremlin Nob","floor":8,"turns":5},{"damage":0,"enemies":"Looter","floor":10,"turns":1},{"damage":1,"enemies":"2 Fungi Beasts","floor":12,"turns":4},{"damage":17,"enemies":"3 Sentries","floor":14,"turns":8},{"damage":56,"enemies":"Hexaghost","floor":16,"turns":12},{"damage":7,"enemies":"2 Thieves","floor":18,"turns":4},{"damage":30,"enemies":"3 Byrds","floor":19,"turns":7},{"damage":0,"enemies":"Cultist and Chosen","floor":21,"turns":1},{"damage":28,"enemies":"Snake Plant","floor":24,"turns":3},{"damage":4,"enemies":"Centurion and Healer","floor":27,"turns":4},{"damage":56,"enemies":"Book of Stabbing","floor":29,"turns":5}],"seed_played":"-3605269101421485600","potions_obtained":[{"floor":1,"key":"BloodPotion"},{"floor":5,"key":"PowerPotion"},{"floor":8,"key":"Block Potion"},{"floor":12,"key":"Energy Potion"},{"floor":14,"key":"Energy Potion"},{"floor":16,"key":"Block Potion"},{"floor":19,"key":"SmokeBomb"}],"is_trial":false,"path_per_floor":["M","$","?","M","M","E","R","E","T","M","R","M","?","E","R","B",null,"M","M","$","M","$","R","M","?","T","M","?","E"],"character_chosen":"IRONCLAD","items_purchased":["Inflame","HandDrill","Inflame","Ghostly Armor","Orichalcum"],"campfire_rested":2,"item_purchase_floors":[2,20,20,20,22],"current_hp_per_floor":[78,78,78,80,80,65,65,30,30,36,60,65,65,54,78,30,68,71,47,47,80,80,80,58,43,43,45,45,0,0],"gold":213,"neow_bonus":"THREE_ENEMY_KILL","is_daily":false,"chose_seed":false,"campfire_upgraded":1,"win_rate":0.0,"timestamp":1610551152,"path_taken":["M","$","?","?","M","E","R","E","T","M","R","M","?","E","R","BOSS","M","M","$","M","$","R","M","?","T","M","?","E"],"items_purchased_type":["Card","Relic","Card","Card","Relic"],"build_version":"2020-12-22","purchased_purges":0,"victory":false,"max_hp_per_floor":[80,80,80,80,80,80,80,80,80,80,80,80,80,80,80,80,80,80,80,80,80,80,80,80,85,85,85,85,85,85],"card_choices":[{"not_picked":["Cleave","Perfected Strike"],"picked":"Infernal Blade","floor":1},{"not_picked":["Burning Pact","Sever Soul"],"picked":"Twin Strike","floor":4},{"not_picked":["Flex","Wild Strike"],"picked":"Shrug It Off","floor":5},{"not_picked":["Body Slam","Dual Wield"],"picked":"Armaments","floor":6},{"not_picked":["Pommel Strike","Headbutt"],"picked":"Wild Strike","floor":8},{"not_picked":["Pommel Strike","True Grit","Warcry"],"picked":"SKIP","floor":10},{"not_picked":["Seeing Red","Heavy Blade"],"picked":"Power Through","floor":12},{"not_picked":["Rage","Sever Soul"],"picked":"Immolate","floor":14},{"not_picked":["Impervious","Corruption"],"picked":"Reaper","floor":16},{"not_picked":["Perfected Strike","Anger"],"picked":"Spot Weakness+1","floor":18},{"not_picked":["Iron Wave","Sentinel"],"picked":"Blood for Blood+1","floor":19},{"not_picked":["Sever Soul","Clothesline+1","Body Slam"],"picked":"SKIP","floor":24},{"not_picked":["Headbutt+1","Wild Strike","Blood for Blood"],"picked":"SKIP","floor":27}],"player_experience":330515,"relics_obtained":[{"floor":6,"key":"Pantograph"},{"floor":8,"key":"Bag of Preparation"},{"floor":9,"key":"Akabeko"},{"floor":14,"key":"Whetstone"}],"event_choices":[{"damage_healed":0,"gold_gain":100,"player_choice":"Pray","damage_taken":0,"max_hp_gain":0,"max_hp_loss":0,"event_name":"Golden Shrine","floor":3,"gold_loss":0},{"damage_healed":0,"gold_gain":0,"player_choice":"Left","damage_taken":0,"max_hp_gain":1,"max_hp_loss":0,"event_name":"betterThird:BetterGoop","floor":13,"gold_loss":0},{"damage_healed":0,"gold_gain":0,"player_choice":"Shed Blood","damage_taken":20,"max_hp_gain":5,"max_hp_loss":0,"event_name":"Forgotten Altar","floor":25,"gold_loss":0},{"damage_healed":0,"gold_gain":99,"player_choice":"Steal","damage_taken":0,"max_hp_gain":0,"max_hp_loss":0,"event_name":"betterThird:BetterNest","floor":28,"gold_loss":0}],"is_beta":false,"boss_relics":[{"not_picked":["Tiny House","Busted Crown"],"picked":"Mark of Pain"}],"items_purged_floors":[],"is_endless":false,"potions_floor_spawned":[1,5,8,12,14,16,19,21],"killed_by":"Book of Stabbing","ascension_level":10}}