{"host":"gquo1rsrdiuo0hhv","time":1610516276,"event":{"mods":["Act Like it!","BaseMod","Colored Powertips","Minty Spire (QoL Compilation)","StSLib"],"gold_per_floor":[137,175,214,15,0,30,30,30,56,131,149,188,188,200,200,298,298,343,348,386,386,386],"floor_reached":21,"language":"ENG","playtime":1342,"items_purged":["Strike_P"],"score":192,"play_id":"0aa34b85-5c6f-42a0-b280-c4ccfe1df28c","local_time":"20210113123756","is_ascension_mode":true,"campfire_choices":[{"data":"Vigilance","floor":8,"key":"SMITH"},{"floor":13,"key":"REST"},{"floor":15,"key":"REST"}],"circlet_count":0,"master_deck":["Strike_P","Strike_P","Strike_P","Defend_P","Defend_P","Defend_P","Defend_P","Eruption","Vigilance+1","Wish","Perseverance","PathToVictory","WindmillStrike","Protect","Wireheading","ClearTheMind","Weave","Sanctity","ThirdEye","LikeWater","DevaForm","FlyingSleeves+1","Consecrate+1"],"relics":["PureWater","Shuriken","Nunchaku","Busted Crown"],"acts_visited":["Exordium","TheCity"],"potions_floor_usage":[16,19],"damage_taken":[{"damage":1.0,"enemies":"Cultist","floor":1.0,"turns":5.0},{"damage":11.0,"enemies":"2 Louse","floor":2.0,"turns":4.0},{"damage":1,"enemies":"Jaw Worm","floor":3,"turns":5},{"damage":10,"enemies":"Looter","floor":5,"turns":4},{"damage":15,"enemies":"Lagavulin","floor":6,"turns":6},{"damage":3,"enemies":"Blue Slaver","floor":11,"turns":6},{"damage":9,"enemies":"Lots of Slimes","floor":12,"turns":5},{"damage":9,"enemies":"Exordium Thugs","floor":14,"turns":6},{"damage":23,"enemies":"The Guardian","floor":16,"turns":11},{"damage":16,"enemies":"3 Byrds","floor":18,"turns":9},{"damage":25,"enemies":"2 Thieves","floor":19,"turns":4},{"damage":11,"enemies":"Shelled Parasite and Fungi","floor":20,"turns":9},{"damage":23,"enemies":"Snake Plant","floor":21,"turns":4}],"seed_played":"6706885616617025578","potions_obtained":[{"floor":1.0,"key":"Energy Potion"},{"floor":2.0,"key":"Strength Potion"},{"floor":14,"key":"BottledMiracle"},{"floor":20,"key":"FearPotion"}],"is_trial":false,"path_per_floor":["M","M","M","$","M","E","T","R","T","?","M","M","R","M","R","B",null,"M","M","M","M"],"character_chosen":"WATCHER","items_purchased":["Protect","Wireheading"],"campfire_rested":2,"item_purchase_floors":[4,4],"current_hp_per_floor":[71,60,59,59,49,34,34,34,34,23,20,11,32,23,44,21,72,56,31,20,0,0],"gold":386,"neow_bonus":"ONE_RANDOM_RARE_CARD","is_daily":false,"chose_seed":false,"campfire_upgraded":1,"win_rate":0.0,"timestamp":1610516276,"path_taken":["M","M","M","$","M","E","?","R","T","?","M","M","R","M","R","BOSS","M","M","M","M"],"items_purchased_type":["Card","Card"],"build_version":"2020-12-22","purchased_purges":1,"victory":false,"max_hp_per_floor":[72,72,72,72,72,72,72,72,72,72,72,72,72,72,72,72,72,72,72,72,72,72],"card_choices":[{"not_picked":["Fasting2","Worship"],"picked":"Perseverance","floor":1.0},{"not_picked":["EmptyFist","FlyingSleeves"],"picked":"PathToVictory","floor":2.0},{"not_picked":["InnerPeace","EmptyBody"],"picked":"WindmillStrike","floor":3},{"not_picked":["ForeignInfluence","Perseverance"],"picked":"ClearTheMind","floor":5},{"not_picked":["InnerPeace","WaveOfTheHand"],"picked":"Weave","floor":6},{"not_picked":["Blasphemy","Consecrate"],"picked":"Sanctity","floor":11},{"not_picked":["Meditate","WreathOfFlame"],"picked":"ThirdEye","floor":12},{"not_picked":["DeceiveReality","WindmillStrike"],"picked":"LikeWater","floor":14},{"not_picked":["Brilliance","ConjureBlade"],"picked":"DevaForm","floor":16},{"not_picked":["Worship+1"],"picked":"SKIP","floor":18},{"not_picked":[],"picked":"FlyingSleeves+1","floor":19},{"not_picked":[],"picked":"Consecrate+1","floor":20}],"player_experience":377684,"relics_obtained":[{"floor":6,"key":"Shuriken"},{"floor":7,"key":"Nunchaku"}],"event_choices":[{"damage_healed":0,"gold_gain":75,"player_choice":"Gather Gold","damage_taken":11,"max_hp_gain":0,"max_hp_loss":0,"event_name":"World of Goop","floor":10,"gold_loss":0}],"is_beta":false,"boss_relics":[{"not_picked":["VioletLotus","Runic Dome"],"picked":"Busted Crown"}],"items_purged_floors":[4],"is_endless":false,"potions_floor_spawned":[1,2,14,20],"killed_by":"Snake Plant","ascension_level":1}}