{"host":"higlslami84dw7m6","time":1610503555,"event":{"mods":["BaseMod","Colored Map","Downfall","Minty Spire (QoL Compilation)","Permanent Neow","Relic Stats","StSLib"],"gold_per_floor":[99,109,109,109,129,156,156,66,78,78,104,104,104,121,132,227,227,227,240,240,340,340,354,354,364,389,402,420,420,270,370,386,490,490,490,509,509,509,525,450,474,488,488,155,168,226,226,101,120,120,120,155,81,81,81],"floor_reached":56,"language":"ENG","playtime":4048,"items_purged":["Pain","Slimebound:Strike_Slimebound","Slimebound:Defend_Slimebound"],"score":1318,"play_id":"57941eb6-d38f-4974-b040-ab24ad4daae2","local_time":"20210113030555","is_ascension_mode":true,"campfire_choices":[{"data":"Slimebound:Split","floor":1,"key":"SMITH"},{"data":"Slimebound:CorrosiveSpit","floor":10,"key":"SMITH"},{"data":"Slimebound:BestDefense","floor":13,"key":"SMITH"},{"floor":18,"key":"RECALL"},{"data":"Slimebound:ComboTackle","floor":30,"key":"SMITH"},{"data":"Slimebound:OozeBath","floor":35,"key":"SMITH"},{"data":"Slimebound:LeadByExample","floor":40,"key":"SMITH"},{"data":"Slimebound:FinishingTackle","floor":43,"key":"SMITH"},{"data":"Slimebound:RollThrough","floor":47,"key":"SMITH"},{"data":"Slimebound:Recollect","floor":54,"key":"SMITH"}],"circlet_count":0,"master_deck":["Slimebound:Tackle","Slimebound:Defend_Slimebound","Slimebound:Defend_Slimebound","Slimebound:Defend_Slimebound","Slimebound:Split+1","Slimebound:CorrosiveSpit+1","Slimebound:SplitMire","Slimebound:BestDefense+1","Slimebound:ComboTackle+1","Slimebound:Recollect+1","Slimebound:RollThrough+1","Slimebound:LeadByExample+1","Slimebound:OozeBath+1","Slimebound:SamplingLick+1","Slimebound:SamplingLick+1","J.A.X.+1","Slimebound:SplitSpecialist+1","Slimebound:FinishingTackle+1","Slimebound:SamplingLick+1","Slimebound:BestDefense+1","Slimebound:HauntingLick+1"],"relics":["Slimebound:AbsorbEndCombat","downfall:ShatteredFragment","WarpedTongs","Bag of Marbles","Lantern","Blood Vial","Coffee Dripper","Torii","Singing Bowl","Mercury Hourglass","Toxic Egg 2","downfall:HeartBlessingRed","downfall:HeartBlessingGreen","MutagenicStrength","expansioncontent:StudyCardRelic","downfall:HeartBlessingBlue","Orichalcum","Sling","Shuriken"],"acts_visited":["Exordium","TheCity","TheBeyond","TheEnding"],"potions_floor_usage":[16,16,19,21,21,21,21,26,26,28,49,55],"damage_taken":[{"damage":10,"enemies":"Jaw Worm","floor":2,"turns":3},{"damage":13,"enemies":"2 Louse","floor":5,"turns":4},{"damage":19,"enemies":"downfall:FleeingMerchant","floor":8,"turns":4},{"damage":12,"enemies":"Cultist","floor":9,"turns":2},{"damage":7,"enemies":"Gremlin Nob","floor":11,"turns":2},{"damage":16,"enemies":"Exordium Thugs","floor":14,"turns":3},{"damage":6,"enemies":"3 Louse","floor":15,"turns":2},{"damage":50,"enemies":"downfall:Defect","floor":16,"turns":5},{"damage":20,"enemies":"3 Byrds","floor":19,"turns":4},{"damage":14,"enemies":"downfall:Watcher","floor":21,"turns":4},{"damage":29,"enemies":"3 Cultists","floor":23,"turns":4},{"damage":29,"enemies":"Snake Plant","floor":25,"turns":4},{"damage":35,"enemies":"Slavers","floor":26,"turns":4},{"damage":20,"enemies":"Cultist and Chosen","floor":27,"turns":4},{"damage":42,"enemies":"Shelled Parasite and Fungi","floor":28,"turns":4},{"damage":21,"enemies":"downfall:Augmenter","floor":31,"turns":4},{"damage":19,"enemies":"Snecko","floor":32,"turns":3},{"damage":47,"enemies":"downfall:Ironclad","floor":33,"turns":7},{"damage":8,"enemies":"Orb Walker","floor":36,"turns":2},{"damage":15,"enemies":"Orb Walker","floor":37,"turns":3},{"damage":8,"enemies":"3 Shapes","floor":39,"turns":3},{"damage":24,"enemies":"Sphere and 2 Shapes","floor":42,"turns":3},{"damage":16,"enemies":"4 Shapes","floor":45,"turns":2},{"damage":18,"enemies":"downfall:FleeingMerchant","floor":46,"turns":4},{"damage":29,"enemies":"Jaw Worm Horde","floor":49,"turns":2},{"damage":25,"enemies":"downfall:Watcher","floor":50,"turns":4},{"damage":47,"enemies":"downfall:CharBossMerchant","floor":52,"turns":6},{"damage":161,"enemies":"downfall:NeowBoss","floor":55,"turns":28}],"seed_played":"-7817622456095757409","potions_obtained":[{"floor":11,"key":"sneckomod:MuddlingPotion"},{"floor":14,"key":"SneckoOil"},{"floor":15,"key":"EntropicBrew"},{"floor":16,"key":"CultistPotion"},{"floor":19,"key":"Strength Potion"},{"floor":21,"key":"FairyPotion"},{"floor":22,"key":"DistilledChaos"},{"floor":22,"key":"LiquidMemories"},{"floor":25,"key":"Fire Potion"},{"floor":26,"key":"Weak Potion"},{"floor":36,"key":"Guardian:BlockOnCardUsePotion"},{"floor":39,"key":"SkillPotion"},{"floor":45,"key":"DistilledChaos"}],"is_trial":false,"path_per_floor":["R","M","?","?","M","T","T","$","M","R","E","?","R","M","M","B",null,"R","M","?","?","?","M","T","M","E","M","M","?","R","?","M","B",null,"R","M","?","T","M","R","T","M","R","?","M","$","R","?","M","B",null,"E","$","R","B",null],"character_chosen":"SLIMEBOUND","items_purchased":["Sling","Slimebound:HauntingLick+1"],"campfire_rested":0,"item_purchase_floors":[46,53],"current_hp_per_floor":[66,66,48,48,47,47,47,48,54,54,57,57,57,63,66,44,66,66,64,64,68,68,64,64,57,50,58,42,66,66,67,72,61,78,78,80,82,82,84,94,94,89,89,108,98,104,104,104,103,109,112,94,94,94,27],"gold":81,"neow_bonus":"TEN_PERCENT_HP_BONUS","is_daily":false,"chose_seed":false,"campfire_upgraded":9,"win_rate":0.0,"timestamp":1610503555,"path_taken":["R","M","?","?","?","?","T","$","M","R","E","?","R","M","M","BOSS","R","M","?","?","?","M","T","M","E","M","?","?","R","?","M","BOSS","R","M","?","?","M","R","T","M","R","?","M","$","R","?","M","BOSS","E","$","R","BOSS"],"items_purchased_type":["Relic","Card"],"build_version":"2020-12-22","purchased_purges":3,"victory":true,"max_hp_per_floor":[66,66,66,66,66,66,66,66,66,66,66,66,66,66,66,66,66,66,66,66,68,68,70,70,72,72,74,74,74,74,76,76,78,78,78,80,82,82,84,94,94,96,96,108,108,110,110,110,112,112,112,114,114,114,114],"relic_stats":{"Blood Vial":28,"Torii":13,"Singing Bowl":26,"counters":[28,120],"Shuriken":[7],"Orichalcum":[6],"obtain_stats":[{"Lantern":7,"downfall:ShatteredFragment":3,"Torii":21,"Singing Bowl":21,"downfall:HeartBlessingRed":30,"downfall:HeartBlessingGreen":30,"expansioncontent:StudyCardRelic":34,"Orichalcum":41,"Sling":46,"WarpedTongs":4,"Mercury Hourglass":24,"Blood Vial":11,"downfall:HeartBlessingBlue":40,"Shuriken":52,"MutagenicStrength":31,"Slimebound:AbsorbEndCombat":0,"Bag of Marbles":6,"Coffee Dripper":17,"Toxic Egg 2":26},{"Lantern":2,"downfall:ShatteredFragment":1,"Torii":10,"Singing Bowl":10,"downfall:HeartBlessingRed":15,"downfall:HeartBlessingGreen":15,"expansioncontent:StudyCardRelic":18,"Orichalcum":21,"Sling":24,"WarpedTongs":1,"Mercury Hourglass":11,"Blood Vial":5,"downfall:HeartBlessingBlue":21,"Shuriken":27,"MutagenicStrength":16,"Slimebound:AbsorbEndCombat":0,"Bag of Marbles":2,"Coffee Dripper":8,"Toxic Egg 2":13},{"Lantern":6,"downfall:ShatteredFragment":3,"Torii":31,"Singing Bowl":31,"downfall:HeartBlessingRed":50,"downfall:HeartBlessingGreen":50,"expansioncontent:StudyCardRelic":64,"Orichalcum":71,"Sling":80,"WarpedTongs":3,"Mercury Hourglass":35,"Blood Vial":14,"downfall:HeartBlessingBlue":71,"Shuriken":92,"MutagenicStrength":54,"Slimebound:AbsorbEndCombat":0,"Bag of Marbles":6,"Coffee Dripper":24,"Toxic Egg 2":42}],"WarpedTongs":[117],"Mercury Hourglass":[233]},"card_choices":[{"not_picked":["Slimebound:Schlurp","Slimebound:SamplingLick"],"picked":"Slimebound:SplitMire","floor":2},{"not_picked":["Slimebound:ProtectTheBoss","Slimebound:RollThrough","Slimebound:FormOfPuddle"],"picked":"SKIP","floor":5},{"not_picked":["Slimebound:GoopSpray","Slimebound:RallyTheTroops"],"picked":"Slimebound:BestDefense","floor":8},{"not_picked":["Slimebound:PressTheAttack","Slimebound:DivideAndConquer"],"picked":"Slimebound:ComboTackle","floor":9},{"not_picked":["Slimebound:PrepareCrush","Slimebound:ServeAndProtect"],"picked":"Slimebound:Recollect","floor":11},{"not_picked":["Slimebound:SlimeSpikes","Slimebound:GrowthPunch"],"picked":"Slimebound:RollThrough","floor":14},{"not_picked":["Slimebound:LeechingTouch","Slimebound:SplitLeeching"],"picked":"Slimebound:LeadByExample","floor":15},{"not_picked":["Slimebound:DuplicatedForm","Slimebound:MassRepurpose"],"picked":"Slimebound:OozeBath","floor":16},{"not_picked":["Slimebound:LeechingTouch","Slimebound:ServeAndProtect+1","Slimebound:Recollect"],"picked":"SKIP","floor":19},{"not_picked":["Slimebound:GoopSpray","Slimebound:GoopTackle","Slimebound:AcidTongue"],"picked":"Singing Bowl","floor":21},{"not_picked":["Slimebound:GoopSpray","Slimebound:RejuvenatingLick","Slimebound:PressTheAttack"],"picked":"Singing Bowl","floor":23},{"not_picked":["Slimebound:SpikyOuterGoop","Slimebound:GoopSpray","Slimebound:ViciousTackle"],"picked":"Singing Bowl","floor":25},{"not_picked":["Slimebound:SlimeTap+1","Slimebound:FinishingTackle"],"picked":"Slimebound:SamplingLick+1","floor":26},{"not_picked":["Slimebound:Schlurp+1","Slimebound:Dissolve+1","Slimebound:SplitMire+1"],"picked":"Singing Bowl","floor":27},{"not_picked":["Slimebound:LeechingTouch","Slimebound:SplitMire+1"],"picked":"Slimebound:SamplingLick+1","floor":28},{"not_picked":[],"picked":"J.A.X.+1","floor":31},{"not_picked":["Slimebound:SlimeBrawl+1","Slimebound:Schlurp+1","Slimebound:SplitSpecialist+1"],"picked":"Singing Bowl","floor":31},{"not_picked":["Slimebound:PressTheAttack","Slimebound:RollThrough"],"picked":"Slimebound:SamplingLick+1","floor":32},{"not_picked":["Slimebound:MassRepurpose+1","Slimebound:Darklings+1","Slimebound:Recycling"],"picked":"Singing Bowl","floor":33},{"not_picked":["Slimebound:RollThrough+1","Slimebound:ForwardTackle","Slimebound:SlimeSpikes+1"],"picked":"Singing Bowl","floor":36},{"not_picked":["Slimebound:DisruptingSlam","Slimebound:SlimeBarrage","Slimebound:ViciousTackle"],"picked":"Singing Bowl","floor":37},{"not_picked":["Slimebound:LeechingTouch","Slimebound:DisruptingSlam+1","Slimebound:SelfFormingGoo"],"picked":"Singing Bowl","floor":39},{"not_picked":["Slimebound:LeechingTouch","Slimebound:SplitBruiser+1","Slimebound:GoopSpray+1"],"picked":"Singing Bowl","floor":42},{"not_picked":["Slimebound:FirmFortitude","Slimebound:SplitLeeching+1"],"picked":"Slimebound:BestDefense+1","floor":45},{"not_picked":["Slimebound:SplitMire+1","Slimebound:RejuvenatingLick+1","Slimebound:FinishingTackle"],"picked":"Singing Bowl","floor":46},{"not_picked":["Slimebound:SplitMire+1","Slimebound:SplitLeeching+1","Slimebound:SlimeBarrage+1"],"picked":"Singing Bowl","floor":49},{"not_picked":["Slimebound:RollThrough","Slimebound:TagTeam","Slimebound:LeechEnergy"],"picked":"Singing Bowl","floor":52}],"player_experience":910632,"relics_obtained":[{"floor":6,"key":"Bag of Marbles"},{"floor":7,"key":"Lantern"},{"floor":11,"key":"Blood Vial"},{"floor":21,"key":"Torii"},{"floor":21,"key":"Singing Bowl"},{"floor":24,"key":"Mercury Hourglass"},{"floor":26,"key":"Toxic Egg 2"},{"floor":31,"key":"MutagenicStrength"},{"floor":41,"key":"Orichalcum"},{"floor":52,"key":"Shuriken"}],"event_choices":[{"damage_healed":0,"gold_gain":0,"player_choice":"Rummage","damage_taken":0,"relics_obtained":["WarpedTongs"],"max_hp_gain":0,"max_hp_loss":0,"event_name":"Accursed Blacksmith","floor":4,"gold_loss":0,"cards_obtained":["Pain"]},{"damage_healed":0,"gold_gain":0,"player_choice":"Got Potions","damage_taken":0,"max_hp_gain":0,"max_hp_loss":0,"event_name":"Lab","floor":22,"gold_loss":0},{"damage_healed":24,"gold_gain":0,"player_choice":"Heal","damage_taken":0,"max_hp_gain":0,"max_hp_loss":0,"event_name":"The Library","floor":29,"gold_loss":0}],"is_beta":false,"boss_relics":[{"not_picked":["Pandora\u0027s Box","Black Star"],"picked":"Coffee Dripper"},{"not_picked":["SacredBark","Empty Cage"],"picked":"expansioncontent:StudyCardRelic"}],"items_purged_floors":[8,46,48],"is_endless":false,"potions_floor_spawned":[11,14,15,16,19,21,25,26,36,39,45],"ascension_level":3}}