{"host":"qksop9n5mnq4zoi8","time":1610506401,"event":{"mods":["Act Like it!","BaseMod","BetterRewards","Downfall","GifTheSpireLib","Highlight Path","Hubris","Minty Spire (QoL Compilation)","Replay The Spire","Shop Mod","StSLib","The Gatherer","The Hierophant"],"gold_per_floor":[104,104,122,140,126,147,147,160,186,214,230,230,243,258,258,353,453,464,464,479,479,479,479,498,498,567,585,615,629,629,629],"floor_reached":30,"playtime":3185,"items_purged":[],"score":268,"play_id":"7082b517-3204-417d-8a36-f6d9ccaa5e73","local_time":"20210113005321","is_ascension_mode":false,"campfire_choices":[{"data":"hierophant:FieryStrike","floor":7,"key":"SMITH"},{"data":"hierophant:ChurchCoffers","floor":12,"key":"SMITH"},{"data":"hierophant:DisplayOfPower","floor":15,"key":"SMITH"},{"floor":23,"key":"RECALL"},{"data":"hierophant:HammerAndAnvil","floor":25,"key":"SMITH"}],"circlet_count":0,"master_deck":["hierophant:Strike_Hierophant","hierophant:Strike_Hierophant","hierophant:Strike_Hierophant","hierophant:Strike_Hierophant","hierophant:Punish","hierophant:Defend_Hierophant","hierophant:Defend_Hierophant","hierophant:Defend_Hierophant","hierophant:Defend_Hierophant","hierophant:ChurchCoffers+1","hierophant:RepressedViolence","hierophant:ThreeLashes","hierophant:RepressedViolence","hierophant:FieryStrike+1","hierophant:ThreeLashes","hierophant:FieryStrike","hierophant:ThreeLashes","hierophant:DisplayOfPower+1","hierophant:Batter","hierophant:HammerAndAnvil+1","hierophant:FieryStrike","hierophant:Upheaval","hierophant:SolarFlare"],"relics":["hierophant:PropheticMaskRelic","Orrery","hubris:GlazedTorus","Gremlin Horn","Bronze Scales","Quantum Egg","Replay:Grab Bag","Replay:Wanted Poster","Coffee Dripper","Black Star","hubris:Icosahedron","hubris:Towel","White Beast Statue","MealTicket","Pantograph"],"acts_visited":["Exordium","TheCity"],"potions_floor_usage":[6,14,16,16,21,24,28,30],"damage_taken":[{"damage":2,"enemies":"Jaw Worm","floor":1,"turns":4},{"damage":0,"enemies":"Cultist","floor":3,"turns":4},{"damage":1,"enemies":"Small Slimes","floor":4,"turns":3},{"damage":0,"enemies":"Looter","floor":5,"turns":3},{"damage":8,"enemies":"Replay:BlueRogue","floor":6,"turns":5},{"damage":0,"enemies":"2 Fungi Beasts","floor":8,"turns":2},{"damage":8,"enemies":"Gremlin Nob","floor":10,"turns":3},{"damage":0,"enemies":"3 Louse","floor":11,"turns":3},{"damage":2,"enemies":"Blue Slaver","floor":13,"turns":2},{"damage":0,"enemies":"Red Slaver","floor":14,"turns":1},{"damage":17,"enemies":"Hexaghost","floor":16,"turns":6},{"damage":0,"enemies":"Spheric Guardian","floor":18,"turns":3},{"damage":5,"enemies":"Chosen","floor":20,"turns":4},{"damage":0,"enemies":"Snake Plant","floor":21,"turns":1},{"damage":7,"enemies":"Centurion and Healer","floor":24,"turns":2},{"damage":5,"enemies":"Cultist and Chosen","floor":27,"turns":4},{"damage":31,"enemies":"Book of Stabbing","floor":28,"turns":4},{"damage":22,"enemies":"Snecko","floor":29,"turns":4},{"damage":5,"enemies":"Replay:Snechameleon","floor":30,"turns":1}],"seed_played":"199063020405850669","potions_obtained":[{"floor":5,"key":"LifebloodPotion"},{"floor":8,"key":"SmokeBomb"},{"floor":10,"key":"AttackPotion"},{"floor":11,"key":"Fire Potion"},{"floor":14,"key":"SkillPotion"},{"floor":18,"key":"Explosive Potion"},{"floor":27,"key":"ColorlessPotion"},{"floor":28,"key":"Energy Potion"},{"floor":29,"key":"Fire Potion"}],"is_trial":false,"path_per_floor":["M","?","M","M","M","E","R","M","T","E","M","R","M","M","R","B",null,"M","?","M","M","?","R","M","R","T","M","E","M","E"],"character_chosen":"HIEROPHANT","items_purchased":["Orrery"],"campfire_rested":0,"item_purchase_floors":[0],"current_hp_per_floor":[65,75,75,74,74,66,66,66,66,58,58,58,56,56,56,39,75,75,75,70,70,70,70,63,63,63,58,27,5,0,0],"gold":629,"neow_bonus":"","is_daily":false,"chose_seed":false,"campfire_upgraded":4,"win_rate":0.0,"timestamp":1610506401,"path_taken":["M","?","M","M","M","E","R","M","T","E","M","R","M","M","R","BOSS","M","?","M","M","?","R","M","R","T","M","E","M","E"],"items_purchased_type":["Relic"],"build_version":"2020-12-22","purchased_purges":0,"victory":false,"max_hp_per_floor":[75,75,75,75,75,75,75,75,75,75,75,75,75,75,75,75,75,75,75,75,75,75,75,75,75,75,75,75,75,75,75],"card_choices":[{"not_picked":["hierophant:Purify","hierophant:FlamingChariot"],"picked":"hierophant:RepressedViolence","floor":0},{"not_picked":["hierophant:RustyCrate","hierophant:HolyVerse"],"picked":"hierophant:ThreeLashes","floor":0},{"not_picked":["hierophant:DisplayOfPower","hierophant:SealAway"],"picked":"hierophant:RepressedViolence","floor":0},{"not_picked":["hierophant:PassingBell","hierophant:Embezzle"],"picked":"hierophant:MirrorShield","floor":0},{"not_picked":["hierophant:PassingBell","hierophant:HolyVerse","hierophant:SealAway"],"picked":"SKIP","floor":1},{"not_picked":["hierophant:CursedGold","hierophant:Empathy"],"picked":"hierophant:FieryStrike","floor":3},{"not_picked":["hierophant:Blessing","hierophant:Bribe","hierophant:Embezzle"],"picked":"SKIP","floor":4},{"not_picked":["hierophant:HolyVerse","hierophant:Zeal","hierophant:Purify"],"picked":"SKIP","floor":5},{"not_picked":["hierophant:AuricForm","hierophant:Encroach","hierophant:OrnateBuckler"],"picked":"SKIP","floor":6},{"not_picked":["hierophant:OrnateBuckler","hierophant:MorningPrayer"],"picked":"hierophant:ThreeLashes","floor":8},{"not_picked":["hierophant:Blessing","hierophant:RustyCrate"],"picked":"hierophant:FieryStrike","floor":10},{"not_picked":["hierophant:Dazzle","hierophant:Smite","hierophant:Cornucopia"],"picked":"SKIP","floor":11},{"not_picked":["hierophant:TollTheBells","hierophant:HolyVerse"],"picked":"hierophant:ThreeLashes","floor":13},{"not_picked":["hierophant:ThreeLashes","hierophant:RepressedViolence"],"picked":"hierophant:DisplayOfPower","floor":14},{"not_picked":["hierophant:Generosity","hierophant:MintersHammer"],"picked":"hierophant:Batter","floor":16},{"not_picked":["hierophant:Encroach","hierophant:PristineSoul+1"],"picked":"hierophant:HammerAndAnvil","floor":18},{"not_picked":["hierophant:Prophecy","hierophant:PristineSoul","hierophant:OrnateBuckler"],"picked":"SKIP","floor":20},{"not_picked":["hierophant:EyeForCoin","hierophant:RepressedViolence","hierophant:MorningPrayer"],"picked":"SKIP","floor":24},{"not_picked":["hierophant:Rebuild","hierophant:DisplayOfPower"],"picked":"hierophant:FieryStrike","floor":27},{"not_picked":["hierophant:Refuge","hierophant:Cornucopia"],"picked":"hierophant:Upheaval","floor":28},{"not_picked":["hierophant:Encroach","hierophant:Sermon"],"picked":"hierophant:SolarFlare","floor":29}],"player_experience":256407,"relics_obtained":[{"floor":6,"key":"Gremlin Horn"},{"floor":9,"key":"Bronze Scales"},{"floor":10,"key":"Quantum Egg"},{"floor":26,"key":"White Beast Statue"},{"floor":28,"key":"MealTicket"},{"floor":28,"key":"Pantograph"}],"event_choices":[{"cards_removed":["hierophant:MirrorShield"],"damage_healed":10,"gold_gain":0,"player_choice":"Offered Uncommon","damage_taken":0,"max_hp_gain":0,"max_hp_loss":0,"event_name":"Bonfire Elementals","floor":2,"gold_loss":0}],"is_beta":false,"boss_relics":[{"not_picked":["Honey Jar","hubris:HollowSoul"],"picked":"Replay:Grab Bag"},{"not_picked":["Fusion Hammer","Ectoplasm"],"picked":"Replay:Wanted Poster"},{"not_picked":["Runic Dome","Sozu"],"picked":"Coffee Dripper"},{"not_picked":["Kintsugi","Ring of Chaos"],"picked":"Black Star"}],"items_purged_floors":[],"is_endless":false,"potions_floor_spawned":[5,8,10,11,14,18,21,27,28,29],"killed_by":"Replay:Snechameleon","ascension_level":0}}