{"host":"tnsigirk6wurdark","time":1610527517,"event":{"mods":["BaseMod","Colored Map","Colored Powertips","Highlight Path","Minty Spire (QoL Compilation)","Quick Restart","Relic Sorter","StSLib","Synergy Search"],"gold_per_floor":[113,124,25,25,25,38,69,1,1,1,14,39,39,53,53,126,126,140,19,30,30,40,40,40],"floor_reached":23,"language":"ENG","playtime":818,"items_purged":["Strike_G"],"score":352,"play_id":"9c6712cb-b2c4-44fd-afbf-ca979ff5b713","local_time":"20210113084517","is_ascension_mode":true,"campfire_choices":[{"floor":10,"key":"REST"},{"data":"Bouncing Flask","floor":13,"key":"SMITH"},{"floor":15,"key":"REST"}],"circlet_count":0,"master_deck":["AscendersBane","Strike_G","Strike_G","Strike_G","Strike_G","Defend_G","Defend_G","Defend_G","Defend_G","Defend_G","Survivor","Neutralize","Poisoned Stab","Backflip+1","Deflect","Bouncing Flask","Bouncing Flask+1","PiercingWail","Backflip","Envenom+1","Catalyst","Noxious Fumes+1","Deadly Poison","Blade Dance","Dodge and Roll"],"relics":["Ring of the Snake","NeowsBlessing","Darkstone Periapt","Frozen Egg 2","Bag of Marbles","Velvet Choker"],"acts_visited":["Exordium","TheCity"],"potions_floor_usage":[7,12,12,20,22,22],"damage_taken":[{"damage":0,"enemies":"2 Louse","floor":1,"turns":1},{"damage":0,"enemies":"Cultist","floor":2,"turns":1},{"damage":0,"enemies":"Jaw Worm","floor":6,"turns":1},{"damage":24,"enemies":"Gremlin Nob","floor":7,"turns":4},{"damage":4,"enemies":"2 Fungi Beasts","floor":11,"turns":5},{"damage":11,"enemies":"Lagavulin","floor":12,"turns":5},{"damage":0,"enemies":"Looter","floor":14,"turns":3},{"damage":20,"enemies":"Hexaghost","floor":16,"turns":9},{"damage":3,"enemies":"Chosen","floor":18,"turns":4},{"damage":0,"enemies":"Spheric Guardian","floor":20,"turns":2},{"damage":4,"enemies":"Snecko","floor":22,"turns":4},{"damage":38,"enemies":"Gremlin Leader","floor":23,"turns":7}],"seed_played":"7988670249610303831","potions_obtained":[{"floor":2,"key":"SpeedPotion"},{"floor":7,"key":"SpeedPotion"},{"floor":11,"key":"Weak Potion"},{"floor":16,"key":"GamblersBrew"},{"floor":18,"key":"AttackPotion"},{"floor":20,"key":"Poison Potion"}],"is_trial":false,"path_per_floor":["M","M","$","?","?","M","E","$","T","R","M","E","R","M","R","B",null,"M","$","M","?","M","E"],"character_chosen":"THE_SILENT","items_purchased":["Deflect","Bouncing Flask","Noxious Fumes+1","Deadly Poison"],"campfire_rested":2,"item_purchase_floors":[3,8,19,19],"current_hp_per_floor":[59,59,59,59,59,59,35,35,35,54,50,39,39,39,58,38,59,56,56,56,38,34,0,0],"gold":40,"neow_bonus":"THREE_ENEMY_KILL","is_daily":false,"chose_seed":false,"campfire_upgraded":1,"win_rate":0.0,"timestamp":1610527517,"path_taken":["M","M","$","?","?","M","E","$","T","R","?","E","R","M","R","BOSS","M","$","M","?","M","E"],"items_purchased_type":["Card","Card","Card","Card"],"build_version":"2020-12-22","purchased_purges":1,"victory":false,"max_hp_per_floor":[66,66,66,66,66,66,66,66,66,66,66,66,66,66,66,66,66,66,66,66,71,71,71,71],"card_choices":[{"not_picked":["Dagger Throw","Deflect"],"picked":"Poisoned Stab","floor":1},{"not_picked":["Backstab","Die Die Die"],"picked":"Backflip","floor":2},{"not_picked":["Acrobatics","Flying Knee"],"picked":"Bouncing Flask","floor":6},{"not_picked":["Masterful Stab","Skewer","Choke"],"picked":"SKIP","floor":7},{"not_picked":["Blade Dance","Dagger Spray"],"picked":"PiercingWail","floor":11},{"not_picked":["Heel Hook","Flying Knee","Masterful Stab"],"picked":"SKIP","floor":12},{"not_picked":["All Out Attack","Blur"],"picked":"Backflip","floor":14},{"not_picked":["Phantasmal Killer","Storm of Steel"],"picked":"Envenom+1","floor":16},{"not_picked":["Dagger Spray","Distraction"],"picked":"Catalyst","floor":18},{"not_picked":["Backstab","All Out Attack"],"picked":"Blade Dance","floor":20},{"not_picked":["All Out Attack","Blade Dance"],"picked":"Dodge and Roll","floor":22}],"player_experience":711711,"relics_obtained":[{"floor":7,"key":"Darkstone Periapt"},{"floor":9,"key":"Frozen Egg 2"},{"floor":12,"key":"Bag of Marbles"}],"event_choices":[{"damage_healed":0,"gold_gain":0,"player_choice":"Ignored","damage_taken":0,"max_hp_gain":0,"max_hp_loss":0,"event_name":"Shining Light","floor":4,"gold_loss":0},{"damage_healed":0,"gold_gain":0,"player_choice":"Forge","damage_taken":0,"max_hp_gain":0,"max_hp_loss":0,"event_name":"Accursed Blacksmith","floor":5,"gold_loss":0,"cards_upgraded":["Backflip"]},{"damage_healed":0,"gold_gain":0,"player_choice":"Shed Blood","damage_taken":23,"max_hp_gain":5,"max_hp_loss":0,"event_name":"Forgotten Altar","floor":21,"gold_loss":0}],"is_beta":false,"boss_relics":[{"not_picked":["Empty Cage","Ectoplasm"],"picked":"Velvet Choker"}],"items_purged_floors":[3],"is_endless":false,"potions_floor_spawned":[2,7,11,16,18,20],"killed_by":"Gremlin Leader","ascension_level":15}}