{"host":"fkig9nrckec4xsh0","time":1610503506,"event":{"mods":["BaseMod","Colored Map","Minty Spire (QoL Compilation)","Quick Restart","Replay The Spire","StSLib"],"gold_per_floor":[113,128,128,141,159,185,185,214,214,214,289,305,333,349,349,450,450,420,73,73,73,73,73,73,73,73,73,73,73,73,73,73,73,73],"floor_reached":33,"language":"ENG","playtime":1485,"items_purged":["Pain"],"score":377,"play_id":"beca9305-69db-48d6-a306-3fefd990eb52","local_time":"20210112210506","is_ascension_mode":true,"campfire_choices":[{"data":"Poisoned Stab","floor":7,"key":"SMITH"},{"floor":10,"key":"REST"},{"floor":15,"key":"REST"},{"data":"Calculated Gamble","floor":25,"key":"SMITH"},{"floor":27,"key":"REST"},{"data":"Footwork","floor":32,"key":"SMITH"}],"circlet_count":0,"master_deck":["Strike_G","Strike_G","Strike_G","Strike_G","Strike_G","Defend_G","Defend_G","Defend_G","Defend_G","Defend_G","Survivor","Neutralize","Calculated Gamble+1","Backflip","Flying Knee","Infinite Blades","Poisoned Stab+1","Hidden Blade","Footwork+1","Atom Bomb","Replay:Poison Smokescreen+1","Spreading Infection","Footwork","Tactician+1","Shame","Bouncing Flask+1","Catalyst+1","Venomology+1","Calculated Gamble+1","Phantasmal Killer+1"],"relics":["Ring of the Snake","NeowsBlessing","WarpedTongs","Juzu Bracelet","Iron Hammer","BranchBurnRelic","Unceasing Top","Ectoplasm","ReplayTheSpireMod:CursedCoin","Toxic Egg 2","Mirror","Bottled Flame","Shuriken","MutagenicStrength","Toy Ornithopter"],"acts_visited":["Exordium","TheCity"],"potions_floor_usage":[13,13,16,31,33,33,33],"damage_taken":[{"damage":0,"enemies":"Small Slimes","floor":1,"turns":1},{"damage":0,"enemies":"Cultist","floor":2,"turns":1},{"damage":2,"enemies":"2 Louse","floor":4,"turns":1},{"damage":13,"enemies":"Large Slime","floor":5,"turns":8},{"damage":31,"enemies":"3 Sentries","floor":6,"turns":9},{"damage":15,"enemies":"Replay:BlueRogue","floor":8,"turns":6},{"damage":5,"enemies":"Looter","floor":12,"turns":2},{"damage":14,"enemies":"Gremlin Nob","floor":13,"turns":3},{"damage":6,"enemies":"Red Slaver","floor":14,"turns":4},{"damage":49,"enemies":"Fading Forest","floor":16,"turns":11},{"damage":19,"enemies":"2 Thieves","floor":18,"turns":3},{"damage":0,"enemies":"Shell Parasite","floor":20,"turns":1},{"damage":27,"enemies":"Book of Stabbing","floor":23,"turns":6},{"damage":0,"enemies":"Snake Plant","floor":30,"turns":1},{"damage":0,"enemies":"Replay:Snechameleon","floor":31,"turns":4},{"damage":76,"enemies":"Pondfish","floor":33,"turns":9}],"seed_played":"3175505978621669247","potions_obtained":[{"floor":2,"key":"Energy Potion"},{"floor":4,"key":"Weak Potion"},{"floor":6,"key":"Strength Potion"},{"floor":12,"key":"SkillPotion"},{"floor":16,"key":"SpeedPotion"},{"floor":18,"key":"Fire Potion"},{"floor":20,"key":"Milkshake"},{"floor":31,"key":"Dexterity Potion"}],"is_trial":false,"path_per_floor":["M","M","?","M","M","E","R","E","T","R","?","M","E","M","R","B",null,"M","$","M","?","?","E","?","R","T","R","?","?","M","E","R","B"],"character_chosen":"THE_SILENT","items_purchased":["ReplayTheSpireMod:CursedCoin","Footwork","Toxic Egg 2"],"campfire_rested":3,"item_purchase_floors":[19,19,19],"current_hp_per_floor":[70,70,70,68,55,24,24,9,9,30,19,23,9,3,24,7,70,51,51,51,51,51,24,24,24,24,45,45,45,45,45,45,0,0],"gold":73,"neow_bonus":"THREE_ENEMY_KILL","is_daily":false,"chose_seed":false,"campfire_upgraded":3,"win_rate":0.0,"timestamp":1610503506,"path_taken":["M","M","?","M","?","E","R","E","T","R","?","M","E","M","R","BOSS","M","$","M","?","?","E","?","R","T","R","?","?","M","E","R","BOSS"],"items_purchased_type":["Relic","Card","Relic"],"build_version":"2020-12-22","purchased_purges":1,"victory":false,"max_hp_per_floor":[70,70,70,70,70,70,70,70,70,70,70,70,70,70,70,70,70,70,70,70,70,70,70,70,70,70,70,70,70,70,70,70,70,70],"card_choices":[{"not_picked":["Slice","Underhanded Strike"],"picked":"Calculated Gamble","floor":1},{"not_picked":["Distraction","Underhanded Strike"],"picked":"Backflip","floor":2},{"not_picked":["Riddle With Holes","Masterful Stab"],"picked":"Flying Knee","floor":4},{"not_picked":["Bane","Night Terror"],"picked":"Infinite Blades","floor":5},{"not_picked":["Deflect","Blade Dance"],"picked":"Poisoned Stab","floor":6},{"not_picked":["Blade Dance","Doppelganger"],"picked":"Setup","floor":8},{"not_picked":["Distraction","Infinite Blades"],"picked":"Hidden Blade","floor":12},{"not_picked":["Setup","All Out Attack","Prepared"],"picked":"SKIP","floor":13},{"not_picked":["Expertise","Tactician"],"picked":"Footwork","floor":14},{"not_picked":["Bullet Time","ReplayTheSpireMod:From All Sides"],"picked":"Atom Bomb","floor":16},{"not_picked":["Fluid Movement","Quick Slash"],"picked":"Replay:Poison Smokescreen+1","floor":18},{"not_picked":["Flechettes","Backflip+1"],"picked":"Tactician+1","floor":20},{"not_picked":["Eviscerate","ReplayTheSpireMod:Scrap Shanks"],"picked":"Bouncing Flask+1","floor":23},{"not_picked":["PiercingWail+1","Cloak And Dagger+1"],"picked":"Calculated Gamble+1","floor":30},{"not_picked":["Quick Slash","Backflip+1"],"picked":"Phantasmal Killer+1","floor":31}],"player_experience":299536,"relics_obtained":[{"floor":6,"key":"Juzu Bracelet"},{"floor":8,"key":"Iron Hammer"},{"floor":9,"key":"Dead Branch"},{"floor":13,"key":"Unceasing Top"},{"floor":23,"key":"Bottled Flame"},{"floor":26,"key":"Shuriken"},{"floor":31,"key":"Toy Ornithopter"}],"event_choices":[{"damage_healed":0,"gold_gain":0,"player_choice":"Rummage","damage_taken":0,"relics_obtained":["WarpedTongs"],"max_hp_gain":0,"max_hp_loss":0,"event_name":"Accursed Blacksmith","floor":3,"gold_loss":0,"cards_obtained":["Pain"]},{"damage_healed":0,"gold_gain":75,"player_choice":"Gather Gold","damage_taken":11,"max_hp_gain":0,"max_hp_loss":0,"event_name":"World of Goop","floor":11,"gold_loss":0},{"damage_healed":0,"gold_gain":100,"player_choice":"Pray","damage_taken":0,"max_hp_gain":0,"max_hp_loss":0,"event_name":"Golden Shrine","floor":21,"gold_loss":0},{"damage_healed":0,"gold_gain":0,"player_choice":"Stole Relic","damage_taken":0,"relics_obtained":["Mirror"],"max_hp_gain":0,"max_hp_loss":0,"event_name":"Addict","floor":22,"gold_loss":0,"cards_obtained":["Shame"]},{"damage_healed":0,"gold_gain":0,"player_choice":"Read","damage_taken":0,"max_hp_gain":0,"max_hp_loss":0,"event_name":"The Library","floor":24,"gold_loss":0,"cards_obtained":["Catalyst"]},{"damage_healed":0,"gold_gain":0,"player_choice":"Inject Mutagens","damage_taken":0,"relics_obtained":["MutagenicStrength"],"max_hp_gain":0,"max_hp_loss":0,"event_name":"Drug Dealer","floor":28,"gold_loss":0},{"damage_healed":0,"gold_gain":0,"cards_transformed":["Setup"],"player_choice":"Transformed","damage_taken":0,"max_hp_gain":0,"max_hp_loss":0,"event_name":"Transmorgrifier","floor":29,"gold_loss":0,"cards_obtained":["Venomology"]}],"is_beta":false,"boss_relics":[{"not_picked":["Honey Jar","Snecko Eye"],"picked":"Ectoplasm"}],"items_purged_floors":[19],"is_endless":false,"potions_floor_spawned":[2,4,6,12,16,18,20,31],"killed_by":"Pondfish","ascension_level":3}}