{"host":"91ruqvp7hiryodqd","time":1610556052,"event":{"mods":["AchievementEnabler","BaseMod","Colored Map","Colored Powertips","Filter the Spire","Minty Spire (QoL Compilation)","Relic Stats","StSLib"],"gold_per_floor":[119,119,130,146,65,65,82,82,82,82,100,131,131,165,165,165,165],"floor_reached":16,"language":"ENG","playtime":627,"items_purged":[],"score":135,"play_id":"900da23c-69a7-49ab-b4ed-66648baabfd3","local_time":"20210113234052","is_ascension_mode":false,"campfire_choices":[{"data":"Eruption","floor":6,"key":"SMITH"},{"data":"Consecrate","floor":10,"key":"SMITH"},{"data":"EmptyMind","floor":15,"key":"SMITH"}],"circlet_count":0,"master_deck":["Strike_P","Strike_P+1","Defend_P+1","Defend_P","Eruption+1","Vigilance+1","CrushJoints+1","WindmillStrike+1","JustLucky+1","Crescendo+1","EmptyMind+1","Consecrate+1","LessonLearned+1","ThirdEye","PathToVictory+1","FollowUp"],"relics":["Astrolabe","Toxic Egg 2","CaptainsWheel","Frozen Egg 2"],"acts_visited":["Exordium"],"potions_floor_usage":[16,16],"damage_taken":[{"damage":0,"enemies":"Small Slimes","floor":1,"turns":3},{"damage":0,"enemies":"Cultist","floor":3,"turns":2},{"damage":0,"enemies":"Jaw Worm","floor":4,"turns":2},{"damage":0,"enemies":"Exordium Thugs","floor":7,"turns":3},{"damage":13,"enemies":"Lots of Slimes","floor":11,"turns":3},{"damage":12,"enemies":"Lagavulin","floor":12,"turns":8},{"damage":0,"enemies":"Gremlin Nob","floor":14,"turns":3},{"damage":57,"enemies":"Hexaghost","floor":16,"turns":2}],"seed_played":"7116248211133371820","potions_obtained":[{"floor":7,"key":"Dexterity Potion"},{"floor":12,"key":"ColorlessPotion"},{"floor":14,"key":"Energy Potion"}],"is_trial":false,"path_per_floor":["M","?","M","M","$","R","M","?","T","R","M","E","?","E","R","B"],"character_chosen":"WATCHER","items_purchased":["LessonLearned"],"campfire_rested":0,"item_purchase_floors":[5],"current_hp_per_floor":[72,77,77,77,77,77,77,77,77,77,64,52,52,52,52,0,0],"gold":165,"neow_bonus":"BOSS_RELIC","is_daily":false,"chose_seed":false,"campfire_upgraded":3,"win_rate":0.0,"timestamp":1610556052,"path_taken":["M","?","M","M","$","R","M","?","T","R","?","E","?","E","R","BOSS"],"items_purchased_type":["Card"],"build_version":"2020-12-22","purchased_purges":0,"victory":false,"max_hp_per_floor":[72,77,77,77,77,77,77,77,77,77,77,77,77,77,77,77,77],"relic_stats":{"counters":[8,26],"Astrolabe":["CrushJoints","WindmillStrike","JustLucky"],"obtain_stats":[{"CaptainsWheel":12,"Astrolabe":0,"PureWater":0,"Toxic Egg 2":9,"Frozen Egg 2":14},{"CaptainsWheel":6,"Astrolabe":0,"PureWater":0,"Toxic Egg 2":4,"Frozen Egg 2":7},{"CaptainsWheel":21,"Astrolabe":0,"PureWater":0,"Toxic Egg 2":10,"Frozen Egg 2":24}]},"card_choices":[{"not_picked":["JustLucky","Evaluate"],"picked":"Crescendo","floor":1},{"not_picked":["CutThroughFate","Crescendo"],"picked":"EmptyMind","floor":3},{"not_picked":["BowlingBash","Prostrate"],"picked":"Consecrate","floor":4},{"not_picked":["FlyingSleeves","SashWhip"],"picked":"ThirdEye","floor":7},{"not_picked":["ThirdEye+1","DeceiveReality+1","FlurryOfBlows"],"picked":"SKIP","floor":11},{"not_picked":["TalkToTheHand","BattleHymn"],"picked":"PathToVictory+1","floor":12},{"not_picked":["Evaluate+1","SandsOfTime"],"picked":"FollowUp","floor":14}],"player_experience":35902,"relics_obtained":[{"floor":9,"key":"Toxic Egg 2"},{"floor":12,"key":"CaptainsWheel"},{"floor":14,"key":"Frozen Egg 2"}],"event_choices":[{"damage_healed":0,"gold_gain":0,"player_choice":"Donut","damage_taken":0,"max_hp_gain":5,"max_hp_loss":0,"event_name":"Big Fish","floor":2,"gold_loss":0},{"damage_healed":0,"gold_gain":0,"player_choice":"Upgraded","damage_taken":0,"max_hp_gain":0,"max_hp_loss":0,"event_name":"Upgrade Shrine","floor":8,"gold_loss":0,"cards_upgraded":["Crescendo"]},{"cards_removed":["Defend_P"],"damage_healed":0,"gold_gain":0,"player_choice":"Purged","damage_taken":0,"max_hp_gain":0,"max_hp_loss":0,"event_name":"Purifier","floor":13,"gold_loss":0}],"is_beta":false,"boss_relics":[],"items_purged_floors":[],"is_endless":false,"potions_floor_spawned":[7,12,14],"killed_by":"Hexaghost","ascension_level":0}}