{"host":"kg61lsvem4dxoat8","time":1610558614,"event":{"mods":["BaseMod","Colored Powertips","Minty Spire (QoL Compilation)","Quick Restart","Rare Cards Sparkle","Relic Stats","slay the spire mod where everything is the same but ironclad has a cowboy hat"],"gold_per_floor":[109,125,400,415,340,355,355,355,423,435,435,446,193,143,143,143,143],"floor_reached":16,"language":"ENG","playtime":297,"items_purged":["Regret"],"score":124,"play_id":"ff28a444-d2ce-4b59-9701-75dea039b88f","local_time":"20210114012334","is_ascension_mode":true,"campfire_choices":[{"data":"Inflame","floor":8,"key":"SMITH"},{"data":"Bash","floor":11,"key":"SMITH"},{"data":"True Grit","floor":15,"key":"SMITH"}],"circlet_count":0,"master_deck":["Strike_R","Strike_R","Strike_R","Strike_R","Defend_R","Defend_R","Defend_R","Defend_R","Bash+1","Cleave+1","Inflame+1","True Grit+1"],"relics":["Burning Blood","NeowsBlessing","Ornamental Fan","Pen Nib"],"acts_visited":["Exordium"],"potions_floor_usage":[12,16,16,16,16,16],"damage_taken":[{"damage":0,"enemies":"Cultist","floor":1,"turns":1},{"damage":0,"enemies":"Small Slimes","floor":2,"turns":1},{"damage":0,"enemies":"2 Louse","floor":4,"turns":1},{"damage":3,"enemies":"Exordium Wildlife","floor":6,"turns":3},{"damage":25,"enemies":"Red Slaver","floor":10,"turns":5},{"damage":19,"enemies":"Gremlin Gang","floor":12,"turns":4},{"damage":49,"enemies":"The Guardian","floor":16,"turns":11}],"seed_played":"-5111736723892812840","potions_obtained":[{"floor":1,"key":"SteroidPotion"},{"floor":12,"key":"Energy Potion"}],"is_trial":false,"path_per_floor":["M","M","?","M","$","M","?","R","T","M","R","M","$","?","R","B"],"character_chosen":"IRONCLAD","items_purchased":["Pen Nib","EntropicBrew"],"campfire_rested":0,"item_purchase_floors":[13,13],"current_hp_per_floor":[78,80,80,80,80,80,80,80,80,61,61,48,48,48,48,0,0],"gold":143,"neow_bonus":"THREE_ENEMY_KILL","is_daily":false,"chose_seed":false,"campfire_upgraded":3,"win_rate":0.0,"timestamp":1610558614,"path_taken":["M","M","?","?","$","M","?","R","T","M","R","M","$","?","R","BOSS"],"items_purchased_type":["Relic","Potion"],"build_version":"2020-12-22","purchased_purges":1,"victory":false,"max_hp_per_floor":[80,80,80,80,80,80,80,80,80,80,80,80,80,80,80,80,80],"relic_stats":{"counters":[7,26],"Ornamental Fan":[8],"Pen Nib":[1],"obtain_stats":[{"NeowsBlessing":0,"Ornamental Fan":9,"Pen Nib":13,"Burning Blood":0},{"NeowsBlessing":0,"Ornamental Fan":4,"Pen Nib":6,"Burning Blood":0},{"NeowsBlessing":0,"Ornamental Fan":6,"Pen Nib":15,"Burning Blood":0}],"Burning Blood":23},"card_choices":[{"not_picked":["Metallicize","Power Through"],"picked":"Cleave","floor":1},{"not_picked":["Armaments","Seeing Red"],"picked":"Inflame","floor":2},{"not_picked":["Anger","Pummel","Cleave"],"picked":"SKIP","floor":4},{"not_picked":["Heavy Blade","Blood for Blood"],"picked":"True Grit","floor":6},{"not_picked":["Second Wind","Anger","Twin Strike"],"picked":"SKIP","floor":10},{"not_picked":["Clothesline","True Grit","Flex"],"picked":"SKIP","floor":12}],"player_experience":1326502,"relics_obtained":[{"floor":9,"key":"Ornamental Fan"}],"event_choices":[{"damage_healed":0,"gold_gain":275,"player_choice":"Desecrate","damage_taken":0,"max_hp_gain":0,"max_hp_loss":0,"event_name":"Golden Shrine","floor":3,"gold_loss":0,"cards_obtained":["Regret"]},{"damage_healed":0,"gold_gain":0,"player_choice":"Grow","damage_taken":0,"max_hp_gain":0,"max_hp_loss":0,"event_name":"Living Wall","floor":7,"gold_loss":0,"cards_upgraded":["Cleave"]},{"cards_removed":["Strike_R"],"damage_healed":0,"gold_gain":0,"player_choice":"Card Removal","damage_taken":0,"max_hp_gain":0,"max_hp_loss":0,"event_name":"The Cleric","floor":14,"gold_loss":50}],"is_beta":false,"boss_relics":[],"items_purged_floors":[5],"is_endless":false,"potions_floor_spawned":[1,12],"killed_by":"The Guardian","ascension_level":7}}