{"host":"jpcy2bclvs7juczu","time":1610508735,"event":{"mods":["AchievementEnabler","BaseMod","Block Reminder","Colored Map","Colored Powertips","Curses Come First","Dark Map","Minty Spire (QoL Compilation)","Quick Restart","Relic Stats","StSLib","ojb\u0027s Better Paths Mod","ojb\u0027s Info Mod","slay the spire mod where everything is the same but ironclad has a cowboy hat"],"gold_per_floor":[110,110,133,149,149,192,29,68,92,132,132,132,148,167,167,257,257,277,277,277,15,25,25,56,3,3,18,37,53,53,53],"floor_reached":30,"language":"ENG","playtime":1259,"items_purged":[],"score":590,"play_id":"e7506f30-e3fb-4cbd-97d8-dafc7c0cb107","local_time":"20210113033215","is_ascension_mode":true,"campfire_choices":[{"data":"Poisoned Stab","floor":11,"key":"SMITH"},{"data":"Bouncing Flask","floor":15,"key":"SMITH"},{"data":"PiercingWail","floor":23,"key":"SMITH"}],"circlet_count":0,"master_deck":["AscendersBane","Strike_G","Strike_G","Strike_G","Defend_G","Defend_G","Defend_G","Defend_G","Survivor","Neutralize","Caltrops+1","Backflip+1","Backflip+1","All Out Attack","Blade Dance","Predator","Dagger Spray+1","Corpse Explosion","Poisoned Stab+1","PiercingWail+1","Predator","Doppelganger","Blur","Bouncing Flask+1","Deflect","Adrenaline","Outmaneuver","Poisoned Stab+1","Dash"],"relics":["Astrolabe","Bloody Idol","Toy Ornithopter","Orrery","Vajra","Blood Vial","MealTicket","Runic Pyramid","Pantograph","Bag of Preparation","The Courier"],"acts_visited":["Exordium","TheCity"],"potions_floor_usage":[16,18,24,29,29,30],"damage_taken":[{"damage":0.0,"enemies":"Small Slimes","floor":1.0,"turns":4.0},{"damage":1.0,"enemies":"Jaw Worm","floor":3.0,"turns":6.0},{"damage":0.0,"enemies":"2 Louse","floor":4.0,"turns":2.0},{"damage":14.0,"enemies":"Lagavulin","floor":6.0,"turns":9.0},{"damage":11.0,"enemies":"Gremlin Nob","floor":8.0,"turns":3.0},{"damage":22,"enemies":"3 Sentries","floor":10,"turns":3},{"damage":6,"enemies":"Lots of Slimes","floor":13,"turns":2},{"damage":9,"enemies":"Exordium Wildlife","floor":14,"turns":2},{"damage":2,"enemies":"Hexaghost","floor":16,"turns":8},{"damage":29,"enemies":"Shell Parasite","floor":18,"turns":6},{"damage":20,"enemies":"2 Thieves","floor":22,"turns":3},{"damage":26,"enemies":"Slavers","floor":24,"turns":3},{"damage":12,"enemies":"Chosen and Byrds","floor":27,"turns":5},{"damage":29,"enemies":"Sentry and Sphere","floor":28,"turns":4},{"damage":13,"enemies":"Shelled Parasite and Fungi","floor":29,"turns":6},{"damage":25,"enemies":"Book of Stabbing","floor":30,"turns":5}],"seed_played":"-5007685720040673748","potions_obtained":[{"floor":4.0,"key":"SpeedPotion"},{"floor":6.0,"key":"SteroidPotion"},{"floor":8.0,"key":"Swift Potion"},{"floor":16,"key":"Ancient Potion"},{"floor":22,"key":"Weak Potion"},{"floor":28,"key":"GamblersBrew"},{"floor":29,"key":"EssenceOfSteel"}],"is_trial":false,"path_per_floor":["M","?","M","M","?","E","$","E","T","E","R","?","M","M","R","B",null,"M","?","?","$","M","R","E","$","T","M","M","M","E"],"character_chosen":"THE_SILENT","items_purchased":["Orrery","Pantograph","Weak Potion"],"campfire_rested":0,"item_purchase_floors":[7,21,25],"current_hp_per_floor":[59,59,58,58,63,49,49,43,43,23,23,23,19,12,12,17,53,31,31,31,46,38,38,24,39,39,34,12,16,0,0],"gold":53,"neow_bonus":"BOSS_RELIC","is_daily":false,"chose_seed":false,"campfire_upgraded":3,"win_rate":0.0,"timestamp":1610508735,"path_taken":["M","?","M","M","?","E","$","E","T","E","R","?","?","M","R","BOSS","M","?","?","?","M","R","E","$","T","M","M","?","E"],"items_purchased_type":["Relic","Relic","Potion"],"build_version":"2020-12-22","purchased_purges":0,"victory":false,"max_hp_per_floor":[66,60,60,60,65,65,65,65,65,65,65,65,65,65,65,65,65,65,65,65,65,65,65,65,65,65,65,65,65,65,65],"relic_stats":{"Blood Vial":22,"counters":[16,71],"Astrolabe":["Caltrops","Backflip","Backflip"],"Bloody Idol":30,"Pantograph":0,"MealTicket":30,"Bag of Preparation":[8],"obtain_stats":[{"Golden Idol":2,"Astrolabe":0,"Vajra":8,"The Courier":26,"Bag of Preparation":24,"Blood Vial":9,"Bloody Idol":19,"Pantograph":21,"Orrery":7,"MealTicket":10,"Toy Ornithopter":6,"Ring of the Snake":0,"Runic Pyramid":17},{"Golden Idol":1,"Astrolabe":0,"Vajra":5,"The Courier":12,"Bag of Preparation":12,"Blood Vial":5,"Bloody Idol":10,"Pantograph":10,"Orrery":4,"MealTicket":6,"Toy Ornithopter":4,"Ring of the Snake":0,"Runic Pyramid":9},{"Golden Idol":4,"Astrolabe":0,"Vajra":24,"The Courier":51,"Bag of Preparation":51,"Blood Vial":24,"Bloody Idol":45,"Pantograph":45,"Orrery":21,"MealTicket":27,"Toy Ornithopter":21,"Ring of the Snake":0,"Runic Pyramid":39}],"Toy Ornithopter":35},"card_choices":[{"not_picked":["Bane","Deflect"],"picked":"All Out Attack","floor":1.0},{"not_picked":["Outmaneuver","Quick Slash"],"picked":"Blade Dance","floor":3.0},{"not_picked":["Cloak And Dagger","Venomology"],"picked":"Predator","floor":4.0},{"not_picked":["Deflect","Flying Knee"],"picked":"Dagger Spray","floor":6.0},{"not_picked":["Burst","Cloak And Dagger"],"picked":"Corpse Explosion","floor":7.0},{"not_picked":["Bouncing Flask","All Out Attack"],"picked":"Poisoned Stab","floor":7.0},{"not_picked":["Masterful Stab","Deflect"],"picked":"PiercingWail","floor":7.0},{"not_picked":["Grand Finale","Riddle With Holes"],"picked":"Predator","floor":7.0},{"not_picked":["Backflip","Cloak And Dagger"],"picked":"Doppelganger","floor":7.0},{"not_picked":["Poisoned Stab","Outmaneuver"],"picked":"Blur","floor":8.0},{"not_picked":["Escape Plan","Backflip","Flying Knee"],"picked":"SKIP","floor":10},{"not_picked":["Acrobatics","Backflip"],"picked":"Bouncing Flask","floor":13},{"not_picked":["Heel Hook","Prepared"],"picked":"Deflect","floor":14},{"not_picked":["Grand Finale","A Thousand Cuts"],"picked":"Adrenaline","floor":16},{"not_picked":["Dagger Throw","Cloak And Dagger","Infinite Blades"],"picked":"SKIP","floor":18},{"not_picked":["Underhanded Strike+1","Dagger Spray"],"picked":"Poisoned Stab+1","floor":22},{"not_picked":["Riddle With Holes","Poisoned Stab+1","Terror"],"picked":"SKIP","floor":24},{"not_picked":["Underhanded Strike","Prepared","Dagger Throw"],"picked":"SKIP","floor":27},{"not_picked":["All Out Attack","Dodge and Roll"],"picked":"Dash","floor":28},{"not_picked":["Dodge and Roll","Predator","Glass Knife"],"picked":"SKIP","floor":29}],"player_experience":390376,"relics_obtained":[{"floor":6.0,"key":"Toy Ornithopter"},{"floor":8.0,"key":"Vajra"},{"floor":9.0,"key":"Blood Vial"},{"floor":10,"key":"MealTicket"},{"floor":24,"key":"Bag of Preparation"},{"floor":26,"key":"The Courier"}],"event_choices":[{"damage_healed":0.0,"max_hp_gain":0.0,"max_hp_loss":6.0,"gold_gain":0.0,"event_name":"Golden Idol","player_choice":"Lose Max HP","floor":2.0,"gold_loss":0.0,"damage_taken":0.0,"relics_obtained":["Golden Idol"]},{"damage_healed":0.0,"max_hp_gain":5.0,"max_hp_loss":0.0,"gold_gain":0.0,"event_name":"Big Fish","player_choice":"Donut","floor":5.0,"gold_loss":0.0,"damage_taken":0.0},{"damage_healed":0,"gold_gain":0,"player_choice":"Upgraded","damage_taken":0,"max_hp_gain":0,"max_hp_loss":0,"event_name":"Upgrade Shrine","floor":12,"gold_loss":0,"cards_upgraded":["Dagger Spray"]},{"damage_healed":0,"gold_gain":0,"player_choice":"Gave Idol","damage_taken":0,"relics_obtained":["Bloody Idol"],"max_hp_gain":0,"max_hp_loss":0,"event_name":"Forgotten Altar","floor":19,"relics_lost":["Golden Idol"],"gold_loss":0},{"damage_healed":0,"gold_gain":0,"player_choice":"Read","damage_taken":0,"max_hp_gain":0,"max_hp_loss":0,"event_name":"The Library","floor":20,"gold_loss":0,"cards_obtained":["Outmaneuver"]}],"is_beta":false,"boss_relics":[{"not_picked":["Ectoplasm","HoveringKite"],"picked":"Runic Pyramid"}],"items_purged_floors":[],"is_endless":false,"potions_floor_spawned":[4,6,8,16,22,28,29],"killed_by":"Book of Stabbing","ascension_level":20}}