{"host":"fre309isb0zq7f4i","time":1610510754,"event":{"mods":["BaseMod","Beaked The Cultist","Downfall","Mad Scientist","Minty Spire (QoL Compilation)","Quick Restart","StSLib","The Bug Knight","The Construct","The Mystic","The Senshi","The Servant 0.9.4","The Witch"],"gold_per_floor":[114,90,103,103,121,147,165,165,189,202,202,217,232,149,149,254,254,274,274,274,274],"floor_reached":20,"language":"ENG","playtime":3420,"items_purged":[],"score":176,"play_id":"43251c29-394f-4b66-b7f2-26048ae8e03d","local_time":"20210112210554","is_ascension_mode":false,"campfire_choices":[{"data":"HollowMod:NewJinnsSoul","floor":8,"key":"SMITH"},{"floor":11,"key":"RECALL"},{"floor":15,"key":"REST"}],"circlet_count":0,"master_deck":["HollowMod:NailStrikeStart","HollowMod:NailStrikeStart","HollowMod:NailStrikeStart","HollowMod:NailStrikeStart","HollowMod:QuickDashStart","HollowMod:QuickDashStart","HollowMod:QuickDashStart","HollowMod:QuickDashStart","HollowMod:FocusHealStart","HollowMod:PogoStrike","HollowMod:RecoilStrike","HollowMod:DashSlash","HollowMod:MantisMark+1","HollowMod:InfectedCysts","HollowMod:NewJinnsSoul+1","HollowMod:CycloneSlash","HollowMod:VengefulSpirit","HollowMod:BaldurShell","HollowMod:DescendingDark","HollowMod:AwokenDreamNail","HollowMod:FallenFury"],"relics":["HollowMod:VesselMask","Omamori","HollowMod:PaleOreRelic","Runic Pyramid"],"acts_visited":["Exordium","TheCity"],"potions_floor_usage":[6,13,16,18,18],"damage_taken":[{"damage":1,"enemies":"Jaw Worm","floor":1,"turns":3},{"damage":0,"enemies":"Cultist","floor":3,"turns":3},{"damage":0,"enemies":"Small Slimes","floor":5,"turns":2},{"damage":21,"enemies":"Lagavulin","floor":6,"turns":5},{"damage":4,"enemies":"2 Fungi Beasts","floor":7,"turns":2},{"damage":9,"enemies":"Blue Slaver","floor":10,"turns":4},{"damage":5,"enemies":"Looter","floor":12,"turns":3},{"damage":3,"enemies":"HollowMod:HuskWarrior","floor":13,"turns":5},{"damage":61,"enemies":"The Guardian","floor":16,"turns":14},{"damage":29,"enemies":"Shell Parasite","floor":18,"turns":7},{"damage":0,"enemies":"HollowMod:Zote","floor":20,"turns":2}],"seed_played":"-9030469729276669191","potions_obtained":[{"floor":3,"key":"FearPotion"},{"floor":6,"key":"champ:CounterPotion"},{"floor":7,"key":"SteroidPotion"},{"floor":12,"key":"Block Potion"},{"floor":13,"key":"Swift Potion"}],"is_trial":false,"path_per_floor":["M","$","M","?","M","E","M","R","T","M","R","M","M","$","R","B",null,"M","$","?"],"character_chosen":"THE_BUGKNIGHT","items_purchased":["HollowMod:DashSlash","HollowMod:BaldurShell","HollowMod:DescendingDark"],"campfire_rested":1,"item_purchase_floors":[2,14,14],"current_hp_per_floor":[81,81,81,81,81,66,68,68,68,65,65,60,63,63,82,27,82,59,59,59,59],"gold":274,"neow_bonus":"TEN_PERCENT_HP_BONUS","is_daily":false,"chose_seed":false,"campfire_upgraded":1,"win_rate":0.0,"timestamp":1610510754,"path_taken":["M","$","M","?","M","E","M","R","T","?","R","M","M","$","R","BOSS","M","$","?"],"items_purchased_type":["Card","Card","Card"],"build_version":"2020-12-22","purchased_purges":0,"victory":false,"max_hp_per_floor":[82,82,82,82,82,82,82,82,82,82,82,82,82,82,82,82,82,82,82,82,82],"card_choices":[{"not_picked":["HollowMod:WraithStrike","HollowMod:SoulStrike"],"picked":"HollowMod:RecoilStrike","floor":1},{"not_picked":["HollowMod:GoodIntentions","HollowMod:MawleksShell"],"picked":"HollowMod:MantisMark","floor":3},{"not_picked":["HollowMod:LifebloodCocoon","HollowMod:ShapeofUnn"],"picked":"HollowMod:InfectedCysts","floor":5},{"not_picked":["HollowMod:GoodIntentions","HollowMod:NewLittleFool","HollowMod:MothsMistake"],"picked":"SKIP","floor":6},{"not_picked":["HollowMod:GoodIntentions","HollowMod:CoiledNail"],"picked":"HollowMod:NewJinnsSoul","floor":7},{"not_picked":["HollowMod:ShapeofUnn","HollowMod:MonarchWings","HollowMod:MidwifesHunger"],"picked":"SKIP","floor":10},{"not_picked":["HollowMod:InfectedCysts","HollowMod:LifebloodCocoon"],"picked":"HollowMod:CycloneSlash","floor":12},{"not_picked":["HollowMod:SoulVessel","HollowMod:SharpenedNail"],"picked":"HollowMod:VengefulSpirit","floor":13},{"not_picked":["HollowMod:ElderbugsWisdom","HollowMod:theNailsmith"],"picked":"HollowMod:AwokenDreamNail","floor":16},{"not_picked":["HollowMod:ChannelNail","HollowMod:HowlingWraiths"],"picked":"HollowMod:FallenFury","floor":18}],"player_experience":181055,"relics_obtained":[{"floor":6,"key":"Omamori"},{"floor":9,"key":"HollowMod:PaleOreRelic"}],"event_choices":[{"damage_healed":0,"gold_gain":0,"player_choice":"Forge","damage_taken":0,"max_hp_gain":0,"max_hp_loss":0,"event_name":"Accursed Blacksmith","floor":4,"gold_loss":0,"cards_upgraded":["HollowMod:MantisMark"]}],"is_beta":false,"boss_relics":[{"not_picked":["Astrolabe","construct:WeddingRing"],"picked":"Runic Pyramid"}],"items_purged_floors":[],"is_endless":false,"potions_floor_spawned":[3,6,7,12,13],"killed_by":"HollowMod:Zote","ascension_level":0}}