{"host":"gxfwlvk9al6s9931","time":1610496425,"event":{"mods":["2.2 Compatiblity","BaseMod","Colored Powertips","Downfall","Friendly Minions","Minty Spire (QoL Compilation)","StSLib"],"gold_per_floor":[99,115,75,90,75,108,108,108,108,108],"floor_reached":8,"language":"ENG","playtime":878,"items_purged":[],"score":57,"play_id":"46439b3c-8b74-4e2c-b5f8-be18eecdf6ef","local_time":"20210112160705","is_ascension_mode":true,"campfire_choices":[{"data":"Slimebound:Split","floor":1,"key":"SMITH"}],"circlet_count":0,"master_deck":["Slimebound:Strike_Slimebound","Slimebound:Strike_Slimebound","Slimebound:Strike_Slimebound","Slimebound:Tackle","Slimebound:Defend_Slimebound","Slimebound:Defend_Slimebound","Slimebound:Defend_Slimebound","Slimebound:Defend_Slimebound","Slimebound:Split+1","Slimebound:CorrosiveSpit","Slimebound:Gluttony","Slimebound:SpikyOuterGoop","Slimebound:GrowthPunch","Slimebound:AcidTongue","Slimebound:DuplicatedForm"],"relics":["Slimebound:AbsorbEndCombat","Ornamental Fan"],"acts_visited":["Exordium"],"potions_floor_usage":[6],"damage_taken":[{"damage":12,"enemies":"2 Louse","floor":2,"turns":3},{"damage":19,"enemies":"downfall:FleeingMerchant","floor":3,"turns":4},{"damage":9,"enemies":"Jaw Worm","floor":4,"turns":3},{"damage":17,"enemies":"downfall:FleeingMerchant","floor":5,"turns":4},{"damage":44,"enemies":"3 Sentries","floor":6,"turns":9},{"damage":38,"enemies":"Gremlin Nob","floor":8,"turns":4}],"seed_played":"-8137712508193225150","potions_obtained":[{"floor":2,"key":"SteroidPotion"},{"floor":4,"key":"hexamod:EctoCoolerPotion"}],"is_trial":false,"path_per_floor":["R","M","$","M","$","E","T","E"],"character_chosen":"SLIMEBOUND","items_purchased":["Slimebound:GrowthPunch"],"campfire_rested":0,"item_purchase_floors":[3],"current_hp_per_floor":[66,64,63,66,65,41,41,5,5,5],"gold":108,"neow_bonus":"TEN_PERCENT_HP_BONUS","is_daily":false,"chose_seed":false,"campfire_upgraded":1,"win_rate":0.0,"timestamp":1610496425,"path_taken":["R","M","$","M","$","E","T","E"],"items_purchased_type":["Card"],"build_version":"2020-12-22","purchased_purges":0,"victory":false,"max_hp_per_floor":[66,66,66,66,66,66,66,66,66,66],"card_choices":[{"not_picked":["Slimebound:Repurpose","Slimebound:SamplingLick"],"picked":"Slimebound:Gluttony","floor":2},{"not_picked":["Slimebound:AcidTongue","Slimebound:LeechEnergy"],"picked":"Slimebound:SpikyOuterGoop","floor":3},{"not_picked":["Slimebound:GrowthPunch","Slimebound:LeechEnergy"],"picked":"Slimebound:AcidTongue","floor":4},{"not_picked":["Slimebound:SlimeSpikes","Slimebound:DisruptingSlam","Slimebound:FlameTackle"],"picked":"SKIP","floor":5},{"not_picked":["Slimebound:SplitAcid","Slimebound:ComboTackle"],"picked":"Slimebound:DuplicatedForm","floor":6}],"player_experience":282304,"relics_obtained":[{"floor":6,"key":"Ornamental Fan"}],"event_choices":[],"is_beta":false,"boss_relics":[],"items_purged_floors":[],"is_endless":false,"potions_floor_spawned":[2,4],"killed_by":"Gremlin Nob","ascension_level":1}}