{"host":"dfdlagp3oxcmt84k","time":1610507133,"event":{"mods":["AchievementEnabler","BaseMod","Bestiary","BetterRewards","Card Forge","Minty Spire (QoL Compilation)","StSLib","Thieving Mod"],"gold_per_floor":[112,62,62,79,79,105,123,153,233,245,245,264,293,307,307,405,405,393,393,411,161,161,161,187,112,112,147,158,176,188,216,216,319,319,335,350,365,365,365,397,417,447,447,457,477,508,528,555,555,555],"floor_reached":51,"language":"ENG","playtime":20137,"items_purged":[],"score":1072,"play_id":"1fe8d37d-78a7-448a-8d33-3e44d69a0569","local_time":"20210112200533","is_ascension_mode":true,"campfire_choices":[{"data":"Barricade","floor":15,"key":"SMITH"},{"floor":23,"key":"REST"},{"floor":32,"key":"REST"},{"floor":49,"key":"REST"}],"circlet_count":0,"master_deck":["Defend_G","Defend_G","Defend_G","Defend_G","Survivor","Neutralize","Acrobatics","Barricade+1","Apotheosis+1","Metallicize","After Image","Adrenaline","Bouncing Flask","Catalyst","Bullet Time","Footwork","Noxious Fumes","Leg Sweep","Deadly Poison","Poisoned Stab","Backflip","A Thousand Cuts","Noxious Fumes","Neutralize","Dagger Throw","Deflect+1","Flying Knee+1","PiercingWail","Concentrate+1","Footwork","Dodge and Roll","Infinite Blades+1","Outmaneuver","Accuracy","Expertise+1","Wraith Form v2","Calculated Gamble+1","Noxious Fumes","Acrobatics+1","Backflip","Dodge and Roll","Night Terror","Parasite","Parasite","Poisoned Stab+1","Cloak And Dagger+1","Distraction+1"],"relics":["Hammer of Thor","Seething Fire","Anvil of the Gods","Philosopher\u0027s Stone","Torii","Strawberry","InkBottle","Mercury Hourglass","Nunchaku","Pear","SlaversCollar","Molten Egg 2","Potion Belt","ClockworkSouvenir","Vajra","Gremlin Horn","Ornamental Fan","WingedGreaves","Cursed Key","Orrery","Bottled Lightning","Toy Ornithopter","Letter Opener","Bird Faced Urn","Tough Bandages"],"acts_visited":["Exordium","TheCity","TheBeyond"],"potions_floor_usage":[6,8,13,16,18,28,31,42,42,44,45,45,46],"damage_taken":[{"damage":0,"enemies":"2 Louse","floor":1,"turns":3},{"damage":5,"enemies":"Jaw Worm","floor":4,"turns":5},{"damage":0,"enemies":"Lagavulin","floor":6,"turns":8},{"damage":0,"enemies":"Cultist","floor":7,"turns":5},{"damage":17,"enemies":"Gremlin Nob","floor":8,"turns":4},{"damage":0,"enemies":"Red Slaver","floor":10,"turns":3},{"damage":0,"enemies":"Looter","floor":12,"turns":2},{"damage":2,"enemies":"3 Sentries","floor":13,"turns":5},{"damage":0,"enemies":"Blue Slaver","floor":14,"turns":4},{"damage":1,"enemies":"The Guardian","floor":16,"turns":7},{"damage":1,"enemies":"2 Thieves","floor":18,"turns":5},{"damage":26,"enemies":"3 Byrds","floor":20,"turns":5},{"damage":6,"enemies":"Book of Stabbing","floor":24,"turns":5},{"damage":26,"enemies":"Gremlin Leader","floor":27,"turns":6},{"damage":0,"enemies":"3 Cultists","floor":28,"turns":4},{"damage":1,"enemies":"Sentry and Sphere","floor":29,"turns":5},{"damage":9,"enemies":"Snake Plant","floor":30,"turns":5},{"damage":14,"enemies":"Slavers","floor":31,"turns":6},{"damage":0,"enemies":"Champ","floor":33,"turns":8},{"damage":2,"enemies":"3 Darklings","floor":35,"turns":6},{"damage":6,"enemies":"Orb Walker","floor":36,"turns":4},{"damage":1,"enemies":"Spire Growth","floor":37,"turns":6},{"damage":1,"enemies":"Giant Head","floor":40,"turns":7},{"damage":0,"enemies":"4 Shapes","floor":41,"turns":3},{"damage":77,"enemies":"Reptomancer","floor":42,"turns":6},{"damage":1,"enemies":"Writhing Mass","floor":44,"turns":6},{"damage":0,"enemies":"Transient","floor":45,"turns":5},{"damage":0,"enemies":"Nemesis","floor":46,"turns":7},{"damage":0,"enemies":"Maw","floor":47,"turns":7},{"damage":19,"enemies":"Reptomancer","floor":48,"turns":5},{"damage":27,"enemies":"Time Eater","floor":50,"turns":8}],"seed_played":"7800666048010532956","potions_obtained":[{"floor":4,"key":"Ancient Potion"},{"floor":6,"key":"Fruit Juice"},{"floor":10,"key":"Explosive Potion"},{"floor":14,"key":"AttackPotion"},{"floor":16,"key":"Explosive Potion"},{"floor":24,"key":"DuplicationPotion"},{"floor":27,"key":"SneckoOil"},{"floor":30,"key":"GamblersBrew"},{"floor":33,"key":"EssenceOfSteel"},{"floor":36,"key":"CultistPotion"},{"floor":41,"key":"Ancient Potion"},{"floor":42,"key":"FearPotion"},{"floor":44,"key":"Energy Potion"},{"floor":45,"key":"PowerPotion"}],"is_trial":false,"path_per_floor":["M","?","$","M","?","E","M","E","T","M","T","M","E","M","R","B",null,"M","?","M","$","?","R","E","?","T","E","M","M","M","E","R","B",null,"M","M","M","?","$","E","M","E","T","M","M","E","M","E","R","B",null],"character_chosen":"THE_SILENT","items_purchased":["Molten Egg 2"],"campfire_rested":3,"item_purchase_floors":[21],"current_hp_per_floor":[70,70,70,65,53,60,60,48,48,48,48,48,56,56,56,55,92,91,91,65,65,49,76,70,70,70,44,44,43,34,20,47,47,92,90,84,83,83,83,82,82,5,5,9,19,24,44,47,74,67],"gold":555,"neow_bonus":"BOSS_RELIC","is_daily":false,"chose_seed":false,"campfire_upgraded":1,"win_rate":0.0,"timestamp":1610507133,"path_taken":["M","?","$","M","?","E","M","E","T","M","?","M","E","M","R","BOSS","M","?","?","$","?","R","E","?","T","E","M","M","M","E","R","BOSS","M","M","M","?","$","E","M","E","T","?","M","E","M","E","R","BOSS"],"items_purchased_type":["Relic"],"build_version":"2020-12-22","purchased_purges":0,"victory":true,"max_hp_per_floor":[70,70,70,70,70,77,77,82,82,82,82,82,92,92,92,92,92,92,92,92,92,92,92,92,92,92,92,92,92,92,92,92,92,92,92,92,92,92,92,92,92,92,92,92,92,92,92,92,92,92],"card_choices":[{"not_picked":["Bane","All Out Attack"],"picked":"Acrobatics","floor":1},{"not_picked":["Dodge and Roll","Slice"],"picked":"Deadly Poison","floor":4},{"not_picked":["Doppelganger","Predator","Sucker Punch"],"picked":"SKIP","floor":6},{"not_picked":["Dagger Throw","Sucker Punch","Cloak And Dagger"],"picked":"SKIP","floor":7},{"not_picked":["Deadly Poison","Envenom"],"picked":"Poisoned Stab","floor":8},{"not_picked":["Blade Dance","Poisoned Stab","Quick Slash"],"picked":"SKIP","floor":10},{"not_picked":["Flechettes","Poisoned Stab","Cloak And Dagger"],"picked":"SKIP","floor":12},{"not_picked":["All Out Attack","Choke","Predator"],"picked":"SKIP","floor":13},{"not_picked":["Blade Dance","Eviscerate"],"picked":"Backflip","floor":14},{"not_picked":["Doppelganger","Bullet Time"],"picked":"A Thousand Cuts","floor":16},{"not_picked":["Deadly Poison","Flying Knee+1"],"picked":"Noxious Fumes","floor":18},{"not_picked":["Reflex","Sucker Punch+1"],"picked":"Deflect+1","floor":20},{"not_picked":["Skewer+1","Acrobatics","Underhanded Strike+1"],"picked":"SKIP","floor":24},{"not_picked":["A Thousand Cuts","Slice+1"],"picked":"Flying Knee+1","floor":27},{"not_picked":["Infinite Blades","Predator+1"],"picked":"PiercingWail","floor":28},{"not_picked":["Bane+1","Footwork"],"picked":"Concentrate+1","floor":29},{"not_picked":["Calculated Gamble+1","Dagger Spray+1"],"picked":"Footwork","floor":30},{"not_picked":["Cloak And Dagger+1","Blade Dance"],"picked":"Dodge and Roll","floor":31},{"not_picked":["Quick Slash+1","Flying Knee+1"],"picked":"Infinite Blades+1","floor":35},{"not_picked":["Well Laid Plans+1","Blur+1"],"picked":"Outmaneuver","floor":36},{"not_picked":["Outmaneuver+1","Expertise"],"picked":"Accuracy","floor":37},{"not_picked":["Prepared+1","Dagger Throw+1"],"picked":"Expertise+1","floor":39},{"not_picked":["Riddle With Holes+1","Skewer+1"],"picked":"Wraith Form v2","floor":39},{"not_picked":["Slice+1","Masterful Stab+1"],"picked":"Calculated Gamble+1","floor":39},{"not_picked":["Backstab+1","Dagger Throw+1"],"picked":"Noxious Fumes","floor":39},{"not_picked":["Prepared","Cloak And Dagger"],"picked":"Acrobatics+1","floor":39},{"not_picked":["Dagger Spray+1","Outmaneuver+1"],"picked":"Backflip","floor":40},{"not_picked":["Infinite Blades+1","Bane+1"],"picked":"Dodge and Roll","floor":41},{"not_picked":["Sucker Punch+1","Deflect"],"picked":"Night Terror","floor":42},{"not_picked":["Slice+1","Cloak And Dagger","Dodge and Roll"],"picked":"SKIP","floor":44},{"not_picked":["Dagger Spray+1","Envenom","Underhanded Strike+1"],"picked":"SKIP","floor":45},{"not_picked":["Slice+1","Dagger Spray+1"],"picked":"Poisoned Stab+1","floor":46},{"not_picked":["Prepared+1","Finisher+1"],"picked":"Cloak And Dagger+1","floor":47},{"not_picked":["Cloak And Dagger+1","Backflip"],"picked":"Distraction+1","floor":48}],"player_experience":214093,"relics_obtained":[{"floor":6,"key":"Strawberry"},{"floor":8,"key":"InkBottle"},{"floor":9,"key":"Mercury Hourglass"},{"floor":11,"key":"Nunchaku"},{"floor":13,"key":"Pear"},{"floor":24,"key":"Vajra"},{"floor":26,"key":"Gremlin Horn"},{"floor":27,"key":"Ornamental Fan"},{"floor":31,"key":"WingedGreaves"},{"floor":40,"key":"Bottled Lightning"},{"floor":42,"key":"Toy Ornithopter"},{"floor":43,"key":"Letter Opener"},{"floor":46,"key":"Bird Faced Urn"},{"floor":48,"key":"Tough Bandages"}],"event_choices":[{"cards_removed":["Defend_G"],"damage_healed":0,"gold_gain":0,"player_choice":"Card Removal","damage_taken":0,"max_hp_gain":0,"max_hp_loss":0,"event_name":"The Cleric","floor":2,"gold_loss":50},{"damage_healed":0,"gold_gain":0,"player_choice":"Success","damage_taken":12,"relics_obtained":["Torii"],"max_hp_gain":0,"max_hp_loss":0,"event_name":"Scrap Ooze","floor":5,"gold_loss":0},{"damage_healed":0,"gold_gain":0,"player_choice":"3 cards matched","damage_taken":0,"max_hp_gain":0,"max_hp_loss":0,"event_name":"Match and Keep!","floor":19,"gold_loss":0,"cards_obtained":["Swift Strike","Neutralize","Dagger Throw"]},{"damage_healed":0,"gold_gain":0,"player_choice":"Obtained Book","damage_taken":16,"max_hp_gain":0,"max_hp_loss":0,"event_name":"Cursed Tome","floor":22,"gold_loss":0},{"cards_removed":["Swift Strike"],"damage_healed":0,"gold_gain":0,"player_choice":"Gave Gold","damage_taken":0,"max_hp_gain":0,"max_hp_loss":0,"event_name":"Beggar","floor":25,"gold_loss":75},{"damage_healed":0,"gold_gain":0,"player_choice":"0 cards matched","damage_taken":0,"max_hp_gain":0,"max_hp_loss":0,"event_name":"Match and Keep!","floor":38,"gold_loss":0,"cards_obtained":[]}],"is_beta":false,"boss_relics":[{"not_picked":["Snecko Eye","Velvet Choker"],"picked":"SlaversCollar"},{"not_picked":["Empty Cage","WristBlade"],"picked":"Cursed Key"}],"items_purged_floors":[],"is_endless":false,"potions_floor_spawned":[4,6,10,14,16,24,27,30,33,36,41,42,44,45],"ascension_level":1}}