{"host":"w9yruvs4bqht6bhw","time":1610499203,"event":{"mods":["BaseMod","Colored Powertips","Minty Spire (QoL Compilation)"],"gold_per_floor":[114,189,204,69,84,114,114,129,129,129,79,94,94,124,124,224,224,239,89,129,34,34,64,64,64,64,64,64,79,124,124,124,242,301,316,334,334,34,49,49,49,67,126,150,165,174,189,204,213,222],"floor_reached":51,"language":"ENG","playtime":1749,"items_purged":[],"score":900,"play_id":"759d3fd6-c48d-4d1a-9907-caab4be1a41d","local_time":"20210112195323","daily_mods":["Cursed Run","Vintage","Lethality"],"is_ascension_mode":false,"campfire_choices":[{"floor":7,"key":"REST"},{"data":"Eruption","floor":10,"key":"SMITH"},{"data":"WaveOfTheHand","floor":15,"key":"SMITH"},{"data":"Discovery","floor":25,"key":"SMITH"},{"floor":27,"key":"REST"},{"floor":32,"key":"REST"},{"floor":41,"key":"REST"},{"floor":46,"key":"REST"},{"floor":49,"key":"REST"}],"circlet_count":0,"master_deck":["Strike_P","Strike_P","Strike_P","Strike_P+1","Defend_P","Defend_P","Defend_P","Defend_P+1","Eruption+1","Vigilance","LikeWater","Regret","WaveOfTheHand+1","Injury","Wish+1","Discovery+1","Necronomicurse","LikeWater+1","Shame","Clumsy","Parasite","Scrawl","Consecrate","Metamorphosis","Metamorphosis","Madness","Madness","Normality","Parasite","CutThroughFate+1","WheelKick","Writhe"],"relics":["Cursed Key","Darkstone Periapt","Du-Vu Doll","Pen Nib","Happy Flower","PreservedInsect","Potion Belt","Meat on the Bone","White Beast Statue","Orichalcum","Question Card","SacredBark","Smiling Mask","War Paint","Necronomicon","Blue Candle","Pantograph","Gremlin Horn","Blood Vial","CeramicFish","MutagenicStrength","Tiny House","Centennial Puzzle","Anchor","Toolbox","Bronze Scales","Juzu Bracelet","Dream Catcher","Bag of Marbles","Akabeko","InkBottle"],"acts_visited":["Exordium","TheCity","TheBeyond"],"potions_floor_usage":[8,14,16,16,18,19,20,23,23,23,23,23,33,33,39,44,45,47,50,50,50],"damage_taken":[{"damage":0,"enemies":"Cultist","floor":1,"turns":2},{"damage":4,"enemies":"Jaw Worm","floor":3,"turns":2},{"damage":0,"enemies":"2 Louse","floor":5,"turns":4},{"damage":8,"enemies":"Gremlin Nob","floor":6,"turns":3},{"damage":0,"enemies":"Exordium Thugs","floor":8,"turns":3},{"damage":6,"enemies":"Exordium Wildlife","floor":12,"turns":3},{"damage":4,"enemies":"Lagavulin","floor":14,"turns":3},{"damage":19,"enemies":"Slime Boss","floor":16,"turns":5},{"damage":0,"enemies":"Shell Parasite","floor":18,"turns":1},{"damage":18,"enemies":"Spheric Guardian","floor":20,"turns":5},{"damage":51,"enemies":"Slavers","floor":23,"turns":4},{"damage":4,"enemies":"Snecko","floor":29,"turns":5},{"damage":25,"enemies":"Snake Plant","floor":30,"turns":5},{"damage":53,"enemies":"Collector","floor":33,"turns":8},{"damage":9,"enemies":"Orb Walker","floor":35,"turns":3},{"damage":40,"enemies":"3 Darklings","floor":39,"turns":4},{"damage":5,"enemies":"Writhing Mass","floor":44,"turns":6},{"damage":4,"enemies":"Jaw Worm Horde","floor":45,"turns":3},{"damage":27,"enemies":"Maw","floor":47,"turns":6},{"damage":13,"enemies":"3 Darklings","floor":48,"turns":3},{"damage":49,"enemies":"Donu and Deca","floor":50,"turns":6}],"seed_played":"-4624312993155624390","potions_obtained":[{"floor":3,"key":"Ambrosia"},{"floor":6,"key":"FearPotion"},{"floor":8,"key":"FearPotion"},{"floor":12,"key":"Fire Potion"},{"floor":14,"key":"Strength Potion"},{"floor":16,"key":"Ancient Potion"},{"floor":18,"key":"Weak Potion"},{"floor":20,"key":"PowerPotion"},{"floor":23,"key":"BottledMiracle"},{"floor":29,"key":"SpeedPotion"},{"floor":30,"key":"BlessingOfTheForge"},{"floor":33,"key":"BlessingOfTheForge"},{"floor":34,"key":"Weak Potion"},{"floor":35,"key":"GamblersBrew"},{"floor":39,"key":"DistilledChaos"},{"floor":44,"key":"Weak Potion"},{"floor":45,"key":"SmokeBomb"},{"floor":47,"key":"GamblersBrew"},{"floor":48,"key":"StancePotion"}],"is_trial":false,"path_per_floor":["M","?","M","$","M","E","R","M","T","R","$","M","?","E","R","B",null,"M","$","M","$","?","E","?","R","T","R","?","M","M","?","R","B",null,"M","?","?","$","M","$","R","?","T","M","M","R","M","M","R","B",null],"character_chosen":"WATCHER","items_purchased":["Evaluate","LikeWater","Fire Potion","PowerPotion","Fruit Juice","Fire Potion","Discovery","Anchor","Toolbox"],"campfire_rested":6,"item_purchase_floors":[4,4,4,11,19,19,21,38,38],"current_hp_per_floor":[72,61,57,57,57,49,70,70,76,76,76,70,75,71,71,58,89,89,99,81,81,71,32,38,38,44,79,79,75,64,64,99,70,128,119,114,114,114,76,76,114,98,104,107,105,140,113,102,140,97],"gold":222,"neow_bonus":"","is_daily":true,"chose_seed":false,"campfire_upgraded":3,"win_rate":0.0,"timestamp":1610499203,"path_taken":["M","?","M","$","M","E","R","M","T","R","$","M","?","E","R","BOSS","M","$","M","$","?","E","?","R","T","R","?","?","M","?","R","BOSS","M","?","?","$","?","$","R","?","T","M","M","R","M","M","R","BOSS"],"items_purchased_type":["Card","Card","Potion","Potion","Potion","Potion","Card","Relic","Relic"],"build_version":"2020-12-22","purchased_purges":0,"victory":true,"max_hp_per_floor":[72,72,72,72,72,72,72,72,78,78,78,78,83,83,83,89,89,89,99,99,99,105,105,111,111,117,117,117,117,117,117,117,123,128,128,128,128,128,128,128,128,128,134,140,140,140,140,140,140,146],"card_choices":[{"not_picked":["CrushJoints","Halt","LikeWater"],"picked":"SKIP","floor":6},{"not_picked":["Worship","SashWhip"],"picked":"WaveOfTheHand","floor":14},{"not_picked":["Scrawl","Ragnarok","MasterReality"],"picked":"Wish","floor":16},{"not_picked":["EmptyMind","SashWhip+1","Collect"],"picked":"LikeWater","floor":23},{"not_picked":["LessonLearned","Vault","Brilliance"],"picked":"Scrawl","floor":33},{"not_picked":["FollowUp","Vengeance","Prostrate"],"picked":"Consecrate","floor":34},{"not_picked":["Secret Weapon","Impatience","Bandage Up"],"picked":"Metamorphosis","floor":36},{"not_picked":["Madness","HandOfGreed","Impatience"],"picked":"Metamorphosis","floor":36},{"not_picked":["MentalFortress","Weave+1","CrushJoints"],"picked":"CutThroughFate+1","floor":46},{"not_picked":["CarveReality","Wireheading","FlyingSleeves+1"],"picked":"WheelKick","floor":49}],"player_experience":395937,"relics_obtained":[{"floor":1,"key":"Pen Nib"},{"floor":3,"key":"Happy Flower"},{"floor":5,"key":"PreservedInsect"},{"floor":6,"key":"Potion Belt"},{"floor":8,"key":"Meat on the Bone"},{"floor":9,"key":"White Beast Statue"},{"floor":12,"key":"Orichalcum"},{"floor":14,"key":"Question Card"},{"floor":18,"key":"Smiling Mask"},{"floor":20,"key":"War Paint"},{"floor":22,"key":"Necronomicon"},{"floor":23,"key":"Blue Candle"},{"floor":26,"key":"Gremlin Horn"},{"floor":29,"key":"Blood Vial"},{"floor":30,"key":"CeramicFish"},{"floor":35,"key":"Centennial Puzzle"},{"floor":39,"key":"Bronze Scales"},{"floor":43,"key":"Juzu Bracelet"},{"floor":44,"key":"Dream Catcher"},{"floor":45,"key":"Bag of Marbles"},{"floor":47,"key":"Akabeko"},{"floor":48,"key":"InkBottle"}],"event_choices":[{"damage_healed":0,"gold_gain":75,"player_choice":"Gather Gold","damage_taken":11,"max_hp_gain":0,"max_hp_loss":0,"event_name":"World of Goop","floor":2,"gold_loss":0},{"damage_healed":0,"gold_gain":0,"player_choice":"Donut","damage_taken":0,"max_hp_gain":5,"max_hp_loss":0,"event_name":"Big Fish","floor":13,"gold_loss":0},{"damage_healed":0,"gold_gain":0,"player_choice":"Obtained Book","damage_taken":16,"max_hp_gain":0,"max_hp_loss":0,"event_name":"Cursed Tome","floor":22,"gold_loss":0},{"damage_healed":0,"gold_gain":0,"player_choice":"Stole Relic","damage_taken":0,"relics_obtained":["Pantograph"],"max_hp_gain":0,"max_hp_loss":0,"event_name":"Addict","floor":24,"gold_loss":0,"cards_obtained":["Shame"]},{"damage_healed":0,"gold_gain":0,"player_choice":"Forge","damage_taken":0,"max_hp_gain":0,"max_hp_loss":0,"event_name":"Accursed Blacksmith","floor":28,"gold_loss":0,"cards_upgraded":["LikeWater"]},{"damage_healed":0,"gold_gain":0,"player_choice":"Inject Mutagens","damage_taken":0,"relics_obtained":["MutagenicStrength"],"max_hp_gain":0,"max_hp_loss":0,"event_name":"Drug Dealer","floor":31,"gold_loss":0},{"damage_healed":0,"gold_gain":0,"player_choice":"Memory 2","damage_taken":5,"max_hp_gain":0,"max_hp_loss":0,"event_name":"SensoryStone","floor":36,"gold_loss":0},{"cards_removed":["Evaluate"],"damage_healed":0,"gold_gain":0,"player_choice":"Purged","damage_taken":0,"max_hp_gain":0,"max_hp_loss":0,"event_name":"Purifier","floor":37,"gold_loss":0},{"damage_healed":0,"gold_gain":0,"player_choice":"Embrace Madness","damage_taken":16,"max_hp_gain":0,"max_hp_loss":0,"event_name":"Winding Halls","floor":42,"gold_loss":0,"cards_obtained":["Madness","Madness"]}],"is_beta":false,"boss_relics":[{"not_picked":["Ectoplasm","Empty Cage"],"picked":"SacredBark"},{"not_picked":["Black Star","Velvet Choker"],"picked":"Tiny House"}],"items_purged_floors":[],"is_endless":false,"potions_floor_spawned":[3,6,8,12,14,16,18,20,23,29,30,33,35,39,44,45,47,48],"ascension_level":0}}