{"host":"2xjkbrmvrd7iq7pu","time":1610547196,"event":{"mods":["AchievementEnabler","Act Like it!","Arknights The Spire","BaseMod","Gensokyo","GungeonMod","KinomotoSakuraMod(ƒæ÷Æ±æ”£)","Marisa£®ÏF”Í°°ƒß¿Ì…≥£©","Minty Spire (QoL Compilation)","Reimu£®≤©¿ˆ¡È√Œ£©","Replay The Spire","StSLib","The Bug Knight","Yakumo Yukari mod"],"gold_per_floor":[110,110,70,84,107,150,150,173,173,173,173,197,216,296,296,426,426,450,127,52,52,73,73,109,109,109,140,140,181,201,224,224,224,224],"floor_reached":33,"language":"ZHS","playtime":1637,"items_purged":["ats:Strike V"],"score":320,"play_id":"d7d38af7-afc7-4867-9d16-ac07729bf07f","local_time":"20210113221316","is_ascension_mode":true,"campfire_choices":[{"data":"ats:Emotion Absorption","floor":7.0,"key":"SMITH"},{"data":"ats:Emotion Absorption","floor":10.0,"key":"SMITH"},{"floor":15.0,"key":"REST"},{"data":"ats:Volcano","floor":23.0,"key":"SMITH"},{"floor":25.0,"key":"RECALL"},{"floor":28.0,"key":"REST"},{"floor":32.0,"key":"REST"}],"circlet_count":0,"master_deck":["ats:Strike C","ats:Strike S","ats:Armor Crushing Shot","ats:Defend","ats:Defend","ats:Defend","ats:Emotion Absorption+1","ats:Emotion Absorption+1","UpSweep","ats:Very Hot Blade","ats:Ignite","ats:Very Hot Blade","ats:Overload","ats:Steam Pump","ats:Volcano+1","ats:Apocalypse","ats:Hook Shot","ats:Song Of Battle","ats:Flexible Camouflage","ats:Burning Ground","ats:Mental Burst+1"],"relics":["ats:Sanity","DemoMod:NanoMachines","Golden Idol","ats:Originium","Blood Vial","StoneCalendar","FaceOfCleric","SlaversCollar","Mirror","Bronze Scales","ats:Bonebreaker","Lizard Tail","Molten Egg 2"],"acts_visited":["Exordium","TheCity"],"potions_floor_usage":[],"damage_taken":[{"damage":0.0,"enemies":"Small Slimes","floor":1.0,"turns":3.0},{"damage":5.0,"enemies":"2 Louse","floor":4.0,"turns":3.0},{"damage":5.0,"enemies":"Cultist","floor":5.0,"turns":3.0},{"damage":25.0,"enemies":"Lagavulin","floor":6.0,"turns":5.0},{"damage":7.0,"enemies":"Blue Slaver","floor":8.0,"turns":3.0},{"damage":8.0,"enemies":"Lots of Slimes","floor":12.0,"turns":4.0},{"damage":1.0,"enemies":"2 Fungi Beasts","floor":13.0,"turns":3.0},{"damage":42.0,"enemies":"Hexaghost","floor":16.0,"turns":10.0},{"damage":12.0,"enemies":"Chosen","floor":18.0,"turns":5.0},{"damage":25.0,"enemies":"2 Thieves","floor":22.0,"turns":5.0},{"damage":26.0,"enemies":"Gremlin Leader","floor":24.0,"turns":5.0},{"damage":31.0,"enemies":"Slavers","floor":27.0,"turns":4.0},{"damage":48.0,"enemies":"Book of Stabbing","floor":29.0,"turns":5.0},{"damage":33.0,"enemies":"Snake Plant","floor":30.0,"turns":6.0},{"damage":12.0,"enemies":"Chosen and Byrds","floor":31.0,"turns":5.0},{"damage":64,"enemies":"Automaton","floor":33,"turns":6}],"seed_played":"-2490726588408771905","potions_obtained":[{"floor":3.0,"key":"GrandPatriotsElixir:ReiMu"},{"floor":3.0,"key":"Energy Potion"},{"floor":3.0,"key":"PowerPotion"},{"floor":16.0,"key":"Languid Potion"},{"floor":22.0,"key":"AttackPotion"},{"floor":24.0,"key":"FearPotion"},{"floor":30.0,"key":"GrandPatriotsElixir:ReiMu"}],"is_trial":false,"path_per_floor":["M","?","?","M","M","E","R","M","T","R","?","M","M","?","R","B",null,"M","$","?","?","M","R","E","R","T","E","R","E","M","M","R","B"],"character_chosen":"DOCTOR_CLASS","items_purchased":["Mirror"],"campfire_rested":3,"item_purchase_floors":[19],"current_hp_per_floor":[72,72,72,67,62,37,37,32,32,32,32,27,29,29,51,12,75,64,64,64,64,50,50,31,31,31,11,34,34,8,3,27,0,0],"gold":224,"neow_bonus":"ONE_RARE_RELIC","is_daily":false,"chose_seed":false,"campfire_upgraded":3,"win_rate":0.0,"timestamp":1610547196,"path_taken":["M","?","?","M","?","E","R","M","T","R","?","M","?","?","R","BOSS","M","$","?","?","M","R","E","R","T","E","R","E","?","M","R","BOSS"],"items_purchased_type":["Relic"],"build_version":"2020-12-22","purchased_purges":1,"victory":false,"max_hp_per_floor":[72,72,72,72,72,72,72,72,72,72,72,73,74,74,74,75,75,76,76,76,76,77,77,78,78,78,79,79,80,81,82,82,82,82],"card_choices":[{"not_picked":["ats:Poison Spread","ats:Automatic Cover"],"picked":"ats:Very Hot Blade","floor":1.0},{"not_picked":["ats:Explosion Area Strengthen","ats:Assault Order"],"picked":"ats:Ignite","floor":4.0},{"not_picked":["ats:Ignite","ats:Cat Scratch"],"picked":"ats:Very Hot Blade","floor":5.0},{"not_picked":["ats:Roar Of Ursus","ats:Powerful Strike"],"picked":"ats:Overload","floor":6.0},{"not_picked":["ats:Ignite","ats:Shell Defense","ats:Cat Scratch"],"picked":"SKIP","floor":8.0},{"not_picked":["ats:Childhood Dance","ats:Thermite Blade","ats:Assault Order"],"picked":"SKIP","floor":12.0},{"not_picked":["ats:Curse Doll","ats:Ignite"],"picked":"ats:Steam Pump","floor":13.0},{"not_picked":["ats:Durian","ats:Ambush"],"picked":"ats:Volcano","floor":16.0},{"not_picked":["ats:Magnetic Hammer+1","ats:Beaten Up"],"picked":"ats:Apocalypse","floor":18.0},{"not_picked":["ats:LN2 Cannon","ats:Hammer On+1"],"picked":"ats:Hook Shot","floor":22.0},{"not_picked":["ats:Beaten Up","ats:Poison Spread","ats:Childhood Dance"],"picked":"SKIP","floor":24.0},{"not_picked":["ats:Poison Spread","ats:Echo Reverb"],"picked":"ats:Song Of Battle","floor":27.0},{"not_picked":["ats:Apocalypse","ats:Leaping Hammer+1"],"picked":"ats:Flexible Camouflage","floor":29.0},{"not_picked":["ats:Shadow Raid","ats:Ignite+1"],"picked":"ats:Burning Ground","floor":30.0},{"not_picked":["ats:Hammer On+1","ats:Red Shift+1"],"picked":"ats:Mental Burst+1","floor":31.0}],"player_experience":727795,"relics_obtained":[{"floor":6.0,"key":"ats:Originium"},{"floor":6.0,"key":"Blood Vial"},{"floor":9.0,"key":"StoneCalendar"},{"floor":24.0,"key":"ats:Originium"},{"floor":24.0,"key":"Bronze Scales"},{"floor":26.0,"key":"ats:Bonebreaker"},{"floor":27.0,"key":"ats:Originium"},{"floor":27.0,"key":"Lizard Tail"},{"floor":29.0,"key":"Molten Egg 2"}],"event_choices":[{"damage_healed":0.0,"max_hp_gain":0.0,"max_hp_loss":0.0,"gold_gain":0.0,"event_name":"Golden Idol","player_choice":"Take Damage","floor":2.0,"gold_loss":0.0,"damage_taken":18.0,"relics_obtained":["Golden Idol"]},{"damage_healed":0.0,"max_hp_gain":0.0,"max_hp_loss":0.0,"gold_gain":0.0,"event_name":"The Woman in Blue","player_choice":"Bought 3 Potions","floor":3.0,"gold_loss":0.0,"damage_taken":0.0},{"damage_healed":0.0,"max_hp_gain":0.0,"max_hp_loss":0.0,"gold_gain":0.0,"event_name":"FaceTrader","player_choice":"Trade","floor":11.0,"gold_loss":0.0,"damage_taken":0.0,"relics_obtained":["FaceOfCleric"]},{"cards_removed":["ats:Defend"],"damage_healed":0.0,"max_hp_gain":0.0,"max_hp_loss":0.0,"gold_gain":0.0,"event_name":"Beggar","player_choice":"Gave Gold","floor":20.0,"gold_loss":75.0,"damage_taken":0.0},{"cards_removed":["ats:Strike G"],"damage_healed":0.0,"max_hp_gain":0.0,"max_hp_loss":0.0,"gold_gain":0.0,"event_name":"Bonfire Elementals","player_choice":"Offered Basic","floor":21.0,"gold_loss":0.0,"damage_taken":0.0}],"is_beta":false,"boss_relics":[{"not_picked":["Ring of Chaos","ChewingGum"],"picked":"SlaversCollar"}],"items_purged_floors":[19],"is_endless":false,"potions_floor_spawned":[4,16,22,24,30],"killed_by":"Automaton","ascension_level":1}}