{"host":"lxihx0b6awoz2w1j","time":1610550700,"event":{"mods":["Aspiration","BaseMod","Better Third Choice","CapriCore","Colored Powertips","Downfall","Hermit","Hubris","Infinite Spire","JesterMod","Luminous","Marisa????????","Melee Mod","Minty Spire (QoL Compilation)","Prisma Mod","Quick Restart","Relic Stats","Replay The Spire","Shade Mod","Spicy Shops","StSLib","The Alterego","The Blue Laboratory","The Cursed","The Disciple","The Forsaken","The Immortal","The Jungle","The Marked","The Runesmith","The Senshi","The Servant 0.9.4","Waifu the Spire"],"gold_per_floor":[120,140,140,158,178,178,212,212,212,212,33,33,33,33,33,44,44,144,144,161,171,190,190,208,208,241,258,258,258,258,258,274,286,286,384,384,401,401,401,415,425,425,452,452,452,485,503,16,57,8,8,108,108,122,120,120,120,144,164,171,171,171,171,171,168,168,176,176,220,270,257,71,97,21,48,48,91,91,114,150,150,150,160,180,180,274,274,274,274],"floor_reached":88,"language":"ENG","playtime":5240,"items_purged":["ReplayTheSpireMod:Restless Dread"],"score":1845,"play_id":"bcba18b2-eecf-47af-9a3e-032e4e6bf632","local_time":"20210113161140","is_ascension_mode":true,"campfire_choices":[{"data":"alterego_mod:BigMeatyClaws","floor":6.0,"key":"SMITH"},{"floor":8.0,"key":"REST"},{"data":"alterego_mod:Impale","floor":10.0,"key":"SMITH"},{"data":"alterego_mod:BrynhildrsRune","floor":12.0,"key":"SMITH"},{"floor":17.0,"key":"DIG"},{"floor":25.0,"key":"REST"},{"floor":31.0,"key":"REST"},{"floor":34.0,"key":"DIG"},{"data":"alterego_mod:Weigh","floor":42.0,"key":"SMITH"},{"floor":44.0,"key":"REST"},{"data":"1","floor":51.0,"key":"LIFT"},{"data":"alterego_mod:DiscoLights","floor":61.0,"key":"SMITH"},{"floor":63.0,"key":"DIG"},{"floor":66.0,"key":"DIG"},{"floor":68.0,"key":"REST"},{"floor":76.0,"key":"DIG"},{"floor":78.0,"key":"DIG"},{"floor":82.0,"key":"DIG"},{"floor":85,"key":"DIG"}],"circlet_count":0,"master_deck":["alterego_mod:Strike","alterego_mod:Strike","alterego_mod:Strike","alterego_mod:Strike","alterego_mod:Defend","alterego_mod:Defend","alterego_mod:Defend","alterego_mod:Defend","alterego_mod:Impale+1","alterego_mod:BigMeatyClaws+1","alterego_mod:BrynhildrsRune+1","alterego_mod:DeftHands+1","alterego_mod:Birthday","alterego_mod:Rake+1","alterego_mod:Pet","alterego_mod:Maid","alterego_mod:DeftHands","alterego_mod:Pet","alterego_mod:Smother","alterego_mod:RocketPunch+1","alterego_mod:1TonWallop","Phantasmal Killer","alterego_mod:MagicResistance","alterego_mod:Belts","alterego_mod:Nekomimi+1","infinitespire:Fortify","Toxin Wave","alterego_mod:Bounce+1","alterego_mod:Undulate+1","alterego_mod:Palingenesis","PiercingWail","alterego_mod:Weigh+1","alterego_mod:RocketPunch+1","alterego_mod:GoddessCore+1","Dagger Throw","Dagger Spray","alterego_mod:RidiculouslyBig","Cloak And Dagger","alterego_mod:GachaTicket","alterego_mod:1TonWallop+1","alterego_mod:Maid","Storm of Steel","alterego_mod:DiscoLights","Infinite Blades","alterego_mod:Weigh","alterego_mod:DiscoLights+1","alterego_mod:Swimsuit","Corpse Explosion+1","alterego_mod:Undulate","alterego_mod:PresenceConcealment","Cloak And Dagger","alterego_mod:Stockings","alterego_mod:ChallengeComplete","alterego_mod:RocketPunch+1","alterego_mod:RingBreak+1"],"relics":["alterego_mod:MasochisticConstitution","aspiration:Nostalgia","Cracked Core","hubris:DisguiseKit","Incense Burner","Replay:Accelerometer","Guide Book","Bottled Flame","SacredBark","ReplayTheSpireMod:EnergyBall","Ginger","Replay:Baseball","Replay:Wax Seal","Painkiller Herb","Simple Rune","PreservedInsect","StoneCalendar","hubris:ToyBattleship","Girya","Oddly Smooth Stone","hubris:Backtick","Shovel","Membership Card","Odd Mushroom","ReplayFunnel","Golden Egg","Quantum Egg","Replay:Towering Pillar of Hats","Tiny House","Replay:Bandana","Bird Faced Urn","Membership Card","ReplayTheSpireMod:TigerMarble","aspiration:AnachronicSnailShell","theSenshi:SailorFukuRelic","aspiration:HiddenCompartment","Runesmith:AutoHammer","infinitespire:BottledMercury","aspiration:Lifesprig","Meat on the Bone","hubris:VirtuousBlindfold"],"acts_visited":["Exordium","TheCity","TheBeyond","Exordium","theJungle:Jungle","TheBeyond"],"potions_floor_usage":[],"damage_taken":[{"damage":0.0,"enemies":"Small Slimes","floor":1.0,"turns":2.0},{"damage":0.0,"enemies":"Jaw Worm","floor":2.0,"turns":5.0},{"damage":1.0,"enemies":"Cultist","floor":4.0,"turns":3.0},{"damage":6.0,"enemies":"Looter","floor":5.0,"turns":4.0},{"damage":30.0,"enemies":"Replay:BlueRogue","floor":7.0,"turns":9.0},{"damage":5.0,"enemies":"2 Fungi Beasts","floor":16.0,"turns":3.0},{"damage":32.0,"enemies":"Hexaghost","floor":18.0,"turns":11.0},{"damage":10.0,"enemies":"Chosen","floor":20.0,"turns":5.0},{"damage":14.0,"enemies":"3 Byrds","floor":21.0,"turns":4.0},{"damage":9.0,"enemies":"Centurion and Healer","floor":22.0,"turns":9.0},{"damage":30.0,"enemies":"Shelled Parasite and Fungi","floor":24.0,"turns":11.0},{"damage":18.0,"enemies":"Replay:Snechameleon","floor":26.0,"turns":7.0},{"damage":25.0,"enemies":"Snecko","floor":27.0,"turns":6.0},{"damage":9.0,"enemies":"Centurion and Healer","floor":32.0,"turns":12.0},{"damage":10.0,"enemies":"Chosen and Byrds","floor":33.0,"turns":8.0},{"damage":17.0,"enemies":"Collector","floor":35.0,"turns":17.0},{"damage":17.0,"enemies":"3 Shapes","floor":37.0,"turns":4.0},{"damage":0.0,"enemies":"Orb Walker","floor":40.0,"turns":5.0},{"damage":20.0,"enemies":"4 Shapes","floor":41.0,"turns":6.0},{"damage":30.0,"enemies":"Reptomancer","floor":43.0,"turns":8.0},{"damage":3.0,"enemies":"Nemesis","floor":46.0,"turns":9.0},{"damage":17.0,"enemies":"Spire Growth","floor":47.0,"turns":7.0},{"damage":26.0,"enemies":"infinitespire:Three Voidlings","floor":48.0,"turns":4.0},{"damage":14.0,"enemies":"Nightmare_Alpha","floor":48.0,"turns":11.0},{"damage":20.0,"enemies":"Time Eater","floor":52.0,"turns":10.0},{"damage":0.0,"enemies":"Cultist","floor":54.0,"turns":3.0},{"damage":10.0,"enemies":"Jaw Worm","floor":55.0,"turns":2.0},{"damage":4.0,"enemies":"The Mushroom Lair","floor":58.0,"turns":2.0},{"damage":0.0,"enemies":"Gremlin Nob","floor":59.0,"turns":2.0},{"damage":2.0,"enemies":"infinitespire:Voidling","floor":60.0,"turns":2.0},{"damage":35.0,"enemies":"Blue Slaver","floor":65.0,"turns":3.0},{"damage":26.0,"enemies":"Red Slaver","floor":67.0,"turns":3.0},{"damage":36.0,"enemies":"Hexaghost","floor":69.0,"turns":9.0},{"damage":0.0,"enemies":"Shell Parasite","floor":71.0,"turns":3.0},{"damage":24.0,"enemies":"theJungle:GiantWrat","floor":73.0,"turns":3.0},{"damage":4.0,"enemies":"theJungle:MamaSnecko","floor":77.0,"turns":4.0},{"damage":0.0,"enemies":"theJungle:Cassacara","floor":80.0,"turns":6.0},{"damage":44,"enemies":"theJungle:Snecko_Cultist_And_Trap","floor":83,"turns":4},{"damage":7,"enemies":"theJungle:2_Snecko_Cultists","floor":84,"turns":4},{"damage":2,"enemies":"theJungle:QueenSpyder","floor":86,"turns":4},{"damage":0,"enemies":"3 Shapes","floor":88,"turns":1}],"seed_played":"4325167348843844244","potions_obtained":[{"floor":7.0,"key":"blueLaboratory:LouseDecoction"},{"floor":16.0,"key":"sneckomod:MuddlingPotion"},{"floor":18.0,"key":"blueLaboratory:NullPotion"},{"floor":37.0,"key":"SpeedPotion"},{"floor":46.0,"key":"SteroidPotion"},{"floor":49.0,"key":"blueLaboratory:ArtificerPotion"},{"floor":49.0,"key":"Slimebound:ThreeZeroPotion"},{"floor":65.0,"key":"blueLaboratory:SavagePotion"},{"floor":69.0,"key":"DistilledChaos"},{"floor":77.0,"key":"blueLaboratory:PyrophylliteBrew"},{"floor":83,"key":"SpeedPotion"}],"is_trial":false,"path_per_floor":["M","M","?","M","M","R","E","R","T","R","$","R","?","PTL","PTL","M","R","B",null,"M","M","M","AVR","M","R","E","M","T","?","?","R","M","M","R","B",null,"?","?","?","?","?","T","E","T","T","E","?","?","?","T","T","B",null,"?","?","?","AVR","?","E","?","T","T","T","?","?","T","?","T","B",null,"?","T","?","T","T","T","E","T","T","E","?","T","?","?","T","B",null,"?"],"character_chosen":"The_Alterego","items_purchased":["Guide Book","alterego_mod:Pet","hubris:ToyBattleship","Girya","Oddly Smooth Stone","alterego_mod:GachaTicket","alterego_mod:Maid","Replay:Bandana","Bird Faced Urn","Membership Card"],"campfire_rested":5,"item_purchase_floors":[11,11,48,48,48,48,50,72,72,74],"current_hp_per_floor":[70,70,70,70,66,66,46,67,67,67,67,67,67,67,67,72,72,43,75,75,77,71,71,44,67,57,35,35,35,35,59,60,53,53,39,84,70,70,70,79,62,62,63,87,87,87,72,52,52,52,52,35,92,92,90,90,90,87,87,86,86,86,86,86,68,68,45,74,41,103,103,103,82,82,82,82,83,83,83,85,85,85,52,55,55,69,108,108,108],"gold":274,"neow_bonus":"NOSTALGIA","is_daily":false,"chose_seed":false,"campfire_upgraded":5,"win_rate":0.0,"timestamp":1610550700,"path_taken":["M","M","?","M","M","R","E","R","T","R","$","R","?","PTL","PTL","M","R","BOSS","M","M","M","AVR","M","R","E","M","T","?","?","R","?","M","R","BOSS","?","?","?","?","?","T","E","T","T","E","?","?","?","T","T","BOSS","?","?","?","AVR","?","E","?","T","T","T","?","?","T","?","T","BOSS","?","T","?","T","?","T","E","T","T","E","?","T","?","?","T","BOSS","?"],"items_purchased_type":["Relic","Card","Relic","Relic","Relic","Card","Card","Relic","Relic","Relic"],"build_version":"2020-12-22","purchased_purges":1,"victory":false,"max_hp_per_floor":[70,70,70,71,72,72,73,73,73,73,73,73,73,73,73,74,74,75,75,76,77,78,78,79,79,80,81,81,81,81,81,82,83,83,84,84,85,85,85,85,86,86,87,87,87,88,89,91,91,91,91,92,92,92,93,93,93,94,94,95,95,95,95,95,96,96,97,97,98,103,103,103,104,104,104,104,105,105,105,105,105,105,106,107,107,108,108,108,108],"relic_stats":{"Shovel":8,"counters":[41,234],"Bird Faced Urn":[18],"StoneCalendar":[156],"PreservedInsect":307,"Ginger":[10],"obtain_stats":[{"ReplayFunnel":59,"Replay:Accelerometer":9,"Golden Egg":62,"infinitespire:BottledMercury":80,"aspiration:Lifesprig":82,"Tiny House":70,"SacredBark":19,"hubris:VirtuousBlindfold":87,"Painkiller Herb":36,"StoneCalendar":46,"Incense Burner":7,"Ginger":26,"ReplayTheSpireMod:EnergyBall":23,"Replay:Bandana":72,"hubris:Backtick":53,"Shovel":53,"aspiration:AnachronicSnailShell":76,"Replay:Wax Seal":34,"theSenshi:SailorFukuRelic":77,"Cracked Core":0,"hubris:DisguiseKit":3,"Girya":48,"alterego_mod:MasochisticConstitution":0,"Replay:Towering Pillar of Hats":66,"aspiration:Nostalgia":0,"Guide Book":11,"Quantum Egg":63,"Oddly Smooth Stone":48,"PreservedInsect":45,"Odd Mushroom":58,"aspiration:HiddenCompartment":78,"Bottled Flame":17,"Replay:Baseball":28,"Bird Faced Urn":72,"Simple Rune":43,"hubris:ToyBattleship":48,"ReplayTheSpireMod:TigerMarble":75,"Membership Card":57,"Runesmith:AutoHammer":79,"Meat on the Bone":85},{"ReplayFunnel":29,"Replay:Accelerometer":5,"Golden Egg":30,"infinitespire:BottledMercury":37,"aspiration:Lifesprig":37,"Tiny House":33,"SacredBark":7,"hubris:VirtuousBlindfold":40,"Painkiller Herb":16,"StoneCalendar":21,"Incense Burner":5,"Ginger":12,"ReplayTheSpireMod:EnergyBall":10,"Replay:Bandana":34,"hubris:Backtick":25,"Shovel":25,"aspiration:AnachronicSnailShell":35,"Replay:Wax Seal":15,"theSenshi:SailorFukuRelic":36,"Cracked Core":0,"hubris:DisguiseKit":2,"Girya":24,"alterego_mod:MasochisticConstitution":0,"Replay:Towering Pillar of Hats":31,"aspiration:Nostalgia":0,"Guide Book":5,"Quantum Egg":30,"Oddly Smooth Stone":24,"PreservedInsect":20,"Odd Mushroom":28,"aspiration:HiddenCompartment":36,"Bottled Flame":6,"Replay:Baseball":13,"Bird Faced Urn":34,"Simple Rune":20,"hubris:ToyBattleship":24,"ReplayTheSpireMod:TigerMarble":35,"Membership Card":27,"Runesmith:AutoHammer":36,"Meat on the Bone":39},{"ReplayFunnel":188,"Replay:Accelerometer":23,"Golden Egg":190,"infinitespire:BottledMercury":221,"aspiration:Lifesprig":221,"Tiny House":205,"SacredBark":37,"hubris:VirtuousBlindfold":233,"Painkiller Herb":115,"StoneCalendar":147,"Incense Burner":23,"Ginger":73,"ReplayTheSpireMod:EnergyBall":55,"Replay:Bandana":208,"hubris:Backtick":179,"Shovel":179,"aspiration:AnachronicSnailShell":211,"Replay:Wax Seal":98,"theSenshi:SailorFukuRelic":215,"Cracked Core":0,"hubris:DisguiseKit":7,"Girya":169,"alterego_mod:MasochisticConstitution":0,"Replay:Towering Pillar of Hats":193,"aspiration:Nostalgia":0,"Guide Book":23,"Quantum Egg":190,"Oddly Smooth Stone":169,"PreservedInsect":138,"Odd Mushroom":186,"aspiration:HiddenCompartment":215,"Bottled Flame":26,"Replay:Baseball":79,"Bird Faced Urn":208,"Simple Rune":138,"hubris:ToyBattleship":169,"ReplayTheSpireMod:TigerMarble":211,"Membership Card":184,"Runesmith:AutoHammer":215,"Meat on the Bone":229}],"Meat on the Bone":0},"card_choices":[{"not_picked":["alterego_mod:BoobPocket","alterego_mod:Cycle"],"picked":"alterego_mod:DeftHands","floor":1.0},{"not_picked":["alterego_mod:SakuraPetals","alterego_mod:Maid"],"picked":"alterego_mod:Birthday","floor":2.0},{"not_picked":["alterego_mod:Lingerie","alterego_mod:Jiggle","alterego_mod:Punishment","Deflect"],"picked":"SKIP","floor":4.0},{"not_picked":["alterego_mod:Crossover","alterego_mod:Skirt","alterego_mod:Collar","Choke"],"picked":"SKIP","floor":5.0},{"not_picked":["alterego_mod:Bloomers","alterego_mod:BoobPocket","hubris:TrickCloak"],"picked":"alterego_mod:Rake","floor":7.0},{"not_picked":["alterego_mod:Pet","alterego_mod:TrashNCrash","Prepared"],"picked":"alterego_mod:1TonWallop","floor":16.0},{"not_picked":["alterego_mod:STier","alterego_mod:AlterEgo","alterego_mod:Tantrum"],"picked":"Phantasmal Killer","floor":18.0},{"not_picked":["alterego_mod:Table","alterego_mod:BoobPocket+1","Deflect"],"picked":"alterego_mod:MagicResistance","floor":20.0},{"not_picked":["alterego_mod:Complex","alterego_mod:TrashNCrash+1","Hidden Blade"],"picked":"alterego_mod:Belts","floor":21.0},{"not_picked":["alterego_mod:IndependentAction+1","alterego_mod:Complex+1","Distraction"],"picked":"alterego_mod:Nekomimi+1","floor":22.0},{"not_picked":["alterego_mod:Complex","alterego_mod:Skirt","alterego_mod:Mirror+1"],"picked":"Toxin Wave","floor":24.0},{"not_picked":["alterego_mod:Mirror","alterego_mod:Nekomimi","Acrobatics"],"picked":"alterego_mod:Bounce+1","floor":26.0},{"not_picked":["alterego_mod:RocketPunch+1","alterego_mod:MagicResistance","Outmaneuver"],"picked":"alterego_mod:Undulate+1","floor":27.0},{"not_picked":["alterego_mod:Skirt","alterego_mod:Maid+1","Hidden Blade"],"picked":"alterego_mod:Palingenesis","floor":32.0},{"not_picked":["alterego_mod:Schoolgirl","alterego_mod:HighServant+1","alterego_mod:DustData"],"picked":"PiercingWail","floor":33.0},{"not_picked":["alterego_mod:Alter","alterego_mod:Rake","ReplayTheSpireMod:Necrosis"],"picked":"alterego_mod:Weigh","floor":35.0},{"not_picked":["alterego_mod:Cycle+1","alterego_mod:1TonWallop","Blade Dance"],"picked":"alterego_mod:RocketPunch+1","floor":37.0},{"not_picked":["alterego_mod:Jiggle","alterego_mod:Smother+1","Dagger Spray"],"picked":"alterego_mod:GoddessCore+1","floor":40.0},{"not_picked":["alterego_mod:BustOut+1","alterego_mod:PerceptionDisorder+1","alterego_mod:SakuraFive"],"picked":"Dagger Throw","floor":41.0},{"not_picked":["alterego_mod:Punishment+1","alterego_mod:Cycle+1","alterego_mod:ClassAdvantage"],"picked":"Dagger Spray","floor":43.0},{"not_picked":["alterego_mod:RocketPunch+1","alterego_mod:PerceptionDisorder","Die Die Die"],"picked":"alterego_mod:RidiculouslyBig","floor":46.0},{"not_picked":["alterego_mod:Belle","alterego_mod:MagicResistance","alterego_mod:1TonWallop"],"picked":"Cloak And Dagger","floor":47.0},{"not_picked":["alterego_mod:BoobPocket","alterego_mod:TrashNCrash","Deflect"],"picked":"alterego_mod:1TonWallop+1","floor":49.0},{"not_picked":["alterego_mod:Rake","alterego_mod:Alter","alterego_mod:RingBreak"],"picked":"Storm of Steel","floor":52.0},{"not_picked":["alterego_mod:Complex","alterego_mod:Birthday","Masterful Stab"],"picked":"alterego_mod:DiscoLights","floor":54.0},{"not_picked":["alterego_mod:Jiggle","alterego_mod:Bloomers","alterego_mod:Mirror","Expertise"],"picked":"SKIP","floor":55.0},{"not_picked":["alterego_mod:Skirt","alterego_mod:Pet","alterego_mod:Belts"],"picked":"Infinite Blades","floor":58.0},{"not_picked":["alterego_mod:BustOut","alterego_mod:TrashNCrash","Poisoned Stab"],"picked":"alterego_mod:Weigh","floor":59.0},{"not_picked":["alterego_mod:HighServant","alterego_mod:Valentines","Outmaneuver"],"picked":"alterego_mod:DiscoLights","floor":60.0},{"not_picked":["alterego_mod:GoddessCore","alterego_mod:Valentines","Deadly Poison"],"picked":"alterego_mod:Swimsuit","floor":65.0},{"not_picked":["alterego_mod:BiFurious","alterego_mod:GoddessCore","alterego_mod:MaintainEyeContact","Acrobatics"],"picked":"SKIP","floor":67.0},{"not_picked":["alterego_mod:SideboobHour","alterego_mod:Antipathy","alterego_mod:Valkyrie"],"picked":"Corpse Explosion","floor":69.0},{"not_picked":["alterego_mod:BustOut","alterego_mod:PerceptionDisorder","Calculated Gamble"],"picked":"alterego_mod:Undulate","floor":70.0},{"not_picked":["alterego_mod:PerceptionDisorder","alterego_mod:Nekomimi","Cloak And Dagger"],"picked":"alterego_mod:PresenceConcealment","floor":71.0},{"not_picked":["alterego_mod:TrashNCrash","alterego_mod:SakuraLabyrinth","alterego_mod:Santa"],"picked":"Cloak And Dagger","floor":73.0},{"not_picked":["alterego_mod:Cycle+1","alterego_mod:Nekomimi","alterego_mod:Weigh","Riddle With Holes"],"picked":"SKIP","floor":77.0},{"not_picked":["alterego_mod:GoddessCore+1","alterego_mod:1TonWallop+1","Masterful Stab"],"picked":"alterego_mod:Stockings","floor":80.0},{"not_picked":["alterego_mod:PerceptionDisorder","alterego_mod:Undulate","Dodge and Roll"],"picked":"alterego_mod:ChallengeComplete","floor":83},{"not_picked":["alterego_mod:Lingerie","alterego_mod:Belle","Catalyst"],"picked":"alterego_mod:RocketPunch+1","floor":84},{"not_picked":["alterego_mod:SideboobHour","alterego_mod:VirginLaserPalladion","aspiration:Lunge"],"picked":"alterego_mod:RingBreak","floor":86}],"player_experience":587441,"relics_obtained":[{"floor":7.0,"key":"Incense Burner"},{"floor":9.0,"key":"Replay:Accelerometer"},{"floor":17.0,"key":"Bottled Flame"},{"floor":26.0,"key":"Ginger"},{"floor":28.0,"key":"Replay:Baseball"},{"floor":34.0,"key":"Replay:Wax Seal"},{"floor":43.0,"key":"Simple Rune"},{"floor":45.0,"key":"PreservedInsect"},{"floor":46.0,"key":"StoneCalendar"},{"floor":58.0,"key":"Odd Mushroom"},{"floor":59.0,"key":"ReplayFunnel"},{"floor":62.0,"key":"Golden Egg"},{"floor":63.0,"key":"Quantum Egg"},{"floor":66.0,"key":"Replay:Towering Pillar of Hats"},{"floor":75.0,"key":"ReplayTheSpireMod:TigerMarble"},{"floor":76.0,"key":"aspiration:AnachronicSnailShell"},{"floor":77.0,"key":"theSenshi:SailorFukuRelic"},{"floor":78.0,"key":"aspiration:HiddenCompartment"},{"floor":79.0,"key":"Runesmith:AutoHammer"},{"floor":80.0,"key":"infinitespire:BottledMercury"},{"floor":82.0,"key":"aspiration:Lifesprig"},{"floor":85,"key":"Meat on the Bone"}],"event_choices":[{"damage_healed":0.0,"max_hp_gain":0.0,"max_hp_loss":0.0,"gold_gain":0.0,"event_name":"Transmorgrifier","player_choice":"Ignored","floor":30.0,"gold_loss":0.0,"damage_taken":0.0},{"damage_healed":0.0,"max_hp_gain":0.0,"max_hp_loss":0.0,"gold_gain":0.0,"event_name":"The Cleric","player_choice":"Leave","floor":56.0,"gold_loss":0.0,"damage_taken":0.0},{"damage_healed":0.0,"max_hp_gain":0.0,"max_hp_loss":0.0,"gold_gain":0.0,"event_name":"Mushrooms","player_choice":"Fought Mushrooms","floor":58.0,"gold_loss":0.0,"damage_taken":0.0},{"damage_healed":0.0,"max_hp_gain":0.0,"max_hp_loss":0.0,"gold_gain":0.0,"event_name":"Purifier","player_choice":"Ignored","floor":81.0,"gold_loss":0.0,"damage_taken":0.0}],"is_beta":false,"boss_relics":[{"not_picked":["aspiration:BursterCore","Runic Pyramid"],"picked":"SacredBark"},{"not_picked":["Fusion Hammer","hubris:HollowSoul"],"picked":"Painkiller Herb"},{"not_picked":["Abe\u0027s Treasure","aspiration:SilentSkillbook"],"picked":"hubris:Backtick"},{"not_picked":["theForsaken:PaleLantern","hubris:BlackHole"],"picked":"Tiny House"},{"not_picked":["aspiration:BursterCore","Replay:Fungal Core"],"picked":"hubris:VirtuousBlindfold"}],"items_purged_floors":[48],"is_endless":true,"potions_floor_spawned":[7,16,18,21,22,26,37,46,48,55,58,65,67,69,77,83,84,86],"killed_by":"3 Shapes","ascension_level":3}}