{"host":"3x36qx7z3zqcvkt0","time":1610534966,"event":{"mods":["Act Like it!","Arknights The Spire","BaseMod","Colored Map","Colored Powertips","Downfall","Friendly Minions","Gensokyo","Koishi","LagranYue(拉格朗・月)","Marisa（F雨　魔理沙）","Minty Spire (QoL Compilation)","Prisma Mod","Replay The Spire","Shop Mod","StSLib","The Cursed","The Servant 0.9.4","Yuyuko","【功能Mod】聪明的最终Boss"],"gold_per_floor":[109,109,109,124,124,153,153,188,233,263,37,67,94,110,110,110,110],"floor_reached":16,"language":"ZHS","playtime":1662,"items_purged":[],"score":151,"play_id":"318cf815-5d39-4fb6-8e98-941cc4b2f619","local_time":"20210113184926","is_ascension_mode":false,"campfire_choices":[{"data":"ats:Flexible Camouflage","floor":7,"key":"SMITH"},{"floor":15,"key":"REST"}],"circlet_count":0,"master_deck":["ats:Strike C","ats:Strike G","ats:Strike S","ats:Strike V","ats:Armor Crushing Shot","ats:Defend","ats:Defend+1","ats:Defend","ats:Defend+1","ats:Emotion Absorption","ats:Consecutive Shot Auto","ats:Flexible Camouflage+1","ats:Overload","ats:Curse Doll","ats:Shell Defense","ats:Apocalypse","ats:Encircling Forest","ats:Soul Absorption","ats:Shadow Raid"],"relics":["ats:Sanity","LagranYue:RandomDrawCardRelic","NeowsBlessing","Juzu Bracelet","ats:Originium","Orichalcum","ats:Military Tradition","War Paint","ats:Snipe","Odd Mushroom"],"acts_visited":["Exordium"],"potions_floor_usage":[8,12,13,16],"damage_taken":[{"damage":0,"enemies":"Small Slimes","floor":1,"turns":1},{"damage":0,"enemies":"Jaw Worm","floor":4,"turns":1},{"damage":0,"enemies":"Gremlin Nob","floor":6,"turns":1},{"damage":20,"enemies":"Lagavulin","floor":8,"turns":5},{"damage":21,"enemies":"Replay:BlueRogue","floor":10,"turns":6},{"damage":18,"enemies":"The Mushroom Lair","floor":12,"turns":5},{"damage":13,"enemies":"Gremlin Nob","floor":13,"turns":4},{"damage":0,"enemies":"Cultist","floor":14,"turns":3},{"damage":55,"enemies":"Fading Forest","floor":16,"turns":10}],"seed_played":"-4834013169767247865","potions_obtained":[{"floor":4,"key":"Swift Potion"},{"floor":6,"key":"Block Potion"},{"floor":12,"key":"champ:CounterPotion"},{"floor":13,"key":"Slimebound:ThreeZeroPotion"}],"is_trial":false,"path_per_floor":["M","?","T","M","?","E","R","E","T","E","$","?","E","M","R","B"],"character_chosen":"DOCTOR_CLASS","items_purchased":["ats:Shell Defense","ats:Snipe","ats:Apocalypse"],"campfire_rested":1,"item_purchase_floors":[11,11,11],"current_hp_per_floor":[72,72,72,72,72,72,72,52,52,31,31,16,3,3,24,0,0],"gold":110,"neow_bonus":"THREE_ENEMY_KILL","is_daily":false,"chose_seed":false,"campfire_upgraded":1,"win_rate":0.0,"timestamp":1610534966,"path_taken":["M","?","?","M","?","E","R","E","T","E","$","?","E","M","R","BOSS"],"items_purchased_type":["Card","Relic","Card"],"build_version":"2020-12-22","purchased_purges":0,"victory":false,"max_hp_per_floor":[72,72,72,72,72,72,72,72,72,72,72,72,72,72,72,72,72],"card_choices":[{"not_picked":["ats:Powerful Strike","ats:Assault Order"],"picked":"ats:Hook Shot","floor":1},{"not_picked":["ats:Shell Defense","ats:Steam Pump"],"picked":"ats:Consecutive Shot Auto","floor":4},{"not_picked":["ats:Burning Ground","ats:Consecutive Shot Auto"],"picked":"ats:Flexible Camouflage","floor":6},{"not_picked":["ats:Healing Strengthening","ats:Sword Rain"],"picked":"ats:Overload","floor":8},{"not_picked":["ats:Guardian Obelisk","ats:LN2 Cannon"],"picked":"ats:Curse Doll","floor":10},{"not_picked":["ats:Blood Oath","ats:Revitalization"],"picked":"ats:Encircling Forest","floor":12},{"not_picked":["ats:Rat Pack","ats:Roar Of Ursus"],"picked":"ats:Soul Absorption","floor":13},{"not_picked":["ats:Guardian Obelisk","ats:Explosion Area Strengthen"],"picked":"ats:Shadow Raid","floor":14}],"player_experience":260731,"relics_obtained":[{"floor":3,"key":"Juzu Bracelet"},{"floor":6,"key":"ats:Originium"},{"floor":6,"key":"Orichalcum"},{"floor":8,"key":"ats:Originium"},{"floor":8,"key":"ats:Military Tradition"},{"floor":10,"key":"ats:Originium"},{"floor":10,"key":"War Paint"},{"floor":12,"key":"Odd Mushroom"}],"event_choices":[{"cards_removed":["ats:Hook Shot"],"damage_healed":0,"gold_gain":0,"player_choice":"Offered Uncommon","damage_taken":0,"max_hp_gain":0,"max_hp_loss":0,"event_name":"Bonfire Elementals","floor":5,"gold_loss":0},{"damage_healed":0,"gold_gain":0,"player_choice":"Fought Mushrooms","damage_taken":0,"max_hp_gain":0,"max_hp_loss":0,"event_name":"Mushrooms","floor":12,"gold_loss":0}],"is_beta":false,"boss_relics":[],"items_purged_floors":[],"is_endless":false,"potions_floor_spawned":[4,6,12,13],"killed_by":"Fading Forest","ascension_level":0}}