{"host":"6swbl1yqdi8v28pk","time":1610571667,"event":{"mods":["AchievementEnabler","BaseMod","Colored Map","Minty Spire (QoL Compilation)","Quick Restart"],"gold_per_floor":[118,118,129,142,161,189,189,247,247,266,29,46,58,76,76,76,76],"floor_reached":16,"language":"SPA","playtime":703,"items_purged":["Strike_R"],"score":106,"play_id":"2a367a91-e437-48da-95ad-f6247bb115c3","local_time":"20210113150107","is_ascension_mode":false,"campfire_choices":[{"data":"Double Tap","floor":7,"key":"SMITH"},{"floor":15,"key":"REST"}],"circlet_count":0,"master_deck":["Strike_R","Strike_R","Strike_R","Defend_R","Defend_R","Defend_R","Defend_R","Bash","Havoc","Shockwave","Pommel Strike","Cleave","Double Tap+1","Disarm","Twin Strike","Reaper","Dual Wield","Shrug It Off"],"relics":["Burning Blood","NeowsBlessing","Centennial Puzzle","Thread and Needle","Matryoshka"],"acts_visited":["Exordium"],"potions_floor_usage":[6,6,12,16],"damage_taken":[{"damage":0,"enemies":"Small Slimes","floor":1,"turns":1},{"damage":0,"enemies":"Jaw Worm","floor":3,"turns":1},{"damage":0,"enemies":"Cultist","floor":4,"turns":1},{"damage":15,"enemies":"Large Slime","floor":5,"turns":8},{"damage":18,"enemies":"3 Sentries","floor":6,"turns":6},{"damage":45,"enemies":"Lagavulin Event","floor":8,"turns":7},{"damage":0,"enemies":"Red Slaver","floor":10,"turns":3},{"damage":13,"enemies":"Exordium Thugs","floor":12,"turns":4},{"damage":2,"enemies":"3 Louse","floor":13,"turns":3},{"damage":5,"enemies":"Blue Slaver","floor":14,"turns":6},{"damage":74,"enemies":"The Guardian","floor":16,"turns":16}],"seed_played":"-5337439125208569637","potions_obtained":[{"floor":4,"key":"DistilledChaos"},{"floor":5,"key":"CultistPotion"},{"floor":8,"key":"CultistPotion"},{"floor":14,"key":"Fire Potion"}],"is_trial":false,"path_per_floor":["M","?","M","M","M","E","R","?","T","M","$","M","M","M","R","B"],"character_chosen":"IRONCLAD","items_purchased":["Reaper"],"campfire_rested":1,"item_purchase_floors":[11],"current_hp_per_floor":[80,73,79,80,71,59,59,20,20,26,26,33,44,45,69,0,0],"gold":76,"neow_bonus":"THREE_ENEMY_KILL","is_daily":false,"chose_seed":false,"campfire_upgraded":1,"win_rate":0.0,"timestamp":1610571667,"path_taken":["M","?","M","M","M","E","R","?","T","M","$","M","M","?","R","BOSS"],"items_purchased_type":["Card"],"build_version":"2020-12-22","purchased_purges":1,"victory":false,"max_hp_per_floor":[80,80,80,80,80,80,80,80,80,80,80,80,80,80,80,80,80],"card_choices":[{"not_picked":["Blood for Blood","Sentinel"],"picked":"Havoc","floor":1},{"not_picked":["Twin Strike","Iron Wave"],"picked":"Shockwave","floor":3},{"not_picked":["Perfected Strike","Heavy Blade"],"picked":"Pommel Strike","floor":4},{"not_picked":["Wild Strike","Flame Barrier"],"picked":"Cleave","floor":5},{"not_picked":["Twin Strike","Warcry"],"picked":"Double Tap","floor":6},{"not_picked":["Armaments","Havoc"],"picked":"Disarm","floor":8},{"not_picked":["Fire Breathing","Armaments"],"picked":"Twin Strike","floor":10},{"not_picked":["Rage","Spot Weakness"],"picked":"Dual Wield","floor":12},{"not_picked":["Pommel Strike","Heavy Blade"],"picked":"Shrug It Off","floor":13},{"not_picked":["Pommel Strike","Dark Embrace","Pummel"],"picked":"SKIP","floor":14}],"player_experience":145713,"relics_obtained":[{"floor":6,"key":"Centennial Puzzle"},{"floor":8,"key":"Thread and Needle"},{"floor":9,"key":"Matryoshka"}],"event_choices":[{"cards_removed":["Strike_R"],"damage_healed":0,"gold_gain":0,"player_choice":"Card Removal","damage_taken":7,"max_hp_gain":0,"max_hp_loss":0,"event_name":"Golden Wing","floor":2,"gold_loss":0},{"damage_healed":0,"gold_gain":0,"player_choice":"Searched \u00271\u0027 times","damage_taken":0,"max_hp_gain":0,"max_hp_loss":0,"event_name":"Dead Adventurer","floor":8,"gold_loss":0}],"is_beta":false,"boss_relics":[],"items_purged_floors":[11],"is_endless":false,"potions_floor_spawned":[4,5,8,14],"killed_by":"The Guardian","ascension_level":0}}