{"host":"uxq2rly8rxtwffuf","time":1610537666,"event":{"mods":["BaseMod","Koishi","Minty Spire (QoL Compilation)","StSLib","The Servant 0.9.4"],"gold_per_floor":[113,38,50,50,73,73,83,83,109,9,28,28,43,53,53,157,157,177,52,71,83,99,99,127,141,141,161,181,207,207,207,207,306,306,321,336,336,386,22,52,63,88,88,88,103,134,153,0,0,0,0,0,0,27,27,27],"floor_reached":55,"language":"ENG","playtime":1983,"items_purged":["Defend_R","Strike_R","Strike_R"],"score":1473,"play_id":"ae5bce51-5a28-4931-95be-073714dd184d","local_time":"20210113143426","is_ascension_mode":true,"campfire_choices":[{"data":"Bash","floor":6,"key":"SMITH"},{"floor":15,"key":"RECALL"},{"data":"Dropkick","floor":23,"key":"SMITH"},{"data":"Dropkick","floor":32,"key":"SMITH"},{"data":"Defend_R","floor":49,"key":"SMITH"},{"data":"Defend_R","floor":52,"key":"SMITH"}],"circlet_count":0,"master_deck":["Defend_R+1","Defend_R+1","Bash+1","Dropkick+1","Dropkick+1","Dropkick+1"],"relics":["Black Blood","Bag of Marbles","Black Star","Molten Egg 2","Potion Belt","Frozen Egg 2","Anchor","Bottled Flame","Bird Faced Urn","Nunchaku","Vajra","Happy Flower","HornCleat","Juzu Bracelet","Orichalcum","Lantern","Blood Vial","Mango","Red Mask","FossilizedHelix","Thread and Needle"],"acts_visited":["Exordium","TheCity","TheBeyond","TheEnding"],"potions_floor_usage":[3,16,18,25,55,55,55],"damage_taken":[{"damage":6,"enemies":"2 Louse","floor":1,"turns":4},{"damage":7,"enemies":"Jaw Worm","floor":3,"turns":2},{"damage":0,"enemies":"Cultist","floor":7,"turns":2},{"damage":6,"enemies":"Exordium Thugs","floor":11,"turns":4},{"damage":30,"enemies":"Gremlin Gang","floor":13,"turns":4},{"damage":7,"enemies":"3 Louse","floor":14,"turns":3},{"damage":26,"enemies":"The Guardian","floor":16,"turns":4},{"damage":42,"enemies":"Spheric Guardian","floor":18,"turns":6},{"damage":0,"enemies":"Shell Parasite","floor":20,"turns":1},{"damage":19,"enemies":"Snake Plant","floor":21,"turns":2},{"damage":0,"enemies":"3 Cultists","floor":22,"turns":1},{"damage":0,"enemies":"Gremlin Leader","floor":24,"turns":1},{"damage":29,"enemies":"Sentry and Sphere","floor":25,"turns":5},{"damage":0,"enemies":"Snake Plant","floor":27,"turns":1},{"damage":0,"enemies":"Chosen and Byrds","floor":28,"turns":1},{"damage":0,"enemies":"Book of Stabbing","floor":29,"turns":1},{"damage":0,"enemies":"Collector","floor":33,"turns":1},{"damage":0,"enemies":"Orb Walker","floor":35,"turns":1},{"damage":6,"enemies":"3 Shapes","floor":36,"turns":1},{"damage":0,"enemies":"Mind Bloom Boss Battle","floor":38,"turns":1},{"damage":0,"enemies":"Nemesis","floor":40,"turns":1},{"damage":0,"enemies":"Spire Growth","floor":41,"turns":1},{"damage":0,"enemies":"Giant Head","floor":42,"turns":1},{"damage":0,"enemies":"Writhing Mass","floor":45,"turns":1},{"damage":0,"enemies":"Nemesis","floor":46,"turns":1},{"damage":0,"enemies":"Maw","floor":47,"turns":1},{"damage":0,"enemies":"Donu and Deca","floor":50,"turns":2},{"damage":0,"enemies":"Shield and Spear","floor":54,"turns":2},{"damage":108,"enemies":"The Heart","floor":55,"turns":6}],"seed_played":"-9028213143430428502","potions_obtained":[{"floor":1,"key":"AttackPotion"},{"floor":14,"key":"Swift Potion"},{"floor":16,"key":"ColorlessPotion"},{"floor":22,"key":"DuplicationPotion"},{"floor":24,"key":"SpeedPotion"},{"floor":28,"key":"Regen Potion"},{"floor":29,"key":"Weak Potion"},{"floor":36,"key":"SkillPotion"},{"floor":38,"key":"SteroidPotion"}],"is_trial":false,"path_per_floor":["M","$","M","?","T","R","M","$","T","$","M","$","M","M","R","B",null,"M","$","M","M","M","R","E","M","T","M","M","E","?","?","R","B",null,"M","M","$","?","$","E","M","E","T","?","M","E","M","?","R","B",null,"R","$","E","B"],"character_chosen":"IRONCLAD","items_purchased":["Dropkick+1","Nunchaku","Vajra"],"campfire_rested":0,"item_purchase_floors":[39,39,39],"current_hp_per_floor":[51,51,50,50,50,50,56,56,56,56,56,56,32,31,31,11,63,27,27,33,20,26,26,32,9,9,15,21,27,27,27,27,33,68,80,80,80,80,80,80,80,80,80,80,80,94,94,94,94,94,94,94,94,94,0,0],"gold":27,"neow_bonus":"REMOVE_TWO","is_daily":false,"chose_seed":false,"campfire_upgraded":5,"win_rate":0.0,"timestamp":1610537666,"path_taken":["M","$","M","?","?","R","M","$","T","$","?","?","M","M","R","BOSS","M","$","M","M","M","R","E","?","T","M","M","E","?","?","R","BOSS","M","M","$","?","$","E","M","E","T","?","M","E","M","?","R","BOSS","R","$","E","BOSS"],"items_purchased_type":["Card","Relic","Relic"],"build_version":"2020-12-22","purchased_purges":3,"victory":false,"max_hp_per_floor":[80,80,80,80,80,80,80,80,80,80,80,80,80,80,80,80,80,80,80,80,80,80,80,80,80,80,80,80,80,80,80,80,80,80,80,80,80,80,80,80,80,80,80,80,80,94,94,94,94,94,94,94,94,94,94,94],"card_choices":[{"not_picked":["Battle Trance","Seeing Red"],"picked":"Dropkick","floor":1},{"not_picked":["Sword Boomerang","Seeing Red","Flame Barrier"],"picked":"SKIP","floor":3},{"not_picked":["Clash","Twin Strike","Hemokinesis"],"picked":"SKIP","floor":7},{"not_picked":["Flex","Havoc","Corruption"],"picked":"SKIP","floor":11},{"not_picked":["Disarm","Heavy Blade"],"picked":"Dropkick","floor":13},{"not_picked":["Wild Strike","Perfected Strike","Ghostly Armor"],"picked":"SKIP","floor":14},{"not_picked":["Perfected Strike+1","Warcry","Sword Boomerang"],"picked":"SKIP","floor":18},{"not_picked":["Disarm","Shrug It Off","Warcry"],"picked":"SKIP","floor":20},{"not_picked":["Heavy Blade","Iron Wave","Wild Strike+1"],"picked":"SKIP","floor":21},{"not_picked":["Cleave","Flex","Headbutt"],"picked":"SKIP","floor":22},{"not_picked":["Anger+1","Shockwave","Havoc"],"picked":"SKIP","floor":24},{"not_picked":["Reaper+1","Body Slam+1","Twin Strike+1"],"picked":"SKIP","floor":25},{"not_picked":["Wild Strike+1","Intimidate","Perfected Strike+1"],"picked":"SKIP","floor":27},{"not_picked":["Intimidate","Twin Strike+1","Warcry+1"],"picked":"SKIP","floor":28},{"not_picked":["Intimidate","Twin Strike+1","Warcry+1"],"picked":"SKIP","floor":28},{"not_picked":["Heavy Blade+1","Reaper+1","Whirlwind+1"],"picked":"SKIP","floor":29},{"not_picked":["Body Slam+1","Clash+1","Cleave+1"],"picked":"SKIP","floor":35},{"not_picked":["Havoc+1","Flame Barrier+1","Twin Strike+1"],"picked":"SKIP","floor":36},{"not_picked":["Perfected Strike+1","Uppercut+1","Inflame+1"],"picked":"SKIP","floor":40},{"not_picked":["Twin Strike+1","Sword Boomerang+1","Power Through+1"],"picked":"SKIP","floor":41},{"not_picked":["Intimidate+1","Warcry+1","Rage"],"picked":"SKIP","floor":42},{"not_picked":["True Grit+1","Blood for Blood+1","Feel No Pain+1"],"picked":"SKIP","floor":45},{"not_picked":["Impervious","Twin Strike+1","Seeing Red+1"],"picked":"SKIP","floor":46},{"not_picked":["Impervious","Twin Strike+1","Seeing Red+1"],"picked":"SKIP","floor":46},{"not_picked":["Headbutt+1","Thunderclap+1","Wild Strike+1"],"picked":"SKIP","floor":47},{"not_picked":["Infernal Blade+1","Ghostly Armor","Power Through"],"picked":"SKIP","floor":54}],"player_experience":1392376,"relics_obtained":[{"floor":9,"key":"Bag of Marbles"},{"floor":24,"key":"Molten Egg 2"},{"floor":24,"key":"Potion Belt"},{"floor":26,"key":"Frozen Egg 2"},{"floor":29,"key":"Anchor"},{"floor":29,"key":"Bottled Flame"},{"floor":38,"key":"Bird Faced Urn"},{"floor":40,"key":"Happy Flower"},{"floor":40,"key":"HornCleat"},{"floor":42,"key":"Juzu Bracelet"},{"floor":42,"key":"Orichalcum"},{"floor":43,"key":"Lantern"},{"floor":46,"key":"Blood Vial"},{"floor":46,"key":"Mango"},{"floor":54,"key":"FossilizedHelix"},{"floor":54,"key":"Thread and Needle"}],"event_choices":[{"cards_removed":["Strike_R"],"damage_healed":0,"gold_gain":0,"player_choice":"Forget","damage_taken":0,"max_hp_gain":0,"max_hp_loss":0,"event_name":"Living Wall","floor":4,"gold_loss":0},{"damage_healed":0,"gold_gain":0,"player_choice":"Ignored","damage_taken":0,"max_hp_gain":0,"max_hp_loss":0,"event_name":"Ghosts","floor":30,"gold_loss":0},{"damage_healed":0,"gold_gain":0,"player_choice":"Ignored","damage_taken":0,"max_hp_gain":0,"max_hp_loss":0,"event_name":"Vampires","floor":31,"gold_loss":0},{"damage_healed":0,"gold_gain":0,"player_choice":"Fight","damage_taken":0,"max_hp_gain":0,"max_hp_loss":0,"event_name":"MindBloom","floor":38,"gold_loss":0},{"cards_removed":["Strike_R"],"damage_healed":0,"gold_gain":0,"player_choice":"Offered Basic","damage_taken":0,"max_hp_gain":0,"max_hp_loss":0,"event_name":"Bonfire Elementals","floor":44,"gold_loss":0},{"damage_healed":0,"gold_gain":0,"player_choice":"Paid","damage_taken":0,"relics_obtained":["Red Mask"],"max_hp_gain":0,"max_hp_loss":0,"event_name":"Tomb of Lord Red Mask","floor":48,"gold_loss":153}],"is_beta":false,"boss_relics":[{"not_picked":["Runic Pyramid","Philosopher\u0027s Stone"],"picked":"Black Star"},{"not_picked":["Velvet Choker","Tiny House"],"picked":"Black Blood"}],"items_purged_floors":[2,10,19],"is_endless":false,"potions_floor_spawned":[1,14,16,22,24,28,29,36,38,41,47],"killed_by":"The Heart","ascension_level":9}}