{"host":"3x36qx7z3zqcvkt0","time":1610539749,"event":{"mods":["Act Like it!","Arknights The Spire","BaseMod","Colored Map","Colored Powertips","Downfall","Friendly Minions","Gensokyo","Koishi","LagranYue(拉格朗・月)","Marisa（F雨　魔理沙）","Minty Spire (QoL Compilation)","Prisma Mod","Replay The Spire","Shop Mod","StSLib","The Cursed","The Servant 0.9.4","Yuyuko","【功能Mod】聪明的最终Boss"],"gold_per_floor":[115,115,115,132,147,173,193,193,193],"floor_reached":8,"language":"ZHS","playtime":493,"items_purged":[],"score":58,"play_id":"ce1c67b5-0840-4e0d-bf26-8488909d0e45","local_time":"20210113200909","is_ascension_mode":false,"campfire_choices":[],"circlet_count":0,"master_deck":["ats:Strike C+1","ats:Strike G","ats:Strike S","ats:Strike V","ats:Armor Crushing Shot","ats:Defend","ats:Defend","ats:Defend","ats:Defend","ats:Emotion Absorption","ats:Flexible Camouflage","ats:Poison Spread","ats:Song Of Battle","ats:Wolf Pack","ats:Sword Rain"],"relics":["ats:Sanity","LagranYue:RandomDrawCardRelic","Blood Vial","ats:Originium","LagranYue:WskJewelryRelic"],"acts_visited":["Exordium"],"potions_floor_usage":[6,8],"damage_taken":[{"damage":11,"enemies":"2 Louse","floor":1,"turns":3},{"damage":6,"enemies":"Jaw Worm","floor":4,"turns":4},{"damage":1,"enemies":"Cultist","floor":5,"turns":3},{"damage":44,"enemies":"Lagavulin","floor":6,"turns":8},{"damage":9,"enemies":"Blue Slaver","floor":7,"turns":4},{"damage":16,"enemies":"Gremlin Nob","floor":8,"turns":3}],"seed_played":"-3894913900109284136","potions_obtained":[{"floor":3,"key":"Weak Potion"},{"floor":3,"key":"Reflective Coating"},{"floor":3,"key":"SmokeBomb"},{"floor":4,"key":"CultistPotion"},{"floor":7,"key":"SpeedPotion"}],"is_trial":false,"path_per_floor":["M","?","?","M","M","E","M","E"],"character_chosen":"DOCTOR_CLASS","items_purchased":[],"campfire_rested":0,"item_purchase_floors":[],"current_hp_per_floor":[61,61,61,57,58,16,9,0,0],"gold":193,"neow_bonus":"RANDOM_COMMON_RELIC","is_daily":false,"chose_seed":false,"campfire_upgraded":0,"win_rate":0.0,"timestamp":1610539749,"path_taken":["M","?","?","?","M","E","M","E"],"items_purchased_type":[],"build_version":"2020-12-22","purchased_purges":0,"victory":false,"max_hp_per_floor":[72,72,72,72,72,72,72,72,72],"card_choices":[{"not_picked":["ats:Powerful Strike","ats:Revitalization"],"picked":"ats:Flexible Camouflage","floor":1},{"not_picked":["ats:Guardian Obelisk","ats:Durian"],"picked":"ats:Poison Spread","floor":4},{"not_picked":["ats:Childhood Dance","ats:Hammer On"],"picked":"ats:Song Of Battle","floor":5},{"not_picked":["ats:Childhood Dance","ats:Curse Doll"],"picked":"ats:Wolf Pack","floor":6},{"not_picked":["ats:Explosion Area Strengthen","ats:Beaten Up"],"picked":"ats:Sword Rain","floor":7}],"player_experience":265651,"relics_obtained":[{"floor":6,"key":"ats:Originium"},{"floor":6,"key":"LagranYue:WskJewelryRelic"}],"event_choices":[{"damage_healed":0,"gold_gain":0,"player_choice":"Got Potions","damage_taken":0,"max_hp_gain":0,"max_hp_loss":0,"event_name":"Lab","floor":3,"gold_loss":0}],"is_beta":false,"boss_relics":[],"items_purged_floors":[],"is_endless":false,"potions_floor_spawned":[4,7],"killed_by":"Gremlin Nob","ascension_level":0}}