{"host":"x8gxsinbf7j7wbos","time":1610545598,"event":{"mods":["AchievementEnabler","BaseMod","Better Note","BetterRewards","Minty Spire (QoL Compilation)","Permanent Neow","StSLib"],"gold_per_floor":[111,111,125,125,0,0,19,19,19,50,50,63,76,90,90,162,162,172,190,207,207,218,218,253,253,253,72,72,86,86,100,100,178,178,197,209,209,99,116,143,23,23,23,23,39,39,52,65,65,65],"floor_reached":51,"language":"ENG","playtime":6628,"items_purged":["Strike_G","Strike_G","Strike_G","Defend_G"],"score":1533,"play_id":"58030d6f-960b-44f1-8af8-cb5ab88656f7","local_time":"20210113214638","is_ascension_mode":true,"campfire_choices":[{"data":"Neutralize","floor":6,"key":"SMITH"},{"data":"Footwork","floor":8,"key":"SMITH"},{"data":"Cloak And Dagger","floor":11,"key":"SMITH"},{"data":"Leg Sweep","floor":15,"key":"SMITH"},{"data":"Noxious Fumes","floor":23,"key":"SMITH"},{"floor":28,"key":"REST"},{"data":"Adrenaline","floor":30,"key":"SMITH"},{"data":"Cloak And Dagger","floor":32,"key":"SMITH"},{"data":"Burst","floor":42,"key":"SMITH"},{"data":"Accuracy","floor":44,"key":"SMITH"},{"data":"Tactician","floor":46,"key":"SMITH"},{"floor":49,"key":"REST"}],"circlet_count":0,"master_deck":["AscendersBane","Defend_G+1","Defend_G","Survivor","Neutralize+1","Dagger Throw","Backflip","Acrobatics","Deflect","Deadly Poison","Cloak And Dagger+1","Tactician+1","Footwork+1","Leg Sweep+1","Terror","Blade Dance","Adrenaline+1","Cloak And Dagger+1","Accuracy+1","Heel Hook","Noxious Fumes+1","Escape Plan","Footwork","Prepared+1","PiercingWail","Burst+1","Backflip","Infinite Blades","Outmaneuver","PiercingWail"],"relics":["Ring of the Snake","MealTicket","Strawberry","Singing Bowl","Oddly Smooth Stone","Empty Cage","Tingsha","The Courier","Lantern","Cursed Key","PreservedInsect"],"acts_visited":["Exordium","TheCity","TheBeyond"],"potions_floor_usage":[10,10,16,16,20,24,33,50,50],"damage_taken":[{"damage":0,"enemies":"2 Louse","floor":1,"turns":2},{"damage":0,"enemies":"Cultist","floor":3,"turns":4},{"damage":0,"enemies":"Jaw Worm","floor":7,"turns":3},{"damage":6,"enemies":"3 Sentries","floor":10,"turns":7},{"damage":0,"enemies":"3 Louse","floor":12,"turns":2},{"damage":31,"enemies":"Gremlin Gang","floor":13,"turns":4},{"damage":1,"enemies":"Exordium Wildlife","floor":14,"turns":3},{"damage":9,"enemies":"Hexaghost","floor":16,"turns":12},{"damage":0,"enemies":"Chosen","floor":18,"turns":6},{"damage":6,"enemies":"Spheric Guardian","floor":19,"turns":8},{"damage":2,"enemies":"Snake Plant","floor":20,"turns":5},{"damage":15,"enemies":"Snecko","floor":22,"turns":8},{"damage":31,"enemies":"Slavers","floor":24,"turns":7},{"damage":7,"enemies":"Cultist and Chosen","floor":29,"turns":7},{"damage":1,"enemies":"Shelled Parasite and Fungi","floor":31,"turns":5},{"damage":37,"enemies":"Automaton","floor":33,"turns":9},{"damage":0,"enemies":"3 Darklings","floor":35,"turns":5},{"damage":6,"enemies":"3 Shapes","floor":36,"turns":5},{"damage":0,"enemies":"Jaw Worm Horde","floor":39,"turns":5},{"damage":24,"enemies":"Reptomancer","floor":40,"turns":8},{"damage":0,"enemies":"Transient","floor":45,"turns":5},{"damage":3,"enemies":"Spire Growth","floor":47,"turns":4},{"damage":2,"enemies":"Jaw Worm Horde","floor":48,"turns":5},{"damage":19,"enemies":"Awakened One","floor":50,"turns":12}],"seed_played":"-6388128646547751568","potions_obtained":[{"floor":3,"key":"DistilledChaos"},{"floor":7,"key":"EntropicBrew"},{"floor":18,"key":"Block Potion"},{"floor":20,"key":"FearPotion"},{"floor":29,"key":"DuplicationPotion"},{"floor":33,"key":"EssenceOfSteel"},{"floor":40,"key":"Strength Potion"},{"floor":45,"key":"Energy Potion"}],"is_trial":false,"path_per_floor":["M","?","M","?","$","R","M","R","T","E","R","M","M","M","R","B",null,"M","M","M","?","M","R","E","?","T","$","R","M","R","M","R","B",null,"M","M","?","?","M","E","$","R","T","R","M","R","M","M","R","B",null],"character_chosen":"THE_SILENT","items_purchased":["Dagger Throw","Backflip","MealTicket","Acrobatics","Deflect","All Out Attack","Strawberry","Footwork","Lantern"],"campfire_rested":2,"item_purchase_floors":[0,0,0,0,0,0,0,27,27],"current_hp_per_floor":[59,52,52,52,67,67,67,67,67,61,61,61,30,31,31,37,66,66,60,58,58,43,43,14,14,14,29,52,45,45,44,44,7,60,60,56,56,56,58,34,49,49,49,49,49,49,46,46,70,51],"gold":65,"neow_bonus":"","is_daily":false,"chose_seed":false,"campfire_upgraded":10,"win_rate":0.0,"timestamp":1610545598,"path_taken":["M","?","M","?","$","R","?","R","T","E","R","M","M","M","R","BOSS","M","M","M","?","M","R","E","?","T","$","R","?","R","M","R","BOSS","M","M","?","?","M","E","$","R","T","R","M","R","M","?","R","BOSS"],"items_purchased_type":["Card","Card","Relic","Card","Card","Card","Relic","Card","Relic"],"build_version":"2020-12-22","purchased_purges":4,"victory":true,"max_hp_per_floor":[73,73,73,73,73,73,73,73,73,73,73,73,73,75,75,75,75,75,75,75,75,75,75,77,77,77,77,77,77,77,77,77,77,77,77,79,79,79,81,81,81,81,81,81,81,81,81,83,83,83],"card_choices":[{"not_picked":["Underhanded Strike","Outmaneuver"],"picked":"Deadly Poison","floor":1},{"not_picked":["Blade Dance","Accuracy"],"picked":"Cloak And Dagger","floor":3},{"not_picked":["Caltrops","Dagger Throw"],"picked":"Footwork","floor":7},{"not_picked":["Venomology","Quick Slash"],"picked":"Leg Sweep","floor":10},{"not_picked":["Poisoned Stab","Reflex"],"picked":"Terror","floor":12},{"not_picked":["Underhanded Strike","Bane"],"picked":"Blade Dance","floor":13},{"not_picked":["Poisoned Stab","Blade Dance","Concentrate"],"picked":"Singing Bowl","floor":14},{"not_picked":["After Image","Corpse Explosion"],"picked":"Adrenaline","floor":16},{"not_picked":["Infinite Blades","Outmaneuver"],"picked":"Cloak And Dagger","floor":18},{"not_picked":["Slice","Dagger Spray"],"picked":"Accuracy","floor":19},{"not_picked":["Flying Knee","Bane"],"picked":"Heel Hook","floor":20},{"not_picked":["Quick Slash","Deadly Poison"],"picked":"Escape Plan","floor":22},{"not_picked":["Dash","Flechettes","Deadly Poison"],"picked":"Singing Bowl","floor":24},{"not_picked":["Calculated Gamble","Masterful Stab"],"picked":"Prepared+1","floor":29},{"not_picked":["Distraction","Slice"],"picked":"PiercingWail","floor":31},{"not_picked":["Grand Finale","Malaise"],"picked":"Burst","floor":33},{"not_picked":["Crippling Poison","Poisoned Stab+1"],"picked":"Backflip","floor":35},{"not_picked":["Tactician","Quick Slash+1","Prepared+1"],"picked":"Singing Bowl","floor":36},{"not_picked":["Concentrate","Flying Knee","Bane"],"picked":"Singing Bowl","floor":39},{"not_picked":["Acrobatics","Blade Dance"],"picked":"Infinite Blades","floor":40},{"not_picked":["Blade Dance","Phantasmal Killer"],"picked":"Outmaneuver","floor":45},{"not_picked":["Deflect","Poisoned Stab+1"],"picked":"PiercingWail","floor":47},{"not_picked":["Underhanded Strike","Bane+1","Caltrops"],"picked":"Singing Bowl","floor":48}],"player_experience":1018084,"relics_obtained":[{"floor":9,"key":"Singing Bowl"},{"floor":10,"key":"Oddly Smooth Stone"},{"floor":24,"key":"Tingsha"},{"floor":26,"key":"The Courier"},{"floor":40,"key":"PreservedInsect"}],"event_choices":[{"cards_removed":["Strike_G"],"damage_healed":0,"gold_gain":0,"player_choice":"Card Removal","damage_taken":7,"max_hp_gain":0,"max_hp_loss":0,"event_name":"Golden Wing","floor":2,"gold_loss":0},{"damage_healed":0,"gold_gain":0,"cards_transformed":["Strike_G"],"player_choice":"Transformed","damage_taken":0,"max_hp_gain":0,"max_hp_loss":0,"event_name":"Transmorgrifier","floor":4,"gold_loss":0,"cards_obtained":["Tactician"]},{"damage_healed":0,"gold_gain":0,"player_choice":"Read","damage_taken":0,"max_hp_gain":0,"max_hp_loss":0,"event_name":"The Library","floor":21,"gold_loss":0,"cards_obtained":["Noxious Fumes"]},{"damage_healed":0,"gold_gain":0,"player_choice":"0 cards matched","damage_taken":0,"max_hp_gain":0,"max_hp_loss":0,"event_name":"Match and Keep!","floor":25,"gold_loss":0,"cards_obtained":[]},{"damage_healed":0,"gold_gain":0,"player_choice":"Ignored","damage_taken":0,"max_hp_gain":0,"max_hp_loss":0,"event_name":"Mysterious Sphere","floor":37,"gold_loss":0},{"cards_removed":["All Out Attack"],"damage_healed":0,"gold_gain":0,"player_choice":"Upgrade and Remove","damage_taken":0,"max_hp_gain":0,"max_hp_loss":0,"event_name":"Designer","floor":38,"gold_loss":110,"cards_upgraded":["Defend_G"]}],"is_beta":false,"boss_relics":[{"not_picked":["Tiny House","Calling Bell"],"picked":"Empty Cage"},{"not_picked":["SlaversCollar","Velvet Choker"],"picked":"Cursed Key"}],"items_purged_floors":[0,0,5,41],"is_endless":false,"potions_floor_spawned":[3,7,12,13,18,20,29,33,40,45],"ascension_level":15}}