{"host":"egwexuw5uvnxf11j","time":1610507650,"event":{"mods":["2.2 Compatiblity","Aspiration","BaseMod","Better Altar","Better Note","Better Sensory Stone","Better Third Choice","Displayed Cursed Tome","Downfall","Hermit","Key Reminder","Koishi","Marisa????????","Minty Spire (QoL Compilation)","Quick Restart","Shade Mod","Spicy Shops","StSLib","The Construct","The Cursed","The Hierophant","The Runesmith","The Senshi","The Servant 0.9.4","Transform Curses"],"gold_per_floor":[117,129,129,129,143,143,163,181,181,214,228,228,228],"floor_reached":12,"language":"ENG","playtime":805,"items_purged":[],"score":86,"play_id":"e5aa498e-86bd-4c09-8bea-964ca3901f16","local_time":"20210112221410","is_ascension_mode":true,"campfire_choices":[{"floor":6,"key":"REST"}],"circlet_count":0,"master_deck":["hermit:Strike_Hermit","hermit:Strike_Hermit","hermit:Strike_Hermit","hermit:Strike_Hermit+1","hermit:Defend_Hermit","hermit:Defend_Hermit","hermit:Defend_Hermit","hermit:Defend_Hermit+1","hermit:Snapshot","hermit:Covet","hermit:Quickdraw","hermit:Grudge","Injury","hermit:EyeOfTheStorm","hermit:Combo","hermit:ItchyTrigger+1","hermit:HoleUp","hermit:NoHoldsBarred+1"],"relics":["hermit:Momento","Strawberry","Molten Egg 2","Bottled Tornado","Oddly Smooth Stone","keyreminder:keyreminder"],"acts_visited":["Exordium"],"potions_floor_usage":[7,10],"damage_taken":[{"damage":0,"enemies":"Small Slimes","floor":1,"turns":3},{"damage":8,"enemies":"Jaw Worm","floor":2,"turns":2},{"damage":6,"enemies":"2 Louse","floor":5,"turns":3},{"damage":6,"enemies":"Exordium Thugs","floor":7,"turns":5},{"damage":9,"enemies":"Blue Slaver","floor":8,"turns":5},{"damage":32,"enemies":"Lagavulin","floor":10,"turns":8},{"damage":7,"enemies":"Large Slime","floor":11,"turns":6},{"damage":23,"enemies":"Gremlin Nob","floor":12,"turns":4}],"seed_played":"6810439210456886388","potions_obtained":[{"floor":2,"key":"Block Potion"},{"floor":8,"key":"SkillPotion"}],"is_trial":false,"path_per_floor":["M","M","?","?","M","R","M","M","T","E","M","E"],"character_chosen":"HERMIT","items_purchased":[],"campfire_rested":1,"item_purchase_floors":[],"current_hp_per_floor":[82,74,58,58,52,76,70,61,61,29,22,0,0],"gold":228,"neow_bonus":"RANDOM_COMMON_RELIC","is_daily":false,"chose_seed":false,"campfire_upgraded":0,"win_rate":0.0,"timestamp":1610507650,"path_taken":["M","M","?","?","M","R","M","M","T","E","M","E"],"items_purchased_type":[],"build_version":"2020-12-22","purchased_purges":0,"victory":false,"max_hp_per_floor":[82,82,82,82,82,82,82,82,82,82,82,82,82],"card_choices":[{"not_picked":["hermit:TrackingShot","hermit:TakeCover"],"picked":"hermit:Quickdraw","floor":1},{"not_picked":["hermit:SprayPray","hermit:Combo"],"picked":"hermit:Grudge","floor":2},{"not_picked":["hermit:Glare","hermit:Midnight"],"picked":"hermit:EyeOfTheStorm","floor":5},{"not_picked":["hermit:BodyArmor","hermit:LowProfile"],"picked":"hermit:Combo","floor":7},{"not_picked":["hermit:Gestalt","hermit:LoneWolf"],"picked":"hermit:ItchyTrigger+1","floor":8},{"not_picked":["hermit:HeroicBravado","hermit:LuckOfTheDraw"],"picked":"hermit:HoleUp","floor":10},{"not_picked":["hermit:LuckOfTheDraw","hermit:Snipe"],"picked":"hermit:NoHoldsBarred+1","floor":11}],"player_experience":2223035,"relics_obtained":[{"floor":9,"key":"Bottled Tornado"},{"floor":10,"key":"Oddly Smooth Stone"}],"event_choices":[{"damage_healed":74,"gold_gain":0,"player_choice":"Upgrade","damage_taken":16,"max_hp_gain":0,"max_hp_loss":82,"event_name":"betterThird:BetterShining","floor":3,"gold_loss":0,"cards_upgraded":["hermit:Strike_Hermit","hermit:Defend_Hermit"]}],"is_beta":false,"boss_relics":[],"items_purged_floors":[],"is_endless":false,"potions_floor_spawned":[2,8],"killed_by":"Gremlin Nob","ascension_level":1}}