{"host":"u7lm8z2rvb4dg2oo","time":1610520681,"event":{"mods":["AchievementEnabler","BaseMod","Bestiary","Block Reminder","Colored Map","Colored Powertips","Curses Come First","DeckTracker","Googly Eyes","Highlight Path","Minty Spire (QoL Compilation)","Quick Restart","StSLib"],"gold_per_floor":[119,134,209,228,228,228,258,268,319,331,362,362,391,19,19,120,120,139,156,176,195,210,240,240,78,131,172,172,207,219,244,244,351,360,380,396,396,406,112,112,156,156,156,182,200,228,228,43,43,43],"floor_reached":51,"language":"ENG","playtime":3442,"items_purged":["Strike_G","Strike_G","Strike_G"],"score":1132,"play_id":"08e3581b-c2b0-48f5-a9b9-ae5d019208ce","local_time":"20210113015121","is_ascension_mode":true,"campfire_choices":[{"data":"Caltrops","floor":6.0,"key":"SMITH"},{"floor":12.0,"key":"REST"},{"floor":15.0,"key":"REST"},{"floor":24.0,"key":"REST"},{"data":"Accuracy","floor":28.0,"key":"SMITH"},{"data":"After Image","floor":32.0,"key":"SMITH"},{"data":"Blade Dance","floor":40,"key":"SMITH"},{"data":"1","floor":42,"key":"LIFT"},{"data":"Finisher","floor":47,"key":"SMITH"},{"data":"2","floor":49,"key":"LIFT"}],"circlet_count":0,"master_deck":["Defend_G","Defend_G","Defend_G","Defend_G","Defend_G","Survivor+1","Neutralize","Endless Agony","Caltrops+1","Blade Dance","Well Laid Plans","Accuracy+1","Blade Dance+1","Adrenaline+1","PiercingWail+1","Panache","Terror+1","After Image+1","Endless Agony","Adrenaline","CurseOfTheBell","Choke+1","Backflip+1","Finisher+1","Phantasmal Killer"],"relics":["Ring of the Snake","Matryoshka","Singing Bowl","Ancient Tea Set","Torii","PreservedInsect","Bag of Marbles","Black Star","Eternal Feather","StrikeDummy","Anchor","CeramicFish","Smiling Mask","Dream Catcher","Strawberry","Vajra","Calling Bell","War Paint","Pear","TungstenRod","Bottled Lightning","Girya","Pantograph","Bird Faced Urn","Pen Nib","CaptainsWheel"],"acts_visited":["Exordium","TheCity","TheBeyond"],"potions_floor_usage":[50,50,50],"damage_taken":[{"damage":0.0,"enemies":"Cultist","floor":1.0,"turns":5.0},{"damage":0.0,"enemies":"Small Slimes","floor":2.0,"turns":5.0},{"damage":0.0,"enemies":"2 Louse","floor":4.0,"turns":5.0},{"damage":25.0,"enemies":"3 Sentries","floor":7.0,"turns":8.0},{"damage":14.0,"enemies":"Exordium Thugs","floor":8.0,"turns":7.0},{"damage":0.0,"enemies":"2 Fungi Beasts","floor":10.0,"turns":4.0},{"damage":16.0,"enemies":"Gremlin Nob","floor":11.0,"turns":5.0},{"damage":21.0,"enemies":"Lagavulin","floor":13.0,"turns":10.0},{"damage":11.0,"enemies":"Hexaghost","floor":16.0,"turns":10.0},{"damage":12.0,"enemies":"Spheric Guardian","floor":18.0,"turns":4.0},{"damage":1.0,"enemies":"Chosen","floor":19.0,"turns":4.0},{"damage":2.0,"enemies":"Centurion and Healer","floor":20.0,"turns":7.0},{"damage":17.0,"enemies":"Snake Plant","floor":21.0,"turns":5.0},{"damage":5.0,"enemies":"Cultist and Chosen","floor":22.0,"turns":7.0},{"damage":45.0,"enemies":"Gremlin Leader","floor":23.0,"turns":6.0},{"damage":0.0,"enemies":"Book of Stabbing","floor":27.0,"turns":3.0},{"damage":0.0,"enemies":"Slavers","floor":29.0,"turns":2.0},{"damage":0.0,"enemies":"Centurion and Healer","floor":30.0,"turns":3.0},{"damage":7.0,"enemies":"3 Cultists","floor":31.0,"turns":3.0},{"damage":1.0,"enemies":"Champ","floor":33.0,"turns":8.0},{"damage":7,"enemies":"3 Darklings","floor":35,"turns":3},{"damage":0,"enemies":"Orb Walker","floor":36,"turns":1},{"damage":20,"enemies":"Spire Growth","floor":38,"turns":3},{"damage":0,"enemies":"Nemesis","floor":41,"turns":3},{"damage":0,"enemies":"Reptomancer","floor":44,"turns":1},{"damage":0,"enemies":"Jaw Worm Horde","floor":45,"turns":3},{"damage":0,"enemies":"3 Darklings","floor":46,"turns":2},{"damage":25,"enemies":"Time Eater","floor":50,"turns":6}],"seed_played":"-2782401357549645517","potions_obtained":[{"floor":2.0,"key":"SteroidPotion"},{"floor":8.0,"key":"GhostInAJar"},{"floor":13.0,"key":"Weak Potion"},{"floor":19.0,"key":"Swift Potion"},{"floor":21.0,"key":"SpeedPotion"},{"floor":23.0,"key":"DuplicationPotion"},{"floor":27.0,"key":"ColorlessPotion"},{"floor":33.0,"key":"LiquidBronze"},{"floor":37,"key":"CultistPotion"},{"floor":37,"key":"Regen Potion"},{"floor":37,"key":"Fire Potion"},{"floor":44,"key":"CunningPotion"}],"is_trial":false,"path_per_floor":["M","M","?","M","?","R","E","M","T","M","E","R","E","$","R","B",null,"M","M","M","M","M","E","R","$","T","E","R","E","M","M","R","B",null,"M","M","?","M","$","R","E","R","T","E","M","M","R","$","R","B",null],"character_chosen":"THE_SILENT","items_purchased":["Fruit Juice","Blade Dance","Bag of Marbles","Panache","Bottled Lightning","Phantasmal Killer"],"campfire_rested":3,"item_purchase_floors":[14,14,14,25,39,48],"current_hp_per_floor":[70,70,59,59,59,59,34,20,20,22,6,27,6,11,34,23,77,67,68,66,51,48,5,40,40,40,40,49,56,58,51,63,62,106,99,101,101,83,83,95,95,107,107,112,114,114,114,114,114,91],"gold":43,"neow_bonus":"REMOVE_CARD","is_daily":false,"chose_seed":false,"campfire_upgraded":5,"win_rate":0.0,"timestamp":1610520681,"path_taken":["M","M","?","M","?","R","E","M","T","M","E","R","E","$","R","BOSS","M","M","M","M","M","E","R","$","T","E","R","E","M","?","R","BOSS","M","M","?","M","?","R","E","R","T","E","M","M","R","$","R","BOSS"],"items_purchased_type":["Potion","Card","Relic","Card","Relic","Card"],"build_version":"2020-12-22","purchased_purges":3,"victory":true,"max_hp_per_floor":[70,70,70,70,70,70,70,70,70,72,72,72,72,77,77,77,77,79,81,81,83,85,87,87,87,87,87,87,94,96,96,96,96,106,106,108,108,110,110,110,110,110,110,112,114,114,114,114,114,114],"card_choices":[{"not_picked":["Dagger Spray","Deflect","Sucker Punch"],"picked":"SKIP","floor":1.0},{"not_picked":["Quick Slash","Outmaneuver"],"picked":"Endless Agony","floor":2.0},{"not_picked":["Concentrate","Bane"],"picked":"Caltrops","floor":4.0},{"not_picked":["Doppelganger","Bane","Poisoned Stab"],"picked":"SKIP","floor":7.0},{"not_picked":["Acrobatics","Prepared"],"picked":"Blade Dance","floor":8.0},{"not_picked":["All Out Attack","Bouncing Flask","Prepared"],"picked":"Singing Bowl","floor":10.0},{"not_picked":["Bane","All Out Attack"],"picked":"Well Laid Plans","floor":11.0},{"not_picked":["Dagger Throw","Infinite Blades"],"picked":"Accuracy","floor":13.0},{"not_picked":["Grand Finale","Die Die Die"],"picked":"Adrenaline","floor":16.0},{"not_picked":["Endless Agony","Deadly Poison","Underhanded Strike"],"picked":"Singing Bowl","floor":18.0},{"not_picked":["Deadly Poison","Slice+1","Flying Knee"],"picked":"Singing Bowl","floor":19.0},{"not_picked":["Heel Hook","Skewer"],"picked":"PiercingWail+1","floor":20.0},{"not_picked":["Noxious Fumes","Flechettes","Outmaneuver+1"],"picked":"Singing Bowl","floor":21.0},{"not_picked":["Riddle With Holes+1","Flying Knee","Slice"],"picked":"Singing Bowl","floor":22.0},{"not_picked":["Dash","Blade Dance","Dagger Spray"],"picked":"Singing Bowl","floor":23.0},{"not_picked":["Bouncing Flask","Skewer+1"],"picked":"Terror+1","floor":27.0},{"not_picked":["Setup","Escape Plan+1"],"picked":"After Image","floor":29.0},{"not_picked":["Terror","Outmaneuver","Deflect+1"],"picked":"Singing Bowl","floor":30.0},{"not_picked":["Expertise","Predator"],"picked":"Endless Agony","floor":31.0},{"not_picked":["Bullet Time","Corpse Explosion"],"picked":"Adrenaline","floor":33.0},{"not_picked":["Prepared","Poisoned Stab+1"],"picked":"Choke+1","floor":35},{"not_picked":["Dagger Throw+1","Dagger Spray+1","Flying Knee"],"picked":"Singing Bowl","floor":36},{"not_picked":["Flying Knee","Deadly Poison","Poisoned Stab"],"picked":"Singing Bowl","floor":38},{"not_picked":["Flechettes+1","Footwork"],"picked":"Backflip+1","floor":41},{"not_picked":["Backflip+1","Flying Knee+1","Acrobatics+1"],"picked":"Singing Bowl","floor":44},{"not_picked":["Bane","Poisoned Stab+1","Escape Plan"],"picked":"Singing Bowl","floor":45},{"not_picked":["Terror","Poisoned Stab"],"picked":"Finisher","floor":46}],"player_experience":976088,"relics_obtained":[{"floor":7.0,"key":"Matryoshka"},{"floor":9.0,"key":"Singing Bowl"},{"floor":9.0,"key":"Ancient Tea Set"},{"floor":11.0,"key":"Torii"},{"floor":13.0,"key":"PreservedInsect"},{"floor":23.0,"key":"Eternal Feather"},{"floor":23.0,"key":"StrikeDummy"},{"floor":26.0,"key":"Anchor"},{"floor":26.0,"key":"CeramicFish"},{"floor":27.0,"key":"Smiling Mask"},{"floor":27.0,"key":"Dream Catcher"},{"floor":29.0,"key":"Strawberry"},{"floor":29.0,"key":"Vajra"},{"floor":34.0,"key":"War Paint"},{"floor":34.0,"key":"Pear"},{"floor":34.0,"key":"TungstenRod"},{"floor":41,"key":"Girya"},{"floor":41,"key":"Pantograph"},{"floor":43,"key":"Bird Faced Urn"},{"floor":44,"key":"Pen Nib"},{"floor":44,"key":"CaptainsWheel"}],"event_choices":[{"damage_healed":0.0,"max_hp_gain":0.0,"max_hp_loss":0.0,"gold_gain":75.0,"event_name":"World of Goop","player_choice":"Gather Gold","floor":3.0,"gold_loss":0.0,"damage_taken":11.0},{"cards_removed":["Strike_G"],"damage_healed":0.0,"max_hp_gain":0.0,"max_hp_loss":0.0,"gold_gain":0.0,"event_name":"Bonfire Elementals","player_choice":"Offered Basic","floor":5.0,"gold_loss":0.0,"damage_taken":0.0},{"damage_healed":0,"gold_gain":0,"player_choice":"Got Potions","damage_taken":0,"max_hp_gain":0,"max_hp_loss":0,"event_name":"Lab","floor":37,"gold_loss":0}],"is_beta":false,"boss_relics":[{"not_picked":["Ring of the Serpent","Tiny House"],"picked":"Black Star"},{"not_picked":["Busted Crown","SlaversCollar"],"picked":"Calling Bell"}],"items_purged_floors":[14,39,48],"is_endless":false,"potions_floor_spawned":[2,8,13,19,21,23,27,33,41,44,45,46],"ascension_level":4}}