{"host":"cgaibh95wzkurumv","time":1610570188,"event":{"mods":["BaseMod","Minty Spire (QoL Compilation)","Replay The Spire","StSLib","The Runesmith"],"gold_per_floor":[114,114,114,129,144,174,174,189,189,39,39,39,54,75,75,187,187,208,51,84,84,84,134,134,190,240,240,125,150,179,179,179,311,311,342,400,425,25,25,67,67,67,67,119,140,140,0,25,25,47],"floor_reached":51,"language":"SPA","playtime":1117,"items_purged":["Languid","ReplayTheSpireMod:Restless Dread"],"score":1289,"play_id":"2437e11b-abba-4bb2-961a-705bf6edf23e","local_time":"20210113173628","daily_mods":["Cursed Run","Vintage","Lethality"],"is_ascension_mode":false,"campfire_choices":[{"data":"Eruption","floor":7,"key":"SMITH"},{"data":"CrushJoints","floor":11,"key":"SMITH"},{"data":"Vigilance","floor":15,"key":"SMITH"},{"data":"Ragnarok","floor":24,"key":"SMITH"},{"data":"Ragnarok","floor":27,"key":"SMITH"},{"data":"CutThroughFate","floor":32,"key":"SMITH"},{"floor":41,"key":"DIG"}],"circlet_count":0,"master_deck":["Strike_P","Strike_P","Strike_P","Defend_P+1","Defend_P","Defend_P","Defend_P+1","Eruption+1","Vigilance+1","CrushJoints+1","Vault+1","Ragnarok+1","Ragnarok+1","CutThroughFate+1","Overencumbered","Hallucinations","Vault+1","Evaluate+1","ReplayTheSpireMod:IOU","Parasite","Languid","Looming Evil","Madness+1","Madness+1","Clumsy"],"relics":["Cursed Key","Darkstone Periapt","Du-Vu Doll","Bag of Marbles","Smiling Mask","Damaru","Potion Belt","Matryoshka","Mercury Hourglass","Ornamental Fan","Blue Doll","Replay:Bottled Flurry","Toxic Egg 2","Replay:Bandana","Blood Vial","Runic Pyramid","HornCleat","Bottled Flame","Replay:Wax Seal","Regal Pillow","Anchor","Boot","PreservedInsect","Vajra","Snecko Heart","Happy Flower","Torii","Thread and Needle","Bronze Scales","Replay:Multitool","Chameleon Ring","Akabeko","War Paint","Ring of Searing","Ring of Hypnosis","Replay:Bottled Snecko","Golden Egg","White Beast Statue","Red Mask","Lizard Tail"],"acts_visited":["Exordium","TheCity","TheBeyond"],"potions_floor_usage":[6,8,20,37,50,50,50],"damage_taken":[{"damage":1,"enemies":"Cultist","floor":1,"turns":3},{"damage":6,"enemies":"Jaw Worm","floor":4,"turns":2},{"damage":0,"enemies":"2 Louse","floor":5,"turns":1},{"damage":2,"enemies":"Replay:BlueRogue","floor":6,"turns":4},{"damage":10,"enemies":"Exordium Thugs","floor":8,"turns":3},{"damage":0,"enemies":"Exordium Wildlife","floor":13,"turns":1},{"damage":0,"enemies":"Looter","floor":14,"turns":1},{"damage":41,"enemies":"Hexaghost","floor":16,"turns":6},{"damage":0,"enemies":"2 Thieves","floor":18,"turns":2},{"damage":0,"enemies":"3 Byrds","floor":20,"turns":2},{"damage":18,"enemies":"Book of Stabbing","floor":23,"turns":3},{"damage":13,"enemies":"Gremlin Leader","floor":25,"turns":3},{"damage":0,"enemies":"Snecko","floor":30,"turns":1},{"damage":11,"enemies":"Pondfish","floor":33,"turns":5},{"damage":0,"enemies":"3 Darklings","floor":35,"turns":2},{"damage":0,"enemies":"Mind Bloom Boss Battle","floor":36,"turns":1},{"damage":0,"enemies":"2 Orb Walkers","floor":37,"turns":2},{"damage":0,"enemies":"Reptomancer","floor":40,"turns":2},{"damage":10,"enemies":"R_Hoarder","floor":44,"turns":3},{"damage":0,"enemies":"Orb Walker","floor":45,"turns":1},{"damage":15,"enemies":"Transient","floor":48,"turns":7},{"damage":0,"enemies":"Donu and Deca","floor":50,"turns":5}],"seed_played":"-4624312993155624390","potions_obtained":[{"floor":4,"key":"Flashbang"},{"floor":5,"key":"Block Potion"},{"floor":13,"key":"Adrenaline Potion"},{"floor":23,"key":"StancePotion"},{"floor":30,"key":"SteroidPotion"},{"floor":33,"key":"SkillPotion"},{"floor":36,"key":"PowerPotion"},{"floor":44,"key":"ColorlessPotion"},{"floor":48,"key":"Toxic Potion"}],"is_trial":false,"path_per_floor":["M","?","?","M","M","E","R","M","T","$","R","T","M","M","R","B",null,"M","$","M","$","?","E","R","E","T","R","$","T","M","?","R","B",null,"M","?","?","$","T","E","R","?","T","E","M","R","?","M","R","B",null],"character_chosen":"WATCHER","items_purchased":["Blue Doll","Ragnarok","FairyPotion","CutThroughFate","Bronze Scales","Replay:Multitool"],"campfire_rested":0,"item_purchase_floors":[10,19,28,28,38,38],"current_hp_per_floor":[71,76,69,63,63,61,61,51,57,57,57,63,63,63,63,30,95,95,95,95,95,95,77,77,66,72,72,72,78,80,80,80,77,113,113,113,113,119,125,125,125,131,137,127,129,112,112,99,99,107],"gold":47,"neow_bonus":"","is_daily":true,"chose_seed":false,"campfire_upgraded":6,"win_rate":0.0,"timestamp":1610570188,"path_taken":["M","?","?","M","M","E","R","M","T","?","R","?","M","M","R","BOSS","M","$","M","$","?","E","R","E","T","R","?","?","M","?","R","BOSS","M","?","?","$","?","E","R","?","T","E","?","R","?","M","R","BOSS"],"items_purchased_type":["Relic","Card","Potion","Card","Relic","Relic"],"build_version":"2020-12-22","purchased_purges":2,"victory":true,"max_hp_per_floor":[72,77,77,77,77,77,77,77,83,83,83,89,89,89,89,95,95,95,95,95,95,95,95,95,95,101,101,101,107,107,107,107,113,113,113,113,113,119,125,125,125,131,137,137,137,137,137,137,137,143],"card_choices":[{"not_picked":["Replay:ManipulateFuture","Replay:AtTheReady"],"picked":"CrushJoints","floor":6},{"not_picked":["Wish+1","Devotion"],"picked":"Vault+1","floor":16},{"not_picked":["CarveReality","Indignation+1","JustLucky"],"picked":"SKIP","floor":23},{"not_picked":["Wireheading","Collect+1","Crescendo+1"],"picked":"SKIP","floor":25},{"not_picked":["DevaForm","Ragnarok"],"picked":"Vault+1","floor":33},{"not_picked":["CutThroughFate","FollowUp+1"],"picked":"Evaluate+1","floor":36},{"not_picked":["Sanctity+1","Evaluate+1","SashWhip"],"picked":"SKIP","floor":40},{"not_picked":["Replay:Battleflow+1","MentalFortress","Replay:BluntJabs"],"picked":"SKIP","floor":44}],"player_experience":272032,"relics_obtained":[{"floor":1,"key":"Bag of Marbles"},{"floor":4,"key":"Smiling Mask"},{"floor":5,"key":"Damaru"},{"floor":6,"key":"Potion Belt"},{"floor":8,"key":"Matryoshka"},{"floor":9,"key":"Mercury Hourglass"},{"floor":9,"key":"Ornamental Fan"},{"floor":12,"key":"Replay:Bottled Flurry"},{"floor":12,"key":"Toxic Egg 2"},{"floor":13,"key":"Replay:Bandana"},{"floor":14,"key":"Blood Vial"},{"floor":18,"key":"HornCleat"},{"floor":20,"key":"Bottled Flame"},{"floor":23,"key":"Replay:Wax Seal"},{"floor":25,"key":"Regal Pillow"},{"floor":26,"key":"Anchor"},{"floor":29,"key":"Boot"},{"floor":30,"key":"PreservedInsect"},{"floor":35,"key":"Happy Flower"},{"floor":36,"key":"Torii"},{"floor":37,"key":"Thread and Needle"},{"floor":39,"key":"Chameleon Ring"},{"floor":40,"key":"Akabeko"},{"floor":41,"key":"War Paint"},{"floor":42,"key":"Ring of Searing"},{"floor":42,"key":"Ring of Hypnosis"},{"floor":43,"key":"Replay:Bottled Snecko"},{"floor":44,"key":"Golden Egg"},{"floor":45,"key":"White Beast Statue"},{"floor":48,"key":"Lizard Tail"}],"event_choices":[{"damage_healed":0,"gold_gain":0,"player_choice":"Donut","damage_taken":0,"max_hp_gain":5,"max_hp_loss":0,"event_name":"Big Fish","floor":2,"gold_loss":0},{"cards_removed":["Strike_P"],"damage_healed":0,"gold_gain":0,"player_choice":"Card Removal","damage_taken":7,"max_hp_gain":0,"max_hp_loss":0,"event_name":"Golden Wing","floor":3,"gold_loss":0},{"cards_removed":["Hallucinations","Hallucinations"],"damage_healed":0,"gold_gain":0,"player_choice":"Removed Curses","damage_taken":0,"max_hp_gain":0,"max_hp_loss":0,"event_name":"Fountain of Cleansing","floor":22,"gold_loss":0},{"damage_healed":0,"gold_gain":0,"player_choice":"Fight","damage_taken":0,"max_hp_gain":0,"max_hp_loss":0,"event_name":"MindBloom","floor":36,"gold_loss":0},{"damage_healed":0,"gold_gain":0,"player_choice":"Fight","damage_taken":0,"max_hp_gain":0,"max_hp_loss":0,"event_name":"Mysterious Sphere","floor":37,"gold_loss":0},{"damage_healed":0,"gold_gain":0,"player_choice":"Embrace Madness","damage_taken":17,"max_hp_gain":0,"max_hp_loss":0,"event_name":"Winding Halls","floor":46,"gold_loss":0,"cards_obtained":["Madness","Madness"]},{"damage_healed":0,"gold_gain":0,"player_choice":"Paid","damage_taken":0,"relics_obtained":["Red Mask"],"max_hp_gain":0,"max_hp_loss":0,"event_name":"Tomb of Lord Red Mask","floor":47,"gold_loss":140},{"damage_healed":0,"gold_gain":0,"player_choice":"Ignored","damage_taken":0,"max_hp_gain":0,"max_hp_loss":0,"event_name":"The Moai Head","floor":49,"gold_loss":0}],"is_beta":false,"boss_relics":[{"not_picked":["Kintsugi","Runic Dome"],"picked":"Runic Pyramid"},{"not_picked":["Astrolabe","SlaversCollar"],"picked":"Snecko Heart"}],"items_purged_floors":[19,38],"is_endless":false,"potions_floor_spawned":[4,5,13,23,30,33,36,44,48],"ascension_level":0}}