{"host":"cv77zuuuekizn3ic","time":1610530381,"event":{"mods":["AchievementEnabler","BaseMod","Marisa£®ÏF”Í°°ƒß¿Ì…≥£©","Minty Spire (QoL Compilation)","StSLib","Waifu the Spire","everything is the same but u backflip on backflip","slay the spire mod where everything is the same but ironclad has a cowboy hat"],"gold_per_floor":[113,127,141,157,38,38,58,92,92,92,92,109,143,154,154,231,231,246,84,134,153,164,164,164],"floor_reached":23,"language":"ZHS","playtime":1765,"items_purged":["Strike_G"],"score":369,"play_id":"c9f4718b-63a7-434c-9578-5ecde0d63e2e","local_time":"20210113173301","is_ascension_mode":true,"campfire_choices":[{"data":"Impatience","floor":6.0,"key":"SMITH"},{"data":"Footwork","floor":10.0,"key":"SMITH"},{"floor":15.0,"key":"REST"}],"circlet_count":0,"master_deck":["AscendersBane","Strike_G","Strike_G","Strike_G","Defend_G","Defend_G","Defend_G","Defend_G","Defend_G","Survivor","Neutralize","Impatience+1","Blade Dance","Blade Dance","Outmaneuver","Malaise","Footwork+1","Tactician","Phantasmal Killer","Footwork","Acrobatics","Night Terror","Acrobatics+1","Concentrate","Calculated Gamble","Terror","Masterful Stab","Escape Plan"],"relics":["Ring of the Snake","White Beast Statue","Regal Pillow","Boot","Philosopher\u0027s Stone","Orrery"],"acts_visited":["Exordium","TheCity"],"potions_floor_usage":[23],"damage_taken":[{"damage":6.0,"enemies":"Jaw Worm","floor":1.0,"turns":6.0},{"damage":1.0,"enemies":"Cultist","floor":2.0,"turns":3.0},{"damage":0.0,"enemies":"Small Slimes","floor":3.0,"turns":2.0},{"damage":1.0,"enemies":"Gremlin Gang","floor":4.0,"turns":7.0},{"damage":9.0,"enemies":"Large Slime","floor":7.0,"turns":8.0},{"damage":22.0,"enemies":"Gremlin Nob","floor":8.0,"turns":4.0},{"damage":1.0,"enemies":"Blue Slaver","floor":12.0,"turns":6.0},{"damage":4.0,"enemies":"Lagavulin","floor":13.0,"turns":7.0},{"damage":1.0,"enemies":"Lots of Slimes","floor":14.0,"turns":6.0},{"damage":27.0,"enemies":"Slime Boss","floor":16.0,"turns":14.0},{"damage":1.0,"enemies":"Chosen","floor":18.0,"turns":12.0},{"damage":22.0,"enemies":"3 Byrds","floor":21.0,"turns":5.0},{"damage":12.0,"enemies":"3 Cultists","floor":22.0,"turns":7.0},{"damage":20,"enemies":"Book of Stabbing","floor":23,"turns":6}],"seed_played":"-6979116950282356095","potions_obtained":[{"floor":1.0,"key":"SneckoOil"},{"floor":3.0,"key":"CultistPotion"},{"floor":4.0,"key":"FearPotion"},{"floor":12.0,"key":"ColorlessPotion"},{"floor":13.0,"key":"SpeedPotion"},{"floor":14.0,"key":"Dexterity Potion"},{"floor":16.0,"key":"Explosive Potion"},{"floor":18.0,"key":"Energy Potion"},{"floor":21.0,"key":"SneckoOil"},{"floor":22.0,"key":"Explosive Potion"}],"is_trial":false,"path_per_floor":["M","M","M","M","$","R","M","E","T","R","?","M","E","M","R","B",null,"M","$","?","M","M","E"],"character_chosen":"THE_SILENT","items_purchased":["Footwork","Orrery"],"campfire_rested":1,"item_purchase_floors":[5,19],"current_hp_per_floor":[53,52,52,51,51,51,42,20,20,20,13,12,8,7,41,14,53,52,52,52,30,18,0,0],"gold":164,"neow_bonus":"RANDOM_COLORLESS","is_daily":false,"chose_seed":false,"campfire_upgraded":2,"win_rate":0.0,"timestamp":1610530381,"path_taken":["M","M","M","M","$","R","M","E","T","R","?","M","E","M","R","BOSS","M","$","?","?","M","E"],"items_purchased_type":["Card","Relic"],"build_version":"2020-12-22","purchased_purges":1,"victory":false,"max_hp_per_floor":[66,66,66,66,66,66,66,66,66,66,66,66,66,66,66,66,66,66,66,66,66,66,66,66],"card_choices":[{"not_picked":["Madness","Dark Shackles"],"picked":"Impatience","floor":0.0},{"not_picked":["Riddle With Holes","Sucker Punch"],"picked":"Blade Dance","floor":1.0},{"not_picked":["Dodge and Roll","Catalyst"],"picked":"Blade Dance","floor":2.0},{"not_picked":["Catalyst","Cloak And Dagger"],"picked":"Outmaneuver","floor":3.0},{"not_picked":["Poisoned Stab","Slice"],"picked":"Malaise","floor":4.0},{"not_picked":["Flechettes","Underhanded Strike"],"picked":"Tactician","floor":7.0},{"not_picked":["Setup","Deadly Poison","Dagger Throw"],"picked":"SKIP","floor":8.0},{"not_picked":["Poisoned Stab","Dodge and Roll"],"picked":"Phantasmal Killer","floor":12.0},{"not_picked":["Deflect","Infinite Blades"],"picked":"Footwork","floor":13.0},{"not_picked":["Outmaneuver","Flechettes"],"picked":"Acrobatics","floor":14.0},{"not_picked":["Grand Finale","Doppelganger"],"picked":"Night Terror","floor":16.0},{"not_picked":["Catalyst","Dagger Throw"],"picked":"Acrobatics+1","floor":18.0},{"not_picked":["Riddle With Holes","Cloak And Dagger"],"picked":"Concentrate","floor":19.0},{"not_picked":["Poisoned Stab","Backflip"],"picked":"Calculated Gamble","floor":19.0},{"not_picked":["PiercingWail","Underhanded Strike"],"picked":"Terror","floor":19.0},{"not_picked":["Sucker Punch","Dodge and Roll"],"picked":"Masterful Stab","floor":19.0},{"not_picked":["A Thousand Cuts","PiercingWail+1"],"picked":"Escape Plan","floor":21.0},{"not_picked":["Dodge and Roll","Flechettes","Outmaneuver"],"picked":"SKIP","floor":22.0}],"player_experience":878902,"relics_obtained":[{"floor":8.0,"key":"White Beast Statue"},{"floor":9.0,"key":"Regal Pillow"},{"floor":13.0,"key":"Boot"}],"event_choices":[{"cards_removed":["Strike_G"],"damage_healed":0.0,"max_hp_gain":0.0,"max_hp_loss":0.0,"gold_gain":0.0,"event_name":"Golden Wing","player_choice":"Card Removal","floor":11.0,"gold_loss":0.0,"damage_taken":7.0},{"damage_healed":0.0,"max_hp_gain":0.0,"max_hp_loss":0.0,"gold_gain":50.0,"event_name":"Golden Shrine","player_choice":"Pray","floor":20.0,"gold_loss":0.0,"damage_taken":0.0}],"is_beta":false,"boss_relics":[{"not_picked":["Busted Crown","Sozu"],"picked":"Philosopher\u0027s Stone"}],"items_purged_floors":[5],"is_endless":false,"potions_floor_spawned":[1,3,4,12,13,14,16,18,21,22],"killed_by":"Book of Stabbing","ascension_level":16}}