{"host":"urcd10ipogtopotm","time":1610498141,"event":{"mods":["2.2 Compatiblity","AchievementEnabler","Act Like it!","Bard","BaseMod","Beaked The Cultist","Better Third Choice","Block Reminder","Colored Map","Colored Powertips","Downfall","Hallownest","Hermit","Highlight Path","Infinite Spire","Minty Spire (QoL Compilation)","Permanent Neow","Quick Restart","Random Character Button","Relic Stats","Replay The Spire","Shade Mod","Shop Mod","StSLib","The Blackbeard","The Bug Knight","The Construct","The Cursed","The Disciple","The Forsaken","The Hierophant","The Necromancer","The Runesmith","The Senshi","The Servant 0.9.4"],"gold_per_floor":[111,111,137,149,180,217,245,277,289,301,363,375,432,139,139,270,270,300,300,399,440,440,440,491,66,66,66,66,120,183,183,183,324,324,380,588,688,771,646,762,762,762,843,922,1044,1191,1343,1343,1343,1392,1392,1392,946,1077,1137],"floor_reached":56,"language":"ENG","playtime":7271,"items_purged":["blackbeard:BlackbeardStrike","blackbeard:BlackbeardDefend","blackbeard:BlackbeardStrike","blackbeard:BlackbeardStrike"],"score":1879,"play_id":"35b4611b-f334-499b-aa2f-3be6e9be32d7","local_time":"20210112193541","is_ascension_mode":false,"campfire_choices":[{"floor":12.0,"key":"REST"},{"data":"expansioncontent:DashGenerateEvil","floor":15.0,"key":"SMITH"},{"data":"expansioncontent:DefensiveStance","floor":23.0,"key":"SMITH"},{"data":"blackbeard:Cutlass","floor":28,"key":"SMITH"},{"data":"blackbeard:FieryDefense","floor":32,"key":"SMITH"},{"data":"blackbeard:GoldenGuillotine","floor":41,"key":"SMITH"},{"floor":49,"key":"RECALL"},{"data":"blackbeard:GoldenRain","floor":52,"key":"SMITH"}],"circlet_count":0,"master_deck":["blackbeard:BlackbeardStrike","blackbeard:IntimidatingStrike","blackbeard:BlackbeardDefend+1","blackbeard:BlackbeardDefend+1","blackbeard:BlackbeardDefend+1","blackbeard:Cutlass+1","expansioncontent:DefensiveStance+1","blackbeard:FishingNets","blackbeard:FieryDefense+1","blackbeard:Sword+1","blackbeard:TacticalRetreat","blackbeard:Bandana","expansioncontent:DashGenerateEvil+1","blackbeard:Fencing+1","blackbeard:Rum","blackbeard:GoldenRain+1","blackbeard:BrownPants","Flash of Steel","blackbeard:GoldenGuillotine+1"],"relics":["blackbeard:LoadTheCannons","MawBank","Mirror","infinitespire:Midas Blood","blackbeard:HipFlask","Busted Crown","theForsaken:HumbleEgg","Replay:Bandana","blackbeard:PowderCan","construct:FoamFinger","Eternal Feather","infinitespire:EvilPickle","Black Star","Durian","WingedGreaves","Replay:Bottled Steam","FossilizedHelix","Gremlin Food","infinitespire:Broken Mirror","ReplayTheSpireMod:Lightbulb","infinitespire:Bottled Soul","Replay:Bottled Eggs","War Paint","infinitespire:EmpoweringShard"],"acts_visited":["Hallownest:Greenpath","TheCity","TheBeyond","TheEnding"],"potions_floor_usage":[30,38,38,40,55,55,55],"damage_taken":[{"damage":0.0,"enemies":"2_ Uuma","floor":1.0,"turns":7.0},{"damage":30.0,"enemies":"Hallownest:eliteCrystalGuardian","floor":3.0,"turns":7.0},{"damage":0.0,"enemies":"Hallownest:2_Baldur","floor":5.0,"turns":4.0},{"damage":32.0,"enemies":"Hallownest:eliteMossKnight","floor":6.0,"turns":9.0},{"damage":0.0,"enemies":"Hallownest:monsterHuskGuard","floor":7.0,"turns":5.0},{"damage":0.0,"enemies":"Hallownest:monsterFoolEater","floor":8.0,"turns":5.0},{"damage":15.0,"enemies":"Hallownest:Guard_and_Warrior","floor":11.0,"turns":5.0},{"damage":4.0,"enemies":"Hallownest:MossCreep_and_Mosskin","floor":13.0,"turns":5.0},{"damage":1.0,"enemies":"Hallownest:BossFalseKnight","floor":16.0,"turns":13.0},{"damage":0.0,"enemies":"Chosen","floor":18.0,"turns":5.0},{"damage":0.0,"enemies":"Spheric Guardian","floor":21.0,"turns":5.0},{"damage":0.0,"enemies":"Gremlin Leader","floor":24.0,"turns":6.0},{"damage":0,"enemies":"Snecko","floor":29,"turns":3},{"damage":0,"enemies":"Book of Stabbing","floor":30,"turns":5},{"damage":2,"enemies":"Pondfish","floor":33,"turns":12},{"damage":0,"enemies":"3 Shapes","floor":35,"turns":5},{"damage":0,"enemies":"Orb Walker","floor":37,"turns":2},{"damage":0,"enemies":"Mind Bloom Boss Battle","floor":38,"turns":8},{"damage":14,"enemies":"beaked:SuperParasite","floor":40,"turns":12},{"damage":6,"enemies":"2 Orb Walkers","floor":44,"turns":3},{"damage":0,"enemies":"Maw","floor":45,"turns":7},{"damage":0,"enemies":"Reptomancer","floor":46,"turns":5},{"damage":0,"enemies":"HollowMod:StalkingDevout","floor":47,"turns":4},{"damage":19,"enemies":"Donu and Deca","floor":50,"turns":8},{"damage":0,"enemies":"Shield and Spear","floor":54,"turns":3},{"damage":29,"enemies":"The Heart","floor":55,"turns":12}],"seed_played":"4389952838326361015","potions_obtained":[{"floor":6.0,"key":"champ:CounterPotion"},{"floor":7.0,"key":"Swift Potion"},{"floor":13.0,"key":"Block Potion"},{"floor":18.0,"key":"Adrenaline Potion"},{"floor":24.0,"key":"Elixir"},{"floor":29,"key":"GamblersBrew"},{"floor":35,"key":"Block Potion"},{"floor":37,"key":"Languid Potion"},{"floor":44,"key":"AttackPotion"},{"floor":46,"key":"Slimebound:ThreeZeroPotion"}],"is_trial":false,"path_per_floor":["M","?","?","$","M","E","M","M","T","?","M","R","M","$","R","B",null,"M","?","?","M","?","R","E","$","T","?","R","M","E","?","R","B",null,"M","?","M","?","$","E","R","?","T","?","M","E","E","?","R","B",null,"R","$","E","B",null],"character_chosen":"BLACKBEARD_CLASS","items_purchased":["blackbeard:HipFlask","blackbeard:Rum","Flash of Steel","blackbeard:PowderCan","Replay:Bottled Eggs","Strength Potion"],"campfire_rested":1,"item_purchase_floors":[14,14,25,25,53,53],"current_hp_per_floor":[75,75,45,45,45,28,28,28,28,28,13,35,31,31,31,30,75,75,75,75,75,75,75,75,75,75,75,75,75,75,75,75,73,75,75,75,75,80,80,66,78,78,78,72,72,72,72,72,80,61,80,80,80,80,51],"gold":1137,"neow_bonus":"RANDOM_COLORLESS","is_daily":false,"chose_seed":false,"campfire_upgraded":6,"win_rate":0.0,"timestamp":1610498141,"path_taken":["M","?","?","?","M","E","M","M","T","?","M","R","M","$","R","BOSS","M","?","?","M","?","R","E","$","T","?","R","?","E","?","R","BOSS","M","?","M","?","$","E","R","?","T","?","M","E","E","?","R","BOSS","R","$","E","BOSS"],"items_purchased_type":["Relic","Card","Card","Relic","Relic","Potion"],"build_version":"2020-12-22","purchased_purges":4,"victory":true,"max_hp_per_floor":[75,75,75,75,75,75,75,75,75,75,75,75,75,75,75,75,75,75,75,75,75,75,75,75,75,75,75,75,75,75,75,75,75,75,75,75,75,80,80,80,80,80,80,80,80,80,80,80,80,80,80,80,80,80,80],"relic_stats":{"Busted Crown":60,"counters":[26,165],"Eternal Feather":20,"Black Star":4,"War Paint":["blackbeard:Fencing","blackbeard:Sword"],"MawBank":132,"obtain_stats":[{"Gremlin Food":46,"construct:FoamFinger":26,"blackbeard:LoadTheCannons":0,"Eternal Feather":30,"War Paint":54,"MawBank":3,"blackbeard:HipFlask":14,"infinitespire:EvilPickle":33,"theForsaken:HumbleEgg":22,"Replay:Bandana":24,"Busted Crown":17,"infinitespire:Broken Mirror":46,"infinitespire:Bottled Soul":47,"WingedGreaves":40,"Black Star":34,"Durian":38,"infinitespire:EmpoweringShard":54,"Replay:Bottled Eggs":53,"Mirror":6,"ReplayTheSpireMod:Lightbulb":47,"FossilizedHelix":44,"infinitespire:Midas Blood":9,"blackbeard:PowderCan":25,"Replay:Bottled Steam":40},{"Gremlin Food":22,"construct:FoamFinger":12,"blackbeard:LoadTheCannons":0,"Eternal Feather":14,"War Paint":25,"MawBank":2,"blackbeard:HipFlask":8,"infinitespire:EvilPickle":15,"theForsaken:HumbleEgg":11,"Replay:Bandana":12,"Busted Crown":9,"infinitespire:Broken Mirror":22,"infinitespire:Bottled Soul":23,"WingedGreaves":19,"Black Star":15,"Durian":18,"infinitespire:EmpoweringShard":25,"Replay:Bottled Eggs":24,"Mirror":4,"ReplayTheSpireMod:Lightbulb":23,"FossilizedHelix":20,"infinitespire:Midas Blood":6,"blackbeard:PowderCan":12,"Replay:Bottled Steam":19},{"Gremlin Food":138,"construct:FoamFinger":76,"blackbeard:LoadTheCannons":0,"Eternal Feather":84,"War Paint":153,"MawBank":14,"blackbeard:HipFlask":47,"infinitespire:EvilPickle":96,"theForsaken:HumbleEgg":70,"Replay:Bandana":76,"Busted Crown":60,"infinitespire:Broken Mirror":138,"infinitespire:Bottled Soul":142,"WingedGreaves":123,"Black Star":96,"Durian":111,"infinitespire:EmpoweringShard":153,"Replay:Bottled Eggs":150,"Mirror":27,"ReplayTheSpireMod:Lightbulb":142,"FossilizedHelix":126,"infinitespire:Midas Blood":37,"blackbeard:PowderCan":76,"Replay:Bottled Steam":123}]},"card_choices":[{"not_picked":["expansioncontent:CaCaw","Replay:SS_hec_1"],"picked":"expansioncontent:DefensiveStance","floor":0.0},{"not_picked":["blackbeard:Upgrade","blackbeard:Toast"],"picked":"blackbeard:FishingNets","floor":1.0},{"not_picked":["blackbeard:BlindAttacks","blackbeard:MegaUpgrade"],"picked":"blackbeard:FieryDefense","floor":3.0},{"not_picked":["blackbeard:InfiniteBarrage","blackbeard:TacticalRetreat"],"picked":"blackbeard:Sword","floor":5.0},{"not_picked":["blackbeard:DangerousBlow","blackbeard:GhostInTheRum","blackbeard:PiratesWill"],"picked":"SKIP","floor":6.0},{"not_picked":["blackbeard:Shrapnel","blackbeard:DeadlyArsenal"],"picked":"blackbeard:TacticalRetreat","floor":7.0},{"not_picked":["blackbeard:WiseDefense","blackbeard:Sharpening"],"picked":"blackbeard:Bandana","floor":8.0},{"not_picked":["Replay:SS_forest_6","expansioncontent:SuperHexaguard"],"picked":"expansioncontent:DashGenerateEvil","floor":10.0},{"not_picked":["blackbeard:Toast","blackbeard:CatONineTails"],"picked":"blackbeard:Fencing","floor":10.0},{"not_picked":["blackbeard:FieryDefense","blackbeard:GhostInTheRum","blackbeard:CloakAndCannonball"],"picked":"SKIP","floor":11.0},{"not_picked":["blackbeard:Spear","blackbeard:Eyepatch","blackbeard:DoubleBottom"],"picked":"SKIP","floor":13.0},{"not_picked":["blackbeard:Murder","blackbeard:PirateStrength"],"picked":"blackbeard:GoldenRain","floor":16.0},{"not_picked":[],"picked":"blackbeard:BrownPants","floor":18.0},{"not_picked":["blackbeard:FieryDefense"],"picked":"SKIP","floor":21.0},{"not_picked":["blackbeard:MegaUpgrade"],"picked":"SKIP","floor":24.0},{"not_picked":["blackbeard:ArmorUp+1"],"picked":"SKIP","floor":29},{"not_picked":["blackbeard:ArmorUp"],"picked":"SKIP","floor":30},{"not_picked":[],"picked":"blackbeard:GoldenGuillotine","floor":33},{"not_picked":["blackbeard:RemoveScurvy"],"picked":"SKIP","floor":35},{"not_picked":["blackbeard:DeadlyArsenal+1"],"picked":"SKIP","floor":37},{"not_picked":["blackbeard:TerrorOfTheSeas"],"picked":"SKIP","floor":40},{"not_picked":["blackbeard:Spear+1"],"picked":"SKIP","floor":45},{"not_picked":["blackbeard:FieryDefense+1"],"picked":"SKIP","floor":46},{"not_picked":["blackbeard:TheDrunkenSailor"],"picked":"SKIP","floor":47},{"not_picked":["blackbeard:Spear+1"],"picked":"SKIP","floor":54}],"player_experience":152683,"relics_obtained":[{"floor":3.0,"key":"MawBank"},{"floor":6.0,"key":"Mirror"},{"floor":9.0,"key":"infinitespire:Midas Blood"},{"floor":24.0,"key":"Replay:Bandana"},{"floor":26.0,"key":"construct:FoamFinger"},{"floor":30,"key":"Eternal Feather"},{"floor":38,"key":"Durian"},{"floor":40,"key":"WingedGreaves"},{"floor":40,"key":"Replay:Bottled Steam"},{"floor":44,"key":"FossilizedHelix"},{"floor":46,"key":"Gremlin Food"},{"floor":46,"key":"infinitespire:Broken Mirror"},{"floor":47,"key":"ReplayTheSpireMod:Lightbulb"},{"floor":47,"key":"infinitespire:Bottled Soul"},{"floor":54,"key":"War Paint"},{"floor":54,"key":"infinitespire:EmpoweringShard"}],"event_choices":[{"damage_healed":0.0,"max_hp_gain":0.0,"max_hp_loss":0.0,"gold_gain":99.0,"event_name":"betterThird:BetterNest","player_choice":"Steal","floor":20.0,"gold_loss":0.0,"damage_taken":0.0},{"damage_healed":0,"gold_gain":0,"player_choice":"Ignored","damage_taken":0,"max_hp_gain":0,"max_hp_loss":0,"event_name":"Ghosts","floor":31,"gold_loss":0},{"damage_healed":0,"gold_gain":0,"player_choice":"Fight","damage_taken":0,"max_hp_gain":0,"max_hp_loss":0,"event_name":"MindBloom","floor":38,"gold_loss":0},{"damage_healed":0,"gold_gain":0,"player_choice":"Fight","damage_taken":0,"max_hp_gain":0,"max_hp_loss":0,"event_name":"Mysterious Sphere","floor":44,"gold_loss":0},{"damage_healed":0,"gold_gain":0,"player_choice":"Memory 1","damage_taken":0,"max_hp_gain":0,"max_hp_loss":0,"event_name":"SensoryStone","floor":48,"gold_loss":0}],"is_beta":false,"boss_relics":[{"not_picked":["ReplayTheSpireMod:SealedPack","Replay:Bronze Core"],"picked":"Busted Crown"},{"not_picked":["Replay:Ancient Bell","blackbeard:Karategi"],"picked":"Black Star"}],"items_purged_floors":[14,25,39,53],"is_endless":false,"potions_floor_spawned":[6,7,13,16,18,24,29,35,37,44,46],"ascension_level":0}}