{"host":"ec2wu4mdnvke243f","time":1610558105,"event":{"mods":["2.2 Compatiblity","AchievementEnabler","BaseMod","Defuse TimeMaze Blight","Downfall","Hermit","Infinite Spire","Minty Spire (QoL Compilation)","StSLib","The Cursed","The Disciple","The Jungle","The Servant 0.9.4"],"gold_per_floor":[117,130,150,225,225,254,324,393,420,433,461,461,515,200,200,305,305,323,346,346,346,379,405,405,405,430,459,459,459,494,529,529,633,633,645,714,714,796,827,859,888,921,970,970,970,658,723,738,738,738,738],"floor_reached":50,"language":"POL","playtime":3450,"items_purged":["Doubt"],"score":1036,"play_id":"173fcf05-5b64-499a-83b7-6273b635ad35","local_time":"20210113181505","daily_mods":["Colorless Cards","Heirloom","Flight","DeadlyEvents","Elite Swarm"],"is_ascension_mode":false,"campfire_choices":[{"floor":12,"key":"REST"},{"floor":15,"key":"REST"},{"data":"expansioncontent:DashGenerateEvil","floor":24,"key":"SMITH"},{"floor":32,"key":"DIG"},{"floor":44,"key":"REST"},{"floor":49,"key":"REST"}],"circlet_count":0,"master_deck":["hermit:Strike_Hermit","hermit:Strike_Hermit","hermit:Strike_Hermit","hermit:Strike_Hermit+1","hermit:Defend_Hermit","hermit:Defend_Hermit","hermit:Defend_Hermit","hermit:Defend_Hermit","hermit:Snapshot","hermit:Covet","expansioncontent:Hexaburn+1","hermit:Glare","hermit:Feint","infinitespire:Collect","hermit:DeadOrAlive","Secret Technique","hermit:FinalCanter","hermit:Headshot","Panache","hermit:Maintenance+1","hermit:BlackWind","hermit:Malice","Writhe","expansioncontent:DashGenerateEvil+1","Master of Strategy","infinitespire:NeuralNetwork","Parasite","Clumsy","Sadistic Nature","hermit:SprayPray","Panache","hermit:HighCaliber+1","hermit:Showdown+1","expansioncontent:CaCaw+1","Writhe","Regret","hermit:Magnum","infinitespire:FinalStrike","hermit:Grudge","expansioncontent:PolyBeam"],"relics":["hermit:ClaspedLocket","Thread and Needle","Vajra","Singing Bowl","Tiny Chest","Whetstone","infinitespire:Beetle Shell","PreservedInsect","Pantograph","infinitespire:Lucky Rock","Shovel","Gremlin Horn","infinitespire:BottledMercury","Cursed Key","hermit:RyeStalk","Bottled Lightning","Prayer Wheel","Dream Catcher","sneckomod:SneckoTalon","StoneCalendar","Blue Candle","Boot","CaptainsWheel","hermit:RedScarf","White Beast Statue","Lantern","Regal Pillow","Darkstone Periapt"],"acts_visited":["Exordium","Exordium","TheBeyond"],"potions_floor_usage":[11,16,22,33,39,47,47,48],"damage_taken":[{"damage":0,"enemies":"Cultist","floor":1,"turns":3},{"damage":1,"enemies":"Small Slimes","floor":2,"turns":3},{"damage":0,"enemies":"Jaw Worm","floor":3,"turns":3},{"damage":8,"enemies":"Gremlin Nob","floor":6,"turns":3},{"damage":10,"enemies":"Lagavulin","floor":7,"turns":7},{"damage":5,"enemies":"3 Sentries","floor":8,"turns":4},{"damage":3,"enemies":"Blue Slaver","floor":10,"turns":2},{"damage":0,"enemies":"Gremlin Nob","floor":11,"turns":2},{"damage":9,"enemies":"Slime Boss","floor":16,"turns":9},{"damage":7,"enemies":"theJungle:GiantWrat","floor":18,"turns":6},{"damage":1,"enemies":"theJungle:2_Phrogs","floor":22,"turns":6},{"damage":0,"enemies":"theJungle:MamaSnecko","floor":23,"turns":3},{"damage":15,"enemies":"theJungle:2_Phrogs","floor":27,"turns":5},{"damage":0,"enemies":"theJungle:Cassacara","floor":30,"turns":2},{"damage":0,"enemies":"theJungle:5_Spyders","floor":31,"turns":3},{"damage":24,"enemies":"theJungle:FunGuy","floor":33,"turns":8},{"damage":0,"enemies":"Orb Walker","floor":35,"turns":3},{"damage":12,"enemies":"2 Orb Walkers","floor":36,"turns":3},{"damage":26,"enemies":"Giant Head","floor":39,"turns":6},{"damage":14,"enemies":"Reptomancer","floor":40,"turns":2},{"damage":26,"enemies":"Nemesis","floor":41,"turns":3},{"damage":0,"enemies":"Giant Head","floor":42,"turns":5},{"damage":30,"enemies":"Nemesis","floor":47,"turns":5},{"damage":2,"enemies":"3 Shapes","floor":48,"turns":2},{"damage":99,"enemies":"infinitespire:MassOfShapes","floor":50,"turns":7}],"seed_played":"-9095353853864194685","potions_obtained":[{"floor":6,"key":"PowerPotion"},{"floor":7,"key":"FearPotion"},{"floor":11,"key":"BlessingOfTheForge"},{"floor":16,"key":"Strength Potion"},{"floor":18,"key":"hermit:Tonic"},{"floor":30,"key":"AttackPotion"},{"floor":33,"key":"sneckomod:MuddlingPotion"},{"floor":39,"key":"BlessingOfTheForge"},{"floor":40,"key":"Energy Potion"},{"floor":47,"key":"Block Potion"},{"floor":48,"key":"Explosive Potion"}],"is_trial":true,"path_per_floor":["M","M","M","?","?","E","E","E","T","M","E","R","T","$","R","B",null,"M","T","?","?","E","E","R","AVR","T","E","$","T","E","M","R","B",null,"M","?","?","T","E","E","E","E","T","R","AVR","$","E","M","R","B"],"character_chosen":"HERMIT","items_purchased":["Pantograph","hermit:Maintenance","Regal Pillow","hermit:Grudge"],"campfire_rested":4,"item_purchase_floors":[14,14,46,46],"current_hp_per_floor":[75,74,74,63,44,36,26,21,21,18,18,40,40,40,62,66,75,68,68,68,68,67,67,67,67,67,54,54,54,54,56,56,55,79,79,67,79,79,53,41,17,19,19,46,46,46,19,21,63,0,0],"gold":738,"neow_bonus":"","is_daily":false,"chose_seed":false,"campfire_upgraded":1,"win_rate":0.0,"timestamp":1610558105,"path_taken":["M","?","M","?","?","E","E","?","T","?","?","R","?","$","R","BOSS","M","?","?","?","?","E","R","AVR","T","E","$","?","E","?","R","BOSS","M","?","?","?","?","E","E","?","T","R","AVR","?","E","M","R","BOSS"],"items_purchased_type":["Relic","Card","Relic","Card"],"build_version":"2020-12-22","purchased_purges":1,"victory":false,"max_hp_per_floor":[75,75,75,75,75,75,75,75,75,75,75,75,75,75,75,75,75,75,75,75,75,75,75,75,75,75,77,77,77,77,79,79,79,79,79,79,79,79,79,81,83,85,85,87,87,87,89,93,93,93,93],"card_choices":[{"not_picked":["hermit:Determination","hermit:Manifest"],"picked":"expansioncontent:Hexaburn","floor":1},{"not_picked":["hermit:Dive","hermit:WideOpen"],"picked":"hermit:Glare","floor":2},{"not_picked":["hermit:WideOpen","Purity"],"picked":"hermit:Feint","floor":3},{"not_picked":["infinitespire:SevenWalls","infinitespire:Menacing"],"picked":"infinitespire:Collect","floor":5},{"not_picked":["Chrysalis","The Bomb"],"picked":"hermit:DeadOrAlive","floor":6},{"not_picked":["hermit:Gambit","hermit:Adapt"],"picked":"Secret Technique","floor":7},{"not_picked":["The Bomb","hermit:HighNoon"],"picked":"hermit:FinalCanter","floor":8},{"not_picked":["hermit:Midnight","hermit:WideOpen"],"picked":"hermit:Headshot","floor":10},{"not_picked":["hermit:EternalForm","Thinking Ahead"],"picked":"Panache","floor":11},{"not_picked":["The Bomb","Master of Strategy"],"picked":"hermit:BlackWind","floor":16},{"not_picked":["hermit:HoleUp","hermit:Combo"],"picked":"hermit:Malice","floor":18},{"not_picked":["Secret Weapon","Metamorphosis"],"picked":"expansioncontent:DashGenerateEvil","floor":22},{"not_picked":["hermit:DeadOrAlive","Magnetism"],"picked":"Master of Strategy","floor":23},{"not_picked":["hermit:FromBeyond","The Bomb","Magnetism"],"picked":"Singing Bowl","floor":27},{"not_picked":["Mayhem","The Bomb"],"picked":"Sadistic Nature","floor":30},{"not_picked":["expansioncontent:AwakenDeath","hermit:Horror"],"picked":"hermit:SprayPray","floor":31},{"not_picked":["hermit:Snipe+1","hermit:WideOpen","hermit:Manifest"],"picked":"Singing Bowl","floor":31},{"not_picked":["hermit:Dissolve","Magnetism"],"picked":"Panache","floor":33},{"not_picked":["hermit:TrackingShot","hermit:LowProfile"],"picked":"hermit:HighCaliber+1","floor":35},{"not_picked":["hermit:Determination+1","hermit:TrackingShot"],"picked":"hermit:Showdown+1","floor":35},{"not_picked":["hermit:Headshot+1","hermit:Vantage+1"],"picked":"expansioncontent:CaCaw+1","floor":36},{"not_picked":["Panache","Chrysalis"],"picked":"hermit:Magnum","floor":39},{"not_picked":["hermit:FromBeyond","hermit:HeroicBravado","hermit:Dissolve"],"picked":"Singing Bowl","floor":40},{"not_picked":["Mayhem","Magnetism","HandOfGreed"],"picked":"Singing Bowl","floor":41},{"not_picked":["hermit:Gambit","Panache","hermit:HighNoon"],"picked":"Singing Bowl","floor":42},{"not_picked":["expansioncontent:SlimeTackle+1","hermit:Desperado+1","Purity+1"],"picked":"Singing Bowl","floor":44},{"not_picked":["Secret Technique","hermit:HeroicBravado","hermit:Adapt"],"picked":"Singing Bowl","floor":47},{"not_picked":["hermit:Misfire","hermit:NoHoldsBarred","hermit:FullyLoaded"],"picked":"Singing Bowl","floor":48},{"not_picked":["hermit:Dive","hermit:BodyArmor","hermit:TrackingShot+1"],"picked":"Singing Bowl","floor":48},{"not_picked":["hermit:Misfire","Enlightenment+1"],"picked":"expansioncontent:PolyBeam","floor":49}],"player_experience":568291,"relics_obtained":[{"floor":6,"key":"Vajra"},{"floor":7,"key":"Singing Bowl"},{"floor":8,"key":"Tiny Chest"},{"floor":9,"key":"Whetstone"},{"floor":11,"key":"infinitespire:Beetle Shell"},{"floor":13,"key":"PreservedInsect"},{"floor":19,"key":"infinitespire:Lucky Rock"},{"floor":22,"key":"Gremlin Horn"},{"floor":23,"key":"infinitespire:BottledMercury"},{"floor":26,"key":"hermit:RyeStalk"},{"floor":27,"key":"Bottled Lightning"},{"floor":29,"key":"Prayer Wheel"},{"floor":32,"key":"Dream Catcher"},{"floor":36,"key":"StoneCalendar"},{"floor":38,"key":"Blue Candle"},{"floor":39,"key":"Boot"},{"floor":40,"key":"CaptainsWheel"},{"floor":41,"key":"hermit:RedScarf"},{"floor":42,"key":"White Beast Statue"},{"floor":43,"key":"Lantern"},{"floor":47,"key":"Darkstone Periapt"}],"event_choices":[{"damage_healed":0,"gold_gain":75,"player_choice":"Gather Gold","damage_taken":11,"max_hp_gain":0,"max_hp_loss":0,"event_name":"World of Goop","floor":4,"gold_loss":0},{"damage_healed":0,"gold_gain":0,"player_choice":"Forge","damage_taken":0,"max_hp_gain":0,"max_hp_loss":0,"event_name":"Accursed Blacksmith","floor":21,"gold_loss":0,"cards_upgraded":["hermit:Maintenance"]},{"damage_healed":0,"gold_gain":0,"player_choice":"Fight","damage_taken":0,"max_hp_gain":0,"max_hp_loss":0,"event_name":"Mysterious Sphere","floor":36,"gold_loss":0},{"damage_healed":20,"gold_gain":0,"player_choice":"Writhe","damage_taken":0,"max_hp_gain":0,"max_hp_loss":0,"event_name":"Winding Halls","floor":37,"gold_loss":0,"cards_obtained":["Writhe"]}],"is_beta":false,"boss_relics":[{"not_picked":["Fusion Hammer","Snecko Eye"],"picked":"hermit:ClaspedLocket"},{"not_picked":["Sozu","Tiny House"],"picked":"sneckomod:SneckoTalon"}],"items_purged_floors":[46],"is_endless":false,"potions_floor_spawned":[6,7,11,16,18,30,33,35,39,40,47,48],"killed_by":"infinitespire:MassOfShapes","ascension_level":0}}