{"host":"3y2rtlgteqp2nuo3","time":1610505046,"event":{"mods":["2.2 Compatiblity","AchievementEnabler","BaseMod","Colored Map","DeckTracker","Highlight Path","Keyboard Shortcuts","Minty Spire (QoL Compilation)","Permanent Neow","Quick Restart","StSLib","SuperFastMode","everything is the same but u backflip on backflip"],"gold_per_floor":[118,137,62,76,95,129,129,139,139,139,157,175,189,200,200,200,200],"floor_reached":16,"language":"KOR","playtime":453,"items_purged":["Regret"],"score":162,"play_id":"83a5e857-37a4-4926-932a-d6d372e34f7f","local_time":"20210113113046","is_ascension_mode":true,"campfire_choices":[{"data":"Poisoned Stab","floor":7,"key":"SMITH"},{"floor":10,"key":"REST"},{"floor":15,"key":"REST"}],"circlet_count":0,"master_deck":["AscendersBane","Strike_G","Strike_G","Strike_G","Strike_G","Strike_G","Defend_G","Defend_G","Defend_G","Defend_G","Defend_G","Survivor","Neutralize","Flying Knee","Sucker Punch","Outmaneuver","Poisoned Stab+1","Phantasmal Killer","Heel Hook","Blade Dance","Dagger Spray"],"relics":["Ring of the Snake","Art of War","Oddly Smooth Stone"],"acts_visited":["Exordium"],"potions_floor_usage":[6,6,16,16,16],"damage_taken":[{"damage":4,"enemies":"Cultist","floor":1,"turns":4},{"damage":8,"enemies":"Jaw Worm","floor":2,"turns":5},{"damage":7,"enemies":"2 Louse","floor":4,"turns":4},{"damage":7,"enemies":"Blue Slaver","floor":5,"turns":5},{"damage":21,"enemies":"Gremlin Nob","floor":6,"turns":5},{"damage":11,"enemies":"Large Slime","floor":8,"turns":7},{"damage":2,"enemies":"Red Slaver","floor":11,"turns":6},{"damage":10,"enemies":"Lots of Slimes","floor":12,"turns":6},{"damage":4,"enemies":"2 Fungi Beasts","floor":13,"turns":3},{"damage":14,"enemies":"Red Slaver","floor":14,"turns":4},{"damage":31,"enemies":"Slime Boss","floor":16,"turns":9}],"seed_played":"-8023561175885395219","potions_obtained":[{"floor":4,"key":"BlessingOfTheForge"},{"floor":5,"key":"EntropicBrew"},{"floor":14,"key":"EntropicBrew"}],"is_trial":false,"path_per_floor":["M","M","$","M","M","E","R","M","T","R","M","M","M","M","R","B"],"character_chosen":"THE_SILENT","items_purchased":[],"campfire_rested":2,"item_purchase_floors":[],"current_hp_per_floor":[73,65,65,58,51,30,30,19,19,44,42,32,28,14,39,8,8],"gold":200,"neow_bonus":"TWENTY_PERCENT_HP_BONUS","is_daily":false,"chose_seed":false,"campfire_upgraded":1,"win_rate":0.0,"timestamp":1610505046,"path_taken":["M","M","$","M","M","E","R","M","T","R","M","M","M","?","R","BOSS"],"items_purchased_type":[],"build_version":"2020-12-22","purchased_purges":1,"victory":false,"max_hp_per_floor":[84,84,84,84,84,84,84,84,84,84,84,84,84,84,84,84,84],"card_choices":[{"not_picked":["Cloak And Dagger","Expertise"],"picked":"Flying Knee","floor":1},{"not_picked":["Terror","Skewer"],"picked":"Sucker Punch","floor":2},{"not_picked":["Prepared","Flechettes","Slice"],"picked":"SKIP","floor":4},{"not_picked":["Quick Slash","Cloak And Dagger"],"picked":"Outmaneuver","floor":5},{"not_picked":["Calculated Gamble","Slice"],"picked":"Poisoned Stab","floor":6},{"not_picked":["Dagger Throw","PiercingWail"],"picked":"Phantasmal Killer","floor":8},{"not_picked":["Deflect","Acrobatics"],"picked":"Heel Hook","floor":11},{"not_picked":["Bane","Masterful Stab"],"picked":"Blade Dance","floor":12},{"not_picked":["Backflip","Expertise"],"picked":"Dagger Spray","floor":13},{"not_picked":["Flying Knee","Underhanded Strike","Sucker Punch"],"picked":"SKIP","floor":14}],"player_experience":685408,"relics_obtained":[{"floor":6,"key":"Art of War"},{"floor":9,"key":"Oddly Smooth Stone"}],"event_choices":[],"is_beta":false,"boss_relics":[],"items_purged_floors":[3],"is_endless":false,"potions_floor_spawned":[4,5,11,12,13,14],"killed_by":"Slime Boss","ascension_level":10}}