{"host":"e52c7hvho6xny3hd","time":1610541752,"event":{"mods":["AchievementEnabler","BaseMod","Colored Map","DeckTracker","Minty Spire (QoL Compilation)","Permanent Neow","StSLib"],"gold_per_floor":[110,124,135,135,21,21,33,108,183,183,183,202,152,163,163,263,263,278,203,222,222,233,233,244,244,244,254,266,266,98,110,110,110,110],"floor_reached":33,"language":"KOR","playtime":1675,"items_purged":["Strike_P","Defend_P"],"score":374,"play_id":"a98b3b60-101c-45ca-8ca3-ecc58a3a0e37","local_time":"20210113214232","is_ascension_mode":true,"campfire_choices":[{"data":"WindmillStrike","floor":6.0,"key":"SMITH"},{"data":"TalkToTheHand","floor":10.0,"key":"SMITH"},{"floor":15.0,"key":"REST"},{"data":"Wish","floor":23,"key":"SMITH"},{"data":"Vengeance","floor":25,"key":"SMITH"},{"data":"Tantrum","floor":29,"key":"SMITH"},{"floor":32,"key":"REST"}],"circlet_count":0,"master_deck":["AscendersBane","Defend_P","Defend_P","Defend_P+1","Eruption+1","Vigilance","FollowUp","TalkToTheHand+1","FearNoEvil+1","Protect","WindmillStrike+1","EmptyBody","EmptyMind","Wish+1","Tantrum+1","Vengeance+1","FlurryOfBlows","Consecrate","EmptyBody+1","Evaluate+1","MentalFortress"],"relics":["PureWater","Yang","Velvet Choker","Juzu Bracelet","Toxic Egg 2"],"acts_visited":["Exordium","TheCity"],"potions_floor_usage":[31],"damage_taken":[{"damage":0.0,"enemies":"Small Slimes","floor":1.0,"turns":3.0},{"damage":2.0,"enemies":"Jaw Worm","floor":2.0,"turns":5.0},{"damage":2.0,"enemies":"2 Louse","floor":3.0,"turns":2.0},{"damage":0.0,"enemies":"2 Fungi Beasts","floor":7.0,"turns":3.0},{"damage":0.0,"enemies":"Blue Slaver","floor":12.0,"turns":5.0},{"damage":0.0,"enemies":"3 Louse","floor":14.0,"turns":4.0},{"damage":46.0,"enemies":"Slime Boss","floor":16.0,"turns":13.0},{"damage":0.0,"enemies":"3 Byrds","floor":18.0,"turns":7.0},{"damage":0,"enemies":"Shell Parasite","floor":20,"turns":5},{"damage":4,"enemies":"Cultist and Chosen","floor":22,"turns":10},{"damage":0,"enemies":"Centurion and Healer","floor":24,"turns":6},{"damage":14,"enemies":"Shelled Parasite and Fungi","floor":27,"turns":5},{"damage":8,"enemies":"Snake Plant","floor":28,"turns":4},{"damage":12,"enemies":"Cultist and Chosen","floor":31,"turns":5},{"damage":43,"enemies":"Automaton","floor":33,"turns":6}],"seed_played":"9133609083255583428","potions_obtained":[{"floor":1.0,"key":"Ambrosia"},{"floor":7.0,"key":"FearPotion"},{"floor":31,"key":"Strength Potion"}],"is_trial":false,"path_per_floor":["M","M","M","?","$","R","M","?","T","R","?","M","?","M","R","B",null,"M","?","M","?","M","R","M","R","T","M","M","R","$","M","R","B"],"character_chosen":"WATCHER","items_purchased":["WindmillStrike","MentalFortress"],"campfire_rested":2,"item_purchase_floors":[5,30],"current_hp_per_floor":[65,63,61,61,61,61,61,50,50,50,36,36,36,36,57,11,57,57,57,57,57,53,53,53,53,53,39,31,31,31,19,40,0,0],"gold":110,"neow_bonus":"UPGRADE_CARD","is_daily":false,"chose_seed":false,"campfire_upgraded":5,"win_rate":0.0,"timestamp":1610541752,"path_taken":["M","M","M","?","$","R","M","?","T","R","?","M","?","M","R","BOSS","M","?","M","?","M","R","M","R","T","M","M","R","$","M","R","BOSS"],"items_purchased_type":["Card","Card"],"build_version":"2020-12-22","purchased_purges":2,"victory":false,"max_hp_per_floor":[72,72,72,72,72,72,72,72,72,72,72,72,72,72,72,72,72,72,72,72,72,72,72,72,72,72,72,72,72,72,72,72,72,72],"card_choices":[{"not_picked":["Protect","CrushJoints"],"picked":"FollowUp","floor":1.0},{"not_picked":["Halt","Crescendo"],"picked":"TalkToTheHand","floor":2.0},{"not_picked":["Study","Brilliance"],"picked":"FearNoEvil","floor":3.0},{"not_picked":["CarveReality","FearNoEvil"],"picked":"EmptyBody","floor":7.0},{"not_picked":["EmptyBody","JustLucky","Prostrate"],"picked":"SKIP","floor":12.0},{"not_picked":["CrushJoints","Evaluate"],"picked":"EmptyMind","floor":14.0},{"not_picked":["Devotion","Scrawl"],"picked":"Wish","floor":16.0},{"not_picked":["Nirvana","ClearTheMind+1"],"picked":"Tantrum","floor":18.0},{"not_picked":["Consecrate","EmptyBody"],"picked":"Vengeance","floor":20},{"not_picked":["Pray","CrushJoints"],"picked":"FlurryOfBlows","floor":22},{"not_picked":["SandsOfTime","EmptyMind"],"picked":"Consecrate","floor":24},{"not_picked":["Consecrate","CrushJoints"],"picked":"EmptyBody+1","floor":27},{"not_picked":["LessonLearned","CarveReality"],"picked":"Evaluate+1","floor":28},{"not_picked":["BattleHymn+1","EmptyBody+1","PathToVictory+1"],"picked":"SKIP","floor":31}],"player_experience":672024,"relics_obtained":[{"floor":9.0,"key":"Yang"},{"floor":26,"key":"Toxic Egg 2"}],"event_choices":[{"damage_healed":0.0,"max_hp_gain":0.0,"max_hp_loss":0.0,"gold_gain":0.0,"cards_transformed":["Strike_P"],"event_name":"Living Wall","player_choice":"Change","floor":4.0,"gold_loss":0.0,"damage_taken":0.0,"cards_obtained":["Protect"]},{"damage_healed":0.0,"max_hp_gain":0.0,"max_hp_loss":0.0,"gold_gain":75.0,"event_name":"World of Goop","player_choice":"Gather Gold","floor":8.0,"gold_loss":0.0,"damage_taken":11.0},{"damage_healed":0.0,"max_hp_gain":0.0,"max_hp_loss":0.0,"gold_gain":0.0,"event_name":"Shining Light","player_choice":"Entered Light","floor":11.0,"gold_loss":0.0,"damage_taken":14.0,"cards_upgraded":["FearNoEvil","Defend_P"]},{"cards_removed":["Strike_P"],"damage_healed":0.0,"max_hp_gain":0.0,"max_hp_loss":0.0,"gold_gain":0.0,"event_name":"The Cleric","player_choice":"Card Removal","floor":13.0,"gold_loss":50.0,"damage_taken":0.0},{"cards_removed":["Strike_P"],"damage_healed":0.0,"max_hp_gain":0.0,"max_hp_loss":0.0,"gold_gain":0.0,"event_name":"Beggar","player_choice":"Gave Gold","floor":19.0,"gold_loss":75.0,"damage_taken":0.0},{"damage_healed":0,"gold_gain":0,"player_choice":"Opened","damage_taken":0,"relics_obtained":["Juzu Bracelet"],"max_hp_gain":0,"max_hp_loss":0,"event_name":"The Mausoleum","floor":21,"gold_loss":0}],"is_beta":false,"boss_relics":[{"not_picked":["HolyWater","Ectoplasm"],"picked":"Velvet Choker"}],"items_purged_floors":[5,30],"is_endless":false,"potions_floor_spawned":[1,7,14,16,18,22,31],"killed_by":"Automaton","ascension_level":11}}