{"host":"u7lm8z2rvb4dg2oo","time":1610513478,"event":{"mods":["AchievementEnabler","BaseMod","Bestiary","Block Reminder","Colored Map","Colored Powertips","Curses Come First","DeckTracker","Googly Eyes","Highlight Path","Minty Spire (QoL Compilation)","Quick Restart","StSLib"],"gold_per_floor":[114,131,144,162,8,0,33,33,33,64,64,64,64,79,79,177,177,193,193,193,203,213,213,240,260,260,260,295,295,295,313,313,410,410,420,420,430,430,430,465,465,481,481,481,493,493,513,60,60,60],"floor_reached":51,"language":"ENG","playtime":4521,"items_purged":["Strike_G","Strike_G"],"score":841,"play_id":"2dacdf01-2eb1-45b8-9720-50a1a2b77b01","local_time":"20210112235118","is_ascension_mode":true,"campfire_choices":[{"floor":8.0,"key":"REST"},{"floor":12.0,"key":"REST"},{"data":"Malaise","floor":15.0,"key":"SMITH"},{"data":"Catalyst","floor":23.0,"key":"SMITH"},{"floor":27.0,"key":"REST"},{"data":"Bouncing Flask","floor":29.0,"key":"SMITH"},{"floor":32.0,"key":"REST"},{"floor":41.0,"key":"REST"},{"floor":44.0,"key":"REST"},{"floor":49.0,"key":"REST"}],"circlet_count":0,"master_deck":["Strike_G","Strike_G","Strike_G","Defend_G","Defend_G","Defend_G+1","Defend_G","Survivor","Neutralize","Poisoned Stab","Bane","Footwork","Blur","Footwork+1","Malaise+1","Die Die Die","Deadly Poison","Catalyst+1","Neutralize","Glass Knife","Deadly Poison","Bouncing Flask+1","After Image+1","Burst","Dodge and Roll+1","Bullet Time","Bouncing Flask"],"relics":["Ring of the Snake","War Paint","Happy Flower","Frozen Egg 2","Philosopher\u0027s Stone","Art of War","InkBottle","Red Mask","Omamori","SlaversCollar","Ginger","Shovel","ClockworkSouvenir"],"acts_visited":["TheCity","TheBeyond"],"potions_floor_usage":[50,50,50],"damage_taken":[{"damage":12.0,"enemies":"Small Slimes","floor":1.0,"turns":6.0},{"damage":0.0,"enemies":"2 Louse","floor":2.0,"turns":3.0},{"damage":0.0,"enemies":"Cultist","floor":3.0,"turns":4.0},{"damage":6.0,"enemies":"Looter","floor":4.0,"turns":3.0},{"damage":38.0,"enemies":"3 Sentries","floor":7.0,"turns":17.0},{"damage":7.0,"enemies":"Lagavulin","floor":10.0,"turns":7.0},{"damage":0.0,"enemies":"2 Fungi Beasts","floor":14.0,"turns":5.0},{"damage":22.0,"enemies":"The Guardian","floor":16.0,"turns":20.0},{"damage":8.0,"enemies":"3 Byrds","floor":18.0,"turns":10.0},{"damage":8.0,"enemies":"Chosen","floor":21.0,"turns":6.0},{"damage":24.0,"enemies":"3 Cultists","floor":22.0,"turns":8.0},{"damage":8.0,"enemies":"Book of Stabbing","floor":24.0,"turns":6.0},{"damage":12.0,"enemies":"Centurion and Healer","floor":25.0,"turns":6.0},{"damage":17.0,"enemies":"Masked Bandits","floor":28.0,"turns":5.0},{"damage":2.0,"enemies":"Snake Plant","floor":31.0,"turns":4.0},{"damage":26.0,"enemies":"Automaton","floor":33.0,"turns":11.0},{"damage":6.0,"enemies":"3 Shapes","floor":35.0,"turns":6.0},{"damage":6.0,"enemies":"Orb Walker","floor":37.0,"turns":4.0},{"damage":60.0,"enemies":"Nemesis","floor":40.0,"turns":9.0},{"damage":30.0,"enemies":"Spire Growth","floor":42.0,"turns":8.0},{"damage":0.0,"enemies":"Maw","floor":45.0,"turns":6.0},{"damage":12.0,"enemies":"Transient","floor":47.0,"turns":5.0},{"damage":26,"enemies":"Awakened One","floor":50,"turns":19}],"seed_played":"-1915552135452290207","potions_obtained":[{"floor":3.0,"key":"GamblersBrew"},{"floor":7.0,"key":"Swift Potion"},{"floor":16.0,"key":"GamblersBrew"},{"floor":18.0,"key":"FearPotion"},{"floor":21.0,"key":"Ancient Potion"},{"floor":22.0,"key":"Energy Potion"},{"floor":28.0,"key":"Dexterity Potion"},{"floor":37.0,"key":"Dexterity Potion"},{"floor":39.0,"key":"Strength Potion"},{"floor":39.0,"key":"SteroidPotion"}],"is_trial":false,"path_per_floor":["M","M","M","M","$","?","E","R","T","E","?","R","?","M","R","B",null,"M","?","?","M","M","R","E","M","T","R","?","R","?","M","R","B",null,"M","?","M","?","?","E","R","M","T","R","M","?","M","$","R","B",null],"character_chosen":"THE_SILENT","items_purchased":["Footwork","DistilledChaos","Bouncing Flask","ColorlessPotion","ClockworkSouvenir"],"campfire_rested":7,"item_purchase_floors":[5,48,48,48,48],"current_hp_per_floor":[51,51,51,45,45,45,7,32,32,25,46,71,76,76,76,54,89,81,81,81,73,49,49,41,29,29,55,38,38,38,36,62,36,89,83,89,83,83,83,23,49,19,19,45,45,45,33,33,58,32],"gold":60,"neow_bonus":"TWENTY_PERCENT_HP_BONUS","is_daily":false,"chose_seed":false,"campfire_upgraded":3,"win_rate":0.0,"timestamp":1610513478,"path_taken":["M","M","M","M","$","?","E","R","T","E","?","R","?","M","R","BOSS","M","?","?","?","M","R","E","M","T","R","?","R","?","M","R","BOSS","M","?","M","?","?","E","R","?","T","R","M","?","M","$","R","BOSS"],"items_purchased_type":["Card","Potion","Card","Potion","Relic"],"build_version":"2020-12-22","purchased_purges":2,"victory":true,"max_hp_per_floor":[84,84,84,84,84,84,84,84,84,84,84,84,89,89,89,89,89,89,89,89,89,89,89,89,89,89,89,89,89,89,89,89,89,89,89,89,89,89,89,89,89,89,89,89,89,86,86,86,86,86],"card_choices":[{"not_picked":["Prepared","Setup","Slice"],"picked":"SKIP","floor":1.0},{"not_picked":["Dagger Throw","Prepared"],"picked":"Poisoned Stab","floor":2.0},{"not_picked":["Riddle With Holes","Quick Slash"],"picked":"Bane","floor":3.0},{"not_picked":["Bane","Riddle With Holes","Quick Slash"],"picked":"SKIP","floor":4.0},{"not_picked":["Deadly Poison","Dagger Spray"],"picked":"Blur","floor":7.0},{"not_picked":["Dash","Prepared"],"picked":"Footwork+1","floor":10.0},{"not_picked":["Skewer","PiercingWail"],"picked":"Malaise","floor":14.0},{"not_picked":["Tools of the Trade+1","Grand Finale"],"picked":"Die Die Die","floor":16.0},{"not_picked":["Deflect+1","Backflip+1"],"picked":"Deadly Poison","floor":18.0},{"not_picked":["Outmaneuver","Slice"],"picked":"Deadly Poison","floor":21.0},{"not_picked":["Choke","Accuracy+1","Dodge and Roll"],"picked":"SKIP","floor":22.0},{"not_picked":["Terror","PiercingWail"],"picked":"Bouncing Flask","floor":24.0},{"not_picked":["Dash","Flying Knee+1","Slice+1"],"picked":"SKIP","floor":25.0},{"not_picked":["All Out Attack","Distraction"],"picked":"After Image+1","floor":28.0},{"not_picked":["Acrobatics","Escape Plan","Backflip"],"picked":"SKIP","floor":31.0},{"not_picked":["Grand Finale","Corpse Explosion"],"picked":"Burst","floor":33.0},{"not_picked":["Slice","PiercingWail","Accuracy+1"],"picked":"SKIP","floor":35.0},{"not_picked":["Flechettes","Tactician"],"picked":"Dodge and Roll+1","floor":37.0},{"not_picked":["Backflip","Quick Slash"],"picked":"Bullet Time","floor":40.0},{"not_picked":["Dodge and Roll+1","Underhanded Strike+1","Noxious Fumes+1"],"picked":"SKIP","floor":42.0},{"not_picked":["Slice","Finisher+1","Deflect"],"picked":"SKIP","floor":45.0},{"not_picked":["Acrobatics+1","Unload","Deflect"],"picked":"SKIP","floor":47.0}],"player_experience":968922,"relics_obtained":[{"floor":7.0,"key":"War Paint"},{"floor":9.0,"key":"Happy Flower"},{"floor":10.0,"key":"Frozen Egg 2"},{"floor":24.0,"key":"Art of War"},{"floor":26.0,"key":"InkBottle"},{"floor":28.0,"key":"Red Mask"},{"floor":40.0,"key":"Ginger"},{"floor":43.0,"key":"Shovel"}],"event_choices":[{"damage_healed":0.0,"max_hp_gain":0.0,"max_hp_loss":0.0,"gold_gain":0.0,"event_name":"World of Goop","player_choice":"Left Gold","floor":6.0,"gold_loss":8.0,"damage_taken":0.0},{"damage_healed":21.0,"max_hp_gain":0.0,"max_hp_loss":0.0,"gold_gain":0.0,"event_name":"Mushrooms","player_choice":"Healed and dodged fight","floor":11.0,"gold_loss":0.0,"damage_taken":0.0,"cards_obtained":["Parasite"]},{"damage_healed":0.0,"max_hp_gain":5.0,"max_hp_loss":0.0,"gold_gain":0.0,"event_name":"Big Fish","player_choice":"Donut","floor":13.0,"gold_loss":0.0,"damage_taken":0.0},{"damage_healed":0.0,"max_hp_gain":0.0,"max_hp_loss":0.0,"gold_gain":0.0,"event_name":"The Library","player_choice":"Read","floor":19.0,"gold_loss":0.0,"damage_taken":0.0,"cards_obtained":["Catalyst"]},{"damage_healed":0.0,"max_hp_gain":0.0,"max_hp_loss":0.0,"gold_gain":0.0,"event_name":"Match and Keep!","player_choice":"2 cards matched","floor":20.0,"gold_loss":0.0,"damage_taken":0.0,"cards_obtained":["Neutralize","Glass Knife"]},{"damage_healed":0.0,"max_hp_gain":0.0,"max_hp_loss":0.0,"gold_gain":0.0,"event_name":"Masked Bandits","player_choice":"Fought Bandits","floor":28.0,"gold_loss":0.0,"damage_taken":0.0},{"damage_healed":0.0,"max_hp_gain":0.0,"max_hp_loss":0.0,"gold_gain":0.0,"event_name":"WeMeetAgain","player_choice":"Gave Potion","floor":30.0,"gold_loss":0.0,"damage_taken":0.0,"relics_obtained":["Omamori"]},{"damage_healed":22.0,"max_hp_gain":0.0,"max_hp_loss":0.0,"gold_gain":0.0,"event_name":"Winding Halls","player_choice":"Writhe","floor":36.0,"gold_loss":0.0,"damage_taken":0.0,"cards_obtained":["Writhe"]},{"cards_removed":["Defend_G"],"damage_healed":0.0,"max_hp_gain":0.0,"max_hp_loss":0.0,"gold_gain":0.0,"event_name":"Falling","player_choice":"Removed Skill","floor":38.0,"gold_loss":0.0,"damage_taken":0.0},{"damage_healed":0.0,"max_hp_gain":0.0,"max_hp_loss":0.0,"gold_gain":0.0,"event_name":"Lab","player_choice":"Got Potions","floor":39.0,"gold_loss":0.0,"damage_taken":0.0},{"cards_removed":["Parasite"],"damage_healed":0.0,"max_hp_gain":0.0,"max_hp_loss":0.0,"gold_gain":0.0,"event_name":"Purifier","player_choice":"Purged","floor":46.0,"gold_loss":0.0,"damage_taken":0.0}],"is_beta":false,"boss_relics":[{"not_picked":["Astrolabe","Pandora\u0027s Box"],"picked":"Philosopher\u0027s Stone"},{"not_picked":["Coffee Dripper","Sozu"],"picked":"SlaversCollar"}],"items_purged_floors":[5,48],"is_endless":false,"potions_floor_spawned":[3,7,16,18,21,22,28,37,40],"ascension_level":4}}