{"host":"78azdv0oxplymbah","time":1610533580,"event":{"mods":["Arknights The Spire","BaseMod","Decade(王小明)","DeckTracker","Highlight Path","KinomotoSakuraMod(木之本樱)","Minty Spire (QoL Compilation)","MostiFishMod","Quick Restart","Relic Stats","Remove Card Discount Mod","Replay The Spire","Spicy Shops","StSLib","Td1madao Mod","The Marked","The Servant 0.9.4","【功能Mod】混沌之环修复补丁","【遗物卡牌】REMEMod"],"gold_per_floor":[111,126,157,167,167,193,1,35,35,35,50,22,34,66,66,186,186,203,203,217,236,250,250,276,117,117,146,146,163,163,183,183,285,285,297,297,307,0,0,26,42,69,93,93,117,117,131,145,145,145],"floor_reached":51,"language":"ZHS","playtime":4142,"items_purged":["Strike_B","Strike_B","Defend_B","Defend_B","Strike_B","Strike_B","Injury","Parasite","Defend_B","ReplayTheSpireMod:Trickstab","Defend_B","Zap","Dualcast","Cold Snap","Double Energy","Coolheaded","MostiFishMod:PushDownKick+1","Writhe","REME_Whirling+1","Redo"],"score":1342,"play_id":"b81dbc92-5793-440b-b408-4de49f2cda84","local_time":"20210113182620","is_ascension_mode":false,"campfire_choices":[{"data":"Time Bomb","floor":10.0,"key":"SMITH"},{"floor":15.0,"key":"DIG"},{"data":"MostiFishMod:ReadyAimFire","floor":23,"key":"SMITH"},{"data":"Loop","floor":30,"key":"SMITH"},{"data":"REME_SelfUpgrade","floor":32,"key":"SMITH"},{"data":"Storm","floor":44,"key":"SMITH"},{"data":"White Noise","floor":46,"key":"SMITH"},{"floor":49,"key":"DIG"}],"circlet_count":0,"master_deck":["MostiFishMod:DustFall+1","Capacitor","Time Bomb+1","Hologram","White Noise+1","Storm+1","REME_SelfUpgrade+1","Storm","MostiFishMod:ReadyAimFire+1","Loop+1","Panic Button+1","Storm+1","Loop+1","Crystallizer+1","Hologram","Mirror Shield+1","REME_SelfUpgrade","BasicCrystalCard+1","MostiFishMod:SeaWaves","MostiFishMod:EE1D","MostiFishMod:EE1D","MostiFishMod:EE1D","MostiFishMod:GatherIntelligence+1","White Noise+1","MostiFishMod:Prepare","Capacitor+1","Consume","Time Bomb+1"],"relics":["Cracked Core","DaveBox","REME_ComplimentaryCards","PatriotShield","SynthV:TestCard","Torii","InkBottle","Orichalcum","Kunai","Question Card","REME_HandOfSuture","Replay:Towering Pillar of Hats","Replay:Grab Bag","Coffee Dripper","Philosopher\u0027s Stone","Inserter","Prayer Wheel","MutagenicStrength","Ancient Tea Set","ReplayTheSpireMod:CursedCoin","ReplayFunnel","Happy Flower","Pocketwatch","MealTicket","EE1DDrone","War Paint","Guide Book","Girya","Onion Ring","Regal Pillow","Whetstone","Calipers"],"acts_visited":["Exordium","TheCity","TheBeyond"],"potions_floor_usage":[47],"damage_taken":[{"damage":0.0,"enemies":"Jaw Worm","floor":1.0,"turns":2.0},{"damage":0.0,"enemies":"2 Louse","floor":2.0,"turns":2.0},{"damage":0.0,"enemies":"Cultist","floor":4.0,"turns":3.0},{"damage":0.0,"enemies":"Gremlin Nob","floor":6.0,"turns":3.0},{"damage":0.0,"enemies":"Lagavulin","floor":8.0,"turns":5.0},{"damage":0.0,"enemies":"Large Slime","floor":11.0,"turns":2.0},{"damage":0.0,"enemies":"Blue Slaver","floor":13.0,"turns":5.0},{"damage":0.0,"enemies":"3 Sentries","floor":14.0,"turns":3.0},{"damage":0,"enemies":"Fading Forest","floor":16,"turns":8},{"damage":0,"enemies":"Chosen","floor":18,"turns":6},{"damage":0,"enemies":"Spheric Guardian","floor":20,"turns":4},{"damage":0,"enemies":"Snake Plant","floor":21,"turns":3},{"damage":0,"enemies":"Cultist and Chosen","floor":22,"turns":2},{"damage":0,"enemies":"Gremlin Leader","floor":24,"turns":5},{"damage":9,"enemies":"Slavers","floor":27,"turns":2},{"damage":0,"enemies":"Sentry and Sphere","floor":29,"turns":2},{"damage":0,"enemies":"Snake Plant","floor":31,"turns":2},{"damage":0,"enemies":"Pondfish","floor":33,"turns":4},{"damage":0,"enemies":"Orb Walker","floor":35,"turns":2},{"damage":1,"enemies":"3 Darklings","floor":37,"turns":3},{"damage":0,"enemies":"Nemesis","floor":40,"turns":3},{"damage":0,"enemies":"Maw","floor":41,"turns":5},{"damage":0,"enemies":"R_Hoarder","floor":42,"turns":4},{"damage":0,"enemies":"Writhing Mass","floor":47,"turns":2},{"damage":0,"enemies":"Jaw Worm Horde","floor":48,"turns":3},{"damage":0,"enemies":"Awakened One","floor":50,"turns":6}],"seed_played":"1406020101532759419","potions_obtained":[{"floor":4.0,"key":"LifebloodPotion"},{"floor":13.0,"key":"Strength Potion"},{"floor":16,"key":"SteroidPotion"},{"floor":20,"key":"Flashbang"},{"floor":24,"key":"AttackPotion"},{"floor":27,"key":"Reflective Coating"},{"floor":40,"key":"Elixir"},{"floor":47,"key":"REME_GoldPotion"}],"is_trial":false,"path_per_floor":["M","M","?","M","?","E","$","E","T","R","M","$","M","E","R","B",null,"M","?","M","M","M","R","E","$","T","E","?","M","R","M","R","B",null,"M","?","M","$","?","E","M","E","T","R","T","R","M","M","R","B",null],"character_chosen":"DEFECT","items_purchased":["Storm","Orichalcum","Coolheaded","ReplayTheSpireMod:CursedCoin","ReplayFunnel","Loop","Happy Flower","War Paint","Guide Book"],"campfire_rested":0,"item_purchase_floors":[7,7,12,25,25,25,25,38,38],"current_hp_per_floor":[82,82,50,50,50,50,50,50,50,50,50,50,50,50,50,74,82,82,82,82,82,82,82,82,79,79,70,55,55,55,55,55,55,84,84,84,83,84,84,84,84,84,84,84,84,84,84,84,84,84],"gold":145,"neow_bonus":"TEN_PERCENT_HP_BONUS","is_daily":false,"chose_seed":false,"campfire_upgraded":6,"win_rate":0.0,"timestamp":1610533580,"path_taken":["M","M","?","M","?","E","$","E","T","R","?","$","M","E","R","BOSS","M","?","M","M","M","R","E","$","T","E","?","M","R","M","R","BOSS","M","?","M","$","?","E","M","E","T","R","?","R","M","M","R","BOSS"],"items_purchased_type":["Card","Relic","Card","Relic","Relic","Card","Relic","Relic","Relic"],"build_version":"2020-12-22","purchased_purges":20,"victory":true,"max_hp_per_floor":[82,82,82,82,82,82,82,82,82,82,82,82,82,82,82,82,82,82,82,82,82,82,82,82,79,79,79,84,84,84,84,84,84,84,84,84,84,84,84,84,84,84,84,84,84,84,84,84,84,84],"relic_stats":{"Regal Pillow":0,"Inserter":[28],"Torii":0,"Happy Flower":[12],"counters":[26,91],"Whetstone":[],"Orichalcum":[102],"War Paint":["REME_Whirling","Panic Button"],"Question Card":32,"Prayer Wheel":11,"MealTicket":1,"Kunai":[20],"obtain_stats":[{"ReplayFunnel":25,"PatriotShield":0,"Regal Pillow":43,"Calipers":49,"DaveBox":0,"Torii":3,"Whetstone":45,"Ancient Tea Set":24,"Philosopher\u0027s Stone":17,"Prayer Wheel":18,"MealTicket":27,"Kunai":8,"Cracked Core":0,"InkBottle":6,"Girya":40,"Inserter":17,"Replay:Towering Pillar of Hats":15,"Happy Flower":25,"ReplayTheSpireMod:CursedCoin":25,"Replay:Grab Bag":17,"Guide Book":38,"Orichalcum":7,"War Paint":38,"Question Card":9,"SynthV:TestCard":1,"EE1DDrone":34,"MutagenicStrength":19,"Onion Ring":42,"REME_HandOfSuture":14,"Coffee Dripper":17,"REME_ComplimentaryCards":0,"Pocketwatch":26},{"ReplayFunnel":14,"PatriotShield":0,"Regal Pillow":23,"Calipers":25,"DaveBox":0,"Torii":2,"Whetstone":23,"Ancient Tea Set":14,"Philosopher\u0027s Stone":9,"Prayer Wheel":10,"MealTicket":15,"Kunai":5,"Cracked Core":0,"InkBottle":4,"Girya":21,"Inserter":9,"Replay:Towering Pillar of Hats":8,"Happy Flower":14,"ReplayTheSpireMod:CursedCoin":14,"Replay:Grab Bag":9,"Guide Book":20,"Orichalcum":4,"War Paint":20,"Question Card":5,"SynthV:TestCard":1,"EE1DDrone":18,"MutagenicStrength":10,"Onion Ring":23,"REME_HandOfSuture":8,"Coffee Dripper":9,"REME_ComplimentaryCards":0,"Pocketwatch":14},{"ReplayFunnel":53,"PatriotShield":0,"Regal Pillow":80,"Calipers":85,"DaveBox":0,"Torii":4,"Whetstone":80,"Ancient Tea Set":53,"Philosopher\u0027s Stone":33,"Prayer Wheel":35,"MealTicket":55,"Kunai":15,"Cracked Core":0,"InkBottle":10,"Girya":71,"Inserter":33,"Replay:Towering Pillar of Hats":25,"Happy Flower":53,"ReplayTheSpireMod:CursedCoin":53,"Replay:Grab Bag":33,"Guide Book":68,"Orichalcum":10,"War Paint":68,"Question Card":15,"SynthV:TestCard":2,"EE1DDrone":63,"MutagenicStrength":39,"Onion Ring":80,"REME_HandOfSuture":25,"Coffee Dripper":33,"REME_ComplimentaryCards":0,"Pocketwatch":53}],"InkBottle":[35],"Pocketwatch":[29]},"card_choices":[{"not_picked":["Undo","Coolheaded"],"picked":"Capacitor","floor":1.0},{"not_picked":["ReplaySort","Panic Button","Blizzard","MostiFishMod:ReprogramOld"],"picked":"Cold Snap","floor":2.0},{"not_picked":["Redo","Melter","Cold Snap","Coolheaded"],"picked":"Time Bomb","floor":3.0},{"not_picked":["MostiFishMod:PushDownKick","Go for the Eyes","Reinforced Body","MostiFishMod:Distribution"],"picked":"Hologram","floor":4.0},{"not_picked":["Beam Cell","Panic Button","Darkness","Compile Driver"],"picked":"White Noise","floor":6.0},{"not_picked":["ReplayTheSpireMod:Reroute Power","Biased Cognition","Streamline","Gash"],"picked":"REME_Whirling","floor":8.0},{"not_picked":["Gash","Leap","Steam","Coolheaded","MostiFishMod:PushDownKick"],"picked":"Double Energy","floor":11.0},{"not_picked":["Lockon","Reinforced Body","Double Energy","Go for the Eyes","Storm","Consume"],"picked":"SKIP","floor":13.0},{"not_picked":["Conserve Battery","Beam Cell","Rebound","Redo","Storm"],"picked":"REME_SelfUpgrade","floor":14.0},{"not_picked":["MostiFishMod:Prepare","MostiFishMod:Culaccino","MostiFishMod:TalkingToTheRain","Machine Learning","MostiFishMod:GoodWordForIt","MostiFishMod:InterfaceCompatibility"],"picked":"ReplayTheSpireMod:Fabricate Wheel","floor":16},{"not_picked":["Genetic Algorithm","Stack","Darkness","Redo","Barrage","BasicCrystalCard"],"picked":"Storm","floor":18},{"not_picked":["Force Field+1","Steam+1","Hologram+1","Sweeping Beam","Static Discharge+1","Heatsinks"],"picked":"Redo","floor":18},{"not_picked":["Hologram","Redo","Cold Snap+1","Conserve Battery","Fusion","Steam"],"picked":"MostiFishMod:ReadyAimFire","floor":20},{"not_picked":["Ball Lightning","Compile Driver+1","ReplayGash","Barrage","Melter","MostiFishMod:Nova","Cold Snap"],"picked":"SKIP","floor":20},{"not_picked":["ReplayTheSpireMod:GoodbyeWorld","Cold Snap+1","Rebound+1","Darkness","Stack+1","Echo Form"],"picked":"Loop+1","floor":21},{"not_picked":["Redo","ReplayTheSpireMod:Repulse+1","ReplaySolidLightProjector","Hello World","MostiFishMod:Impulse","Sweeping Beam","MostiFishMod:PushDownKick"],"picked":"SKIP","floor":21},{"not_picked":["Redo+1","Hologram+1","Cold Snap","Go for the Eyes+1","Sweeping Beam+1","Gash"],"picked":"MostiFishMod:PushDownKick+1","floor":22},{"not_picked":["Sweeping Beam","Rebound","ReplayTheSpireMod:System Scan","Aggregate+1","Gash+1","Compile Driver"],"picked":"Panic Button","floor":22},{"not_picked":["MostiFishMod:GatherIntelligence","MostiFishMod:Nova","Leap","ReplaySort","BasicCrystalCard","Conserve Battery"],"picked":"Storm+1","floor":24},{"not_picked":["Ball Lightning","Redo","Rebound","Double Energy","Storm+1","Beam Cell"],"picked":"Crystallizer+1","floor":27},{"not_picked":["REME_DataAnalysis","Reinforced Body","Ball Lightning","Go for the Eyes","White Noise","ReplayTheSpireMod:Repulse+1"],"picked":"Hologram","floor":29},{"not_picked":["Tempest","Coolheaded+1","Ball Lightning","Defragment","Redo+1","Cold Snap"],"picked":"Mirror Shield","floor":29},{"not_picked":["Stack+1","MostiFishMod:ReprogramOld","Genetic Algorithm+1","MostiFishMod:PushDownKick","Steam Power"],"picked":"REME_SelfUpgrade","floor":31},{"not_picked":["Reprogram+1","Rebound","MostiFishMod:InterfaceCompatibility","Sweeping Beam+1","Conserve Battery"],"picked":"BasicCrystalCard+1","floor":31},{"not_picked":["MostiFishMod:InterfaceCompatibility","ReplayRNGCard","Echo Form","MostiFishMod:DawningShadow","MostiFishMod:Overload","Buffer","MostiFishMod:IntelligentEquipment","MostiFishMod:Nova"],"picked":"MostiFishMod:SeaWaves","floor":33},{"not_picked":["Conserve Battery","Gash+1","Barrage+1","REME_DataAnalysis","Compile Driver+1","Stack"],"picked":"SKIP","floor":35},{"not_picked":["Barrage+1","Coolheaded+1","Conserve Battery+1","Defragment","Leap","Rebound+1"],"picked":"SKIP","floor":35},{"not_picked":["MostiFishMod:GoodWordForIt","Hologram","Gash","Go for the Eyes+1","Leap+1","Ball Lightning+1","Compile Driver+1"],"picked":"MostiFishMod:GatherIntelligence+1","floor":37},{"not_picked":["Beam Cell","Barrage+1","MostiFishMod:Tomorrow","Cold Snap","Sweeping Beam","Blizzard","ReplaySolidLightProjector+1"],"picked":"White Noise+1","floor":37},{"not_picked":["Panic Button","Compile Driver+1","Cold Snap","Fusion","Coolheaded","Sweeping Beam+1","ReplayTheSpireMod:Calculation Training+1"],"picked":"MostiFishMod:Prepare","floor":40},{"not_picked":["FIFO Queue","REME_Whirling+1","Compile Driver","Go for the Eyes+1","Storm","Leap+1"],"picked":"Capacitor+1","floor":41},{"not_picked":["Hologram","MostiFishMod:FluxCapactior","MostiFishMod:PushDownKick","Cold Snap+1","Barrage","ReplaySolidLightProjector","MostiFishMod:IntelligentEquipment"],"picked":"SKIP","floor":41},{"not_picked":["Ball Lightning+1","Skim+1","ReplaySort","REME_DataAnalysis+1","Compile Driver+1","Steam","Barrage"],"picked":"Consume","floor":42},{"not_picked":["Rebound","ReplayTheSpireMod:Calculation Training","ReplayTheSpireMod:Omega Cannon","Lockon+1","Redo+1"],"picked":"Time Bomb+1","floor":47},{"not_picked":["Go for the Eyes","Lockon","Steam","Coolheaded+1","Fusion","ReplayTheSpireMod:System Scan"],"picked":"SKIP","floor":47},{"not_picked":["Compile Driver","Streamline+1","Redo+1","Conserve Battery+1","Loop+1","Rebound+1"],"picked":"SKIP","floor":48},{"not_picked":["Rebound","Coolheaded+1","Streamline","Leap","REME_Shoggoth","Go for the Eyes+1"],"picked":"SKIP","floor":48}],"player_experience":10803,"relics_obtained":[{"floor":1.0,"key":"SynthV:TestCard"},{"floor":3.0,"key":"Torii"},{"floor":6.0,"key":"InkBottle"},{"floor":8.0,"key":"Kunai"},{"floor":9.0,"key":"Question Card"},{"floor":14.0,"key":"REME_HandOfSuture"},{"floor":15.0,"key":"Replay:Towering Pillar of Hats"},{"floor":24,"key":"Ancient Tea Set"},{"floor":26,"key":"Pocketwatch"},{"floor":27,"key":"MealTicket"},{"floor":40,"key":"Girya"},{"floor":42,"key":"Onion Ring"},{"floor":43,"key":"Regal Pillow"},{"floor":45,"key":"Whetstone"},{"floor":49,"key":"Calipers"}],"event_choices":[{"damage_healed":0.0,"max_hp_gain":0.0,"max_hp_loss":0.0,"gold_gain":0.0,"event_name":"Match and Keep!","player_choice":"1 cards matched","floor":5.0,"gold_loss":0.0,"damage_taken":0.0,"cards_obtained":["ReplayTheSpireMod:Trickstab"]},{"damage_healed":0,"gold_gain":0,"player_choice":"Inject Mutagens","damage_taken":0,"relics_obtained":["MutagenicStrength"],"max_hp_gain":0,"max_hp_loss":0,"event_name":"Drug Dealer","floor":19,"gold_loss":0},{"damage_healed":0,"gold_gain":0,"player_choice":"Shed Blood","damage_taken":20,"max_hp_gain":5,"max_hp_loss":0,"event_name":"Forgotten Altar","floor":28,"gold_loss":0},{"damage_healed":21,"gold_gain":0,"player_choice":"Writhe","damage_taken":0,"max_hp_gain":0,"max_hp_loss":0,"event_name":"Winding Halls","floor":36,"gold_loss":0,"cards_obtained":["Writhe"]},{"damage_healed":0,"gold_gain":0,"player_choice":"Memory 1","damage_taken":0,"max_hp_gain":0,"max_hp_loss":0,"event_name":"SensoryStone","floor":39,"gold_loss":0}],"is_beta":false,"boss_relics":[{"not_picked":["SacredBark","ChiXiaoBlade"],"picked":"Replay:Grab Bag"},{"not_picked":["Velvet Choker","Runic Dome"],"picked":"Coffee Dripper"},{"not_picked":["Busted Crown","ChewingGum"],"picked":"Philosopher\u0027s Stone"},{"not_picked":["Runic Pyramid","ShadowXiaoBlade"],"picked":"Inserter"},{"not_picked":["OneHitWonderSystem","TimeKeys"],"picked":"EE1DDrone"}],"items_purged_floors":[7,7,7,7,7,12,25,25,25,25,25,25,25,25,25,25,25,38,38,38],"is_endless":false,"potions_floor_spawned":[4,13,16,20,24,27,40,42,47],"ascension_level":0}}