{"host":"jl3raagrljzztomj","time":1610529419,"event":{"mods":["BaseMod","BetterRewards","Colored Map","Colored Powertips","Custom Start","Hermit","Highlight Path","Minty Spire (QoL Compilation)","Permanent Neow","StSLib","The Runesmith"],"gold_per_floor":[113,113,113,65,80,109,120,120,196,196,146,157,192,204,204,307,307,320,332,332,342,267,267,366,381,381,381,222,239,268,268,268,372,372,386,399,399,399,412,412,422,438,438,438,438,490,0,17,17,17,17],"floor_reached":50,"language":"ENG","playtime":2959,"items_purged":[],"score":472,"play_id":"1d1891f0-aa09-4ad9-a6ac-e7ed8e16e0b1","local_time":"20210113031659","is_ascension_mode":false,"campfire_choices":[{"data":"Darkness","floor":8,"key":"SMITH"},{"data":"Dualcast","floor":10,"key":"SMITH"},{"floor":15,"key":"REST"},{"data":"Blizzard","floor":23,"key":"SMITH"},{"data":"Glacier","floor":27,"key":"SMITH"},{"floor":32,"key":"REST"},{"data":"Conserve Battery","floor":40,"key":"SMITH"},{"data":"Coolheaded","floor":44,"key":"SMITH"},{"floor":49,"key":"REST"}],"circlet_count":0,"master_deck":["Strike_B+1","Strike_B+1","Defend_B","Defend_B","Defend_B","Zap+1","Dualcast+1","Darkness+1","Conserve Battery+1","Glacier+1","Chill","Machine Learning","Blizzard+1","Coolheaded+1","Chill","BootSequence","Machine Learning","Conserve Battery","Machine Learning","Coolheaded+1"],"relics":["Cracked Core","Ancient Tea Set","Kunai","Regal Pillow","SlaversCollar","WingedGreaves","Incense Burner","Sozu","Mummified Hand","Pocketwatch","Red Mask"],"acts_visited":["Exordium","TheCity","TheBeyond"],"potions_floor_usage":[46,46,46],"damage_taken":[{"damage":4,"enemies":"Jaw Worm","floor":1,"turns":4},{"damage":0,"enemies":"Small Slimes","floor":5,"turns":3},{"damage":5,"enemies":"Lagavulin","floor":6,"turns":7},{"damage":0,"enemies":"2 Louse","floor":7,"turns":3},{"damage":5,"enemies":"Blue Slaver","floor":12,"turns":2},{"damage":13,"enemies":"Gremlin Nob","floor":13,"turns":4},{"damage":0,"enemies":"Large Slime","floor":14,"turns":6},{"damage":5,"enemies":"The Guardian","floor":16,"turns":18},{"damage":3,"enemies":"3 Byrds","floor":18,"turns":8},{"damage":8,"enemies":"Spheric Guardian","floor":19,"turns":7},{"damage":3,"enemies":"Snecko","floor":21,"turns":8},{"damage":9,"enemies":"Centurion and Healer","floor":25,"turns":7},{"damage":13,"enemies":"Sentry and Sphere","floor":29,"turns":7},{"damage":5,"enemies":"Gremlin Leader","floor":30,"turns":7},{"damage":1,"enemies":"Champ","floor":33,"turns":14},{"damage":12,"enemies":"3 Darklings","floor":35,"turns":5},{"damage":5,"enemies":"Orb Walker","floor":36,"turns":6},{"damage":0,"enemies":"4 Shapes","floor":39,"turns":7},{"damage":1,"enemies":"3 Darklings","floor":41,"turns":5},{"damage":5,"enemies":"Sphere and 2 Shapes","floor":42,"turns":5},{"damage":51,"enemies":"2 Orb Walkers","floor":46,"turns":7},{"damage":0,"enemies":"Jaw Worm Horde","floor":48,"turns":5},{"damage":75,"enemies":"Time Eater","floor":50,"turns":11}],"seed_played":"4147825242878967945","potions_obtained":[{"floor":7,"key":"SteroidPotion"},{"floor":16,"key":"Regen Potion"},{"floor":21,"key":"Dexterity Potion"},{"floor":33,"key":"BlessingOfTheForge"}],"is_trial":false,"path_per_floor":["M","?","?","$","M","E","M","R","T","R","?","M","E","M","R","B",null,"M","M","?","M","?","R","?","M","T","R","$","M","E","?","R","B",null,"M","M","?","?","M","R","M","M","T","R","$","?","?","M","R","B"],"character_chosen":"DEFECT","items_purchased":["Conserve Battery","Machine Learning"],"campfire_rested":3,"item_purchase_floors":[4,28],"current_hp_per_floor":[71,56,56,56,56,51,51,51,51,51,51,46,33,33,70,65,75,72,64,64,61,61,61,61,52,52,52,52,39,34,34,71,70,75,63,58,58,58,58,58,57,52,52,52,52,15,15,15,52,0,0],"gold":17,"neow_bonus":"THREE_CARDS","is_daily":false,"chose_seed":false,"campfire_upgraded":6,"win_rate":0.0,"timestamp":1610529419,"path_taken":["M","?","?","?","M","E","M","R","T","R","?","M","E","M","R","BOSS","M","M","?","M","?","R","?","M","T","R","$","?","E","?","R","BOSS","M","M","?","?","M","R","M","?","T","R","$","?","?","M","R","BOSS"],"items_purchased_type":["Card","Card"],"build_version":"2020-12-22","purchased_purges":0,"victory":false,"max_hp_per_floor":[75,75,75,75,75,75,75,75,75,75,75,75,75,75,75,75,75,75,75,75,75,75,75,75,75,75,75,75,75,75,75,75,75,75,75,75,75,75,75,75,75,75,75,75,75,75,75,75,75,75,75],"card_choices":[{"not_picked":["Steam","Turbo"],"picked":"Coolheaded","floor":0},{"not_picked":["Gash","Rebound"],"picked":"Darkness","floor":1},{"not_picked":["Sweeping Beam","Steam","Redo"],"picked":"SKIP","floor":5},{"not_picked":["Hyperbeam","Reprogram"],"picked":"Glacier","floor":6},{"not_picked":["Undo","Turbo","Go for the Eyes"],"picked":"SKIP","floor":7},{"not_picked":["Hologram","Steam","Barrage"],"picked":"SKIP","floor":12},{"not_picked":["Skim","Reprogram"],"picked":"Chill","floor":13},{"not_picked":["Hello World","Turbo","Gash"],"picked":"SKIP","floor":14},{"not_picked":["Multi-Cast","Hyperbeam"],"picked":"Machine Learning","floor":16},{"not_picked":["Conserve Battery","Turbo"],"picked":"Blizzard","floor":18},{"not_picked":["Turbo","Self Repair+1"],"picked":"Coolheaded","floor":19},{"not_picked":["Beam Cell","Rebound"],"picked":"Chill","floor":21},{"not_picked":["Steam","Force Field"],"picked":"BootSequence","floor":25},{"not_picked":["Sunder","Beam Cell","Buffer"],"picked":"SKIP","floor":29},{"not_picked":["Leap","Steam"],"picked":"Conserve Battery","floor":30},{"not_picked":["Echo Form","Fission"],"picked":"Machine Learning","floor":33},{"not_picked":["Gash+1","Steam Power+1","Redo"],"picked":"SKIP","floor":35},{"not_picked":["FTL","Ball Lightning","Barrage"],"picked":"SKIP","floor":36},{"not_picked":["Ball Lightning","Doom and Gloom+1","Conserve Battery"],"picked":"SKIP","floor":39},{"not_picked":["Gash","Sunder+1"],"picked":"Coolheaded","floor":41},{"not_picked":["Aggregate+1","Melter+1","Steam Power+1"],"picked":"SKIP","floor":42},{"not_picked":["Turbo","Reboot","Self Repair"],"picked":"SKIP","floor":48}],"player_experience":928765,"relics_obtained":[{"floor":6,"key":"Ancient Tea Set"},{"floor":9,"key":"Kunai"},{"floor":13,"key":"Regal Pillow"},{"floor":26,"key":"WingedGreaves"},{"floor":30,"key":"Incense Burner"},{"floor":43,"key":"Mummified Hand"},{"floor":46,"key":"Pocketwatch"}],"event_choices":[{"damage_healed":0,"gold_gain":0,"player_choice":"Entered Light","damage_taken":15,"max_hp_gain":0,"max_hp_loss":0,"event_name":"Shining Light","floor":2,"gold_loss":0,"cards_upgraded":["Strike_B","Strike_B"]},{"damage_healed":0,"gold_gain":0,"player_choice":"Grow","damage_taken":0,"max_hp_gain":0,"max_hp_loss":0,"event_name":"Living Wall","floor":3,"gold_loss":0,"cards_upgraded":["Zap"]},{"cards_removed":["Strike_B"],"damage_healed":0,"gold_gain":0,"player_choice":"Card Removal","damage_taken":0,"max_hp_gain":0,"max_hp_loss":0,"event_name":"The Cleric","floor":11,"gold_loss":50},{"cards_removed":["Strike_B"],"damage_healed":0,"gold_gain":0,"player_choice":"Elegance","damage_taken":0,"max_hp_gain":0,"max_hp_loss":0,"event_name":"Back to Basics","floor":20,"gold_loss":0},{"cards_removed":["Defend_B"],"damage_healed":0,"gold_gain":0,"player_choice":"Gave Gold","damage_taken":0,"max_hp_gain":0,"max_hp_loss":0,"event_name":"Beggar","floor":22,"gold_loss":75},{"damage_healed":0,"gold_gain":99,"player_choice":"Stole From Cult","damage_taken":0,"max_hp_gain":0,"max_hp_loss":0,"event_name":"Nest","floor":24,"gold_loss":0},{"damage_healed":0,"gold_gain":0,"player_choice":"Ignored","damage_taken":0,"max_hp_gain":0,"max_hp_loss":0,"event_name":"Vampires","floor":31,"gold_loss":0},{"cards_removed":["Coolheaded"],"damage_healed":0,"gold_gain":0,"player_choice":"Removed Skill","damage_taken":0,"max_hp_gain":0,"max_hp_loss":0,"event_name":"Falling","floor":37,"gold_loss":0},{"damage_healed":0,"gold_gain":0,"player_choice":"Upgraded","damage_taken":0,"max_hp_gain":0,"max_hp_loss":0,"event_name":"Upgrade Shrine","floor":38,"gold_loss":0,"cards_upgraded":["Coolheaded"]},{"damage_healed":0,"gold_gain":0,"player_choice":"Fight","damage_taken":0,"max_hp_gain":0,"max_hp_loss":0,"event_name":"Mysterious Sphere","floor":46,"gold_loss":0},{"damage_healed":0,"gold_gain":0,"player_choice":"Paid","damage_taken":0,"relics_obtained":["Red Mask"],"max_hp_gain":0,"max_hp_loss":0,"event_name":"Tomb of Lord Red Mask","floor":47,"gold_loss":490}],"is_beta":false,"boss_relics":[{"not_picked":["Runesmith:UraniumAnvil","Astrolabe"],"picked":"SlaversCollar"},{"not_picked":["Black Star","Tiny House"],"picked":"Sozu"}],"items_purged_floors":[],"is_endless":false,"potions_floor_spawned":[7,16,21,33,36,39,42,46],"killed_by":"Time Eater","ascension_level":0}}