{"host":"97k5lqmr6aaz1p9r","time":1610575407,"event":{"mods":["BaseMod","Colored Map","Downfall","Jorbs\u0027s Wanderer Trilogy","Minty Spire (QoL Compilation)","StSLib"],"gold_per_floor":[99,134,153,164,164,195,195,120,134,8,158,209,209,209,228,330,330,330,341,361,361,461,126,178,210,60,160,160,71,71,102,122,225,225,225,242,261,261,261,290,313,313,323,373,373,473,103,103,117,117,117,146,96,96,96],"floor_reached":56,"language":"ENG","playtime":10152,"items_purged":["Regret","sneckomod:Bewildered","Slimebound:Icky"],"score":1333,"play_id":"0fcfb533-874b-47f0-9e7d-0181214e4b94","local_time":"20210113220327","is_ascension_mode":true,"campfire_choices":[{"data":"sneckomod:SnekBite","floor":1,"key":"SMITH"},{"floor":8,"key":"REST"},{"floor":13,"key":"REST"},{"floor":18,"key":"RECALL"},{"data":"sneckomod:CheapStock","floor":26,"key":"SMITH"},{"data":"sneckomod:UnknownRarePower","floor":28,"key":"SMITH"},{"data":"sneckomod:Unknown3Cost","floor":30,"key":"SMITH"},{"data":"sneckomod:UnknownRareSkill","floor":35,"key":"SMITH"},{"floor":45,"key":"REST"},{"floor":54,"key":"REST"}],"circlet_count":0,"master_deck":["sneckomod:Strike+1","sneckomod:Defend","sneckomod:TailWhip","sneckomod:SnekBite+1","sneckomod:Unknown+1","sneckomod:Unknown","sneckomod:Unknown3Cost+1","sneckomod:QuickMove","sneckomod:WideSting","sneckomod:UnknownVulnerable","sneckomod:UnknownBlock","sneckomod:UnknownRarePower","sneckomod:SoulRoll","sneckomod:MasterEye","sneckomod:MasterEye","sneckomod:UnknownExhaust","sneckomod:UnknownRarePower+1","sneckomod:SerpentIdol+1","sneckomod:UnknownClassCULL_RED_COLOR+1","sneckomod:SnakeSap+1","sneckomod:QuickMove","sneckomod:MorePower","sneckomod:UnknownClassCULL_RED_COLOR","sneckomod:UnknownCommonSkill","Rainbow","expansioncontent:SlimeTackle+1","sneckomod:ImprovisedAttack+1","sneckomod:RainOfDice","sneckomod:CheapStock+1","sneckomod:SlitherStrike","sneckomod:Nope+1","sneckomod:UnknownCommonSkill+1","expansioncontent:Collect","sneckomod:QuickMove+1","sneckomod:UnknownCommonAttack+1","sneckomod:UnknownRareSkill+1","expansioncontent:LastStand","expansioncontent:CaCaw","expansioncontent:Chronoboost","sneckomod:UnknownX+1","sneckomod:Restock","sneckomod:UnknownX+1","sneckomod:ImprovisedGuard+1","sneckomod:UnknownClassPURPLE+1","sneckomod:UnknownDexterity+1","sneckomod:UnknownStrength+1"],"relics":["sneckomod:SneckoSoul","Ice Cream","Question Card","downfall:HeartBlessingGreen","Bronze Scales","downfall:ShatteredFragment","Astrolabe","downfall:GremlinSack","Lee\u0027s Waffle","Juzu Bracelet","Potion Belt","downfall:HeartBlessingRed","downfall:HeartBlessingBlue","Gambling Chip","Singing Bowl","Whetstone","Busted Crown","Sundial","PreservedInsect","Bottled Lightning","StoneCalendar","White Beast Statue","Eternal Feather","Ornamental Fan"],"acts_visited":["Exordium","TheCity","TheBeyond","TheEnding"],"potions_floor_usage":[16,27,31,31,31,32,32,32,44,46,46,50,50,50,50,52,55,55,55,55],"damage_taken":[{"damage":2,"enemies":"2 Louse","floor":2,"turns":2},{"damage":9,"enemies":"Jaw Worm","floor":3,"turns":4},{"damage":0,"enemies":"Cultist","floor":4,"turns":3},{"damage":26,"enemies":"Gremlin Nob","floor":6,"turns":4},{"damage":0,"enemies":"3 Louse","floor":9,"turns":3},{"damage":6,"enemies":"downfall:FleeingMerchant","floor":10,"turns":4},{"damage":25,"enemies":"3 Sentries","floor":12,"turns":7},{"damage":13,"enemies":"Blue Slaver","floor":15,"turns":2},{"damage":3,"enemies":"downfall:Watcher","floor":16,"turns":8},{"damage":10,"enemies":"3 Byrds","floor":19,"turns":3},{"damage":0,"enemies":"Centurion and Healer","floor":20,"turns":3},{"damage":12,"enemies":"Centurion and Healer","floor":22,"turns":4},{"damage":6,"enemies":"downfall:FleeingMerchant","floor":23,"turns":3},{"damage":18,"enemies":"Book of Stabbing","floor":25,"turns":5},{"damage":21,"enemies":"downfall:Ironclad","floor":27,"turns":4},{"damage":22,"enemies":"Gremlin Leader","floor":31,"turns":4},{"damage":0,"enemies":"3 Cultists","floor":32,"turns":4},{"damage":25,"enemies":"downfall:Defect","floor":33,"turns":6},{"damage":15,"enemies":"3 Shapes","floor":36,"turns":5},{"damage":8,"enemies":"Orb Walker","floor":37,"turns":2},{"damage":42,"enemies":"Nemesis","floor":40,"turns":7},{"damage":0,"enemies":"3 Darklings","floor":43,"turns":2},{"damage":30,"enemies":"2 Orb Walkers","floor":44,"turns":4},{"damage":17,"enemies":"downfall:LadyInBlue","floor":46,"turns":6},{"damage":10,"enemies":"Writhing Mass","floor":49,"turns":6},{"damage":17,"enemies":"downfall:Ironclad","floor":50,"turns":9},{"damage":136,"enemies":"downfall:CharBossMerchant","floor":52,"turns":8},{"damage":6,"enemies":"downfall:NeowBoss","floor":55,"turns":18}],"seed_played":"2005028202459929038","potions_obtained":[{"floor":3,"key":"GamblersBrew"},{"floor":9,"key":"SteroidPotion"},{"floor":16,"key":"SpeedPotion"},{"floor":25,"key":"PowerPotion"},{"floor":27,"key":"LiquidMemories"},{"floor":31,"key":"SpeedPotion"},{"floor":32,"key":"Strength Potion"},{"floor":44,"key":"FearPotion"},{"floor":46,"key":"FairyPotion"},{"floor":46,"key":"sneckomod:OffclassReductionPotion"},{"floor":52,"key":"Dexterity Potion"}],"is_trial":false,"path_per_floor":["R","M","M","M","?","E","T","R","M","$","?","E","R","?","M","B",null,"R","M","M","?","?","$","T","E","R","?","R","$","R","E","M","B",null,"R","M","M","?","?","E","T","?","M","?","R","?","$","$","M","B",null,"E","$","R","B",null],"character_chosen":"THE_SNECKO","items_purchased":["sneckomod:MasterEye","sneckomod:CheapStock","sneckomod:SlitherStrike","Lee\u0027s Waffle","Juzu Bracelet","EntropicBrew","expansioncontent:Collect","Eternal Feather","Dexterity Potion"],"campfire_rested":4,"item_purchase_floors":[10,23,23,23,23,23,29,47,53],"current_hp_per_floor":[64,62,53,54,54,29,29,56,57,51,51,26,54,33,21,19,97,97,87,87,87,77,106,106,88,98,80,80,80,80,85,88,64,123,123,110,104,104,94,53,53,53,55,26,65,55,55,55,48,31,137,13,13,82,76],"gold":96,"neow_bonus":"THREE_RARE_CARDS","is_daily":false,"chose_seed":false,"campfire_upgraded":5,"win_rate":0.0,"timestamp":1610575407,"path_taken":["R","M","M","M","?","E","T","R","M","$","?","E","R","?","M","BOSS","R","M","M","?","?","$","T","E","R","?","R","$","R","E","M","BOSS","R","M","M","?","?","E","T","?","M","?","R","?","?","$","M","BOSS","E","$","R","BOSS"],"items_purchased_type":["Card","Card","Card","Relic","Relic","Potion","Card","Relic","Potion"],"build_version":"2020-12-22","purchased_purges":3,"victory":true,"max_hp_per_floor":[91,91,91,92,92,93,93,93,94,94,94,94,94,94,95,96,97,97,97,97,97,99,106,106,106,116,119,119,119,119,119,122,123,123,123,125,127,127,127,128,128,128,130,131,131,134,134,134,137,137,137,140,140,140,140],"card_choices":[{"not_picked":["sneckomod:Transmogrify","sneckomod:Restock"],"picked":"sneckomod:Unknown3Cost","floor":0},{"not_picked":["sneckomod:UnknownWeak","sneckomod:SerpentIdol"],"picked":"sneckomod:QuickMove","floor":2},{"not_picked":["sneckomod:Nope","sneckomod:UnknownClassGREEN"],"picked":"sneckomod:WideSting","floor":3},{"not_picked":["sneckomod:UnknownCommonSkill","sneckomod:Nope"],"picked":"sneckomod:UnknownVulnerable","floor":4},{"not_picked":["sneckomod:QuickBite","sneckomod:Rotation"],"picked":"sneckomod:UnknownBlock","floor":6},{"not_picked":["sneckomod:UnknownVulnerable","sneckomod:UnknownUncommonPower","sneckomod:SoulDraw"],"picked":"sneckomod:UnknownRarePower","floor":9},{"not_picked":["sneckomod:UnknownWeak","sneckomod:WideSting","sneckomod:UnknownClassWANDERER_GRAY_COLOR"],"picked":"sneckomod:SoulRoll","floor":10},{"not_picked":["sneckomod:IronFang","sneckomod:ImprovisedAttack","sneckomod:UnknownClassWANDERER_GRAY_COLOR"],"picked":"sneckomod:MasterEye","floor":12},{"not_picked":["sneckomod:DiceBlock","sneckomod:UnknownCommonAttack","sneckomod:UnknownWeak"],"picked":"sneckomod:UnknownExhaust","floor":15},{"not_picked":["sneckomod:Cheat","sneckomod:Transmogrify","sneckomod:Restock"],"picked":"sneckomod:UnknownRarePower","floor":16},{"not_picked":["sneckomod:UnknownClassRED","sneckomod:SoulRoll","sneckomod:UnknownStrike"],"picked":"sneckomod:QuickMove","floor":19},{"not_picked":["sneckomod:DiceCrush","sneckomod:DiceBlock","sneckomod:QuickBite","sneckomod:WideSting"],"picked":"SKIP","floor":20},{"not_picked":["sneckomod:PureSnecko","sneckomod:UnknownBlock","sneckomod:UnknownClassRED+1"],"picked":"sneckomod:ImprovisedAttack","floor":22},{"not_picked":["sneckomod:UnknownCommonSkill","sneckomod:UnknownRarePower","sneckomod:DiceCrush+1"],"picked":"sneckomod:RainOfDice","floor":23},{"not_picked":["sneckomod:UnknownClassHEXA_GHOST_PURPLE","sneckomod:DiceBoulder","sneckomod:UnknownRarePower"],"picked":"sneckomod:Nope+1","floor":25},{"not_picked":["sneckomod:UnknownRarePower+1","sneckomod:UnknownClassSLIMEBOUND+1","sneckomod:UnknownUncommonPower+1"],"picked":"sneckomod:UnknownCommonSkill+1","floor":27},{"not_picked":["sneckomod:Nope","sneckomod:SoulDraw","sneckomod:SoulRoll","sneckomod:WideSting"],"picked":"Singing Bowl","floor":27},{"not_picked":["sneckomod:DangerNoodle","sneckomod:SerpentIdol","sneckomod:UnknownDexterity"],"picked":"sneckomod:QuickMove+1","floor":31},{"not_picked":["sneckomod:UnknownClassPURPLE+1","sneckomod:UnknownStrike+1","sneckomod:UnknownClassWANDERER_GRAY_COLOR+1"],"picked":"sneckomod:UnknownCommonAttack+1","floor":32},{"not_picked":["sneckomod:UnknownExhaust+1","sneckomod:SnakeSap","sneckomod:UnknownDexterity","sneckomod:UnknownWeak"],"picked":"Singing Bowl","floor":32},{"not_picked":["sneckomod:SoulExchange","sneckomod:DangerNoodle","sneckomod:Transmogrify"],"picked":"sneckomod:UnknownRareSkill","floor":33},{"not_picked":["sneckomod:DiceBlock+1","sneckomod:UnknownUncommonAttack"],"picked":"Singing Bowl","floor":36},{"not_picked":["sneckomod:SoulDraw","sneckomod:Unknown1Cost+1"],"picked":"Singing Bowl","floor":37},{"not_picked":["expansioncontent:Torchfire"],"picked":"expansioncontent:LastStand","floor":39},{"not_picked":["expansioncontent:SuperHexaguard"],"picked":"expansioncontent:CaCaw","floor":39},{"not_picked":["expansioncontent:TimeRipple"],"picked":"expansioncontent:Chronoboost","floor":39},{"not_picked":["sneckomod:UnknownUncommonPower+1"],"picked":"sneckomod:UnknownX+1","floor":40},{"not_picked":["sneckomod:Unknown1Cost"],"picked":"sneckomod:Restock","floor":40},{"not_picked":["sneckomod:SoulDraw","sneckomod:DiceBoulder"],"picked":"Singing Bowl","floor":43},{"not_picked":["sneckomod:UnknownClassGREEN+1"],"picked":"sneckomod:UnknownX+1","floor":44},{"not_picked":["sneckomod:UnknownCommonAttack+1"],"picked":"sneckomod:ImprovisedGuard+1","floor":44},{"not_picked":["sneckomod:UnknownClassGUARDIAN+1"],"picked":"sneckomod:UnknownClassPURPLE+1","floor":46},{"not_picked":["sneckomod:UnknownClassGREEN","sneckomod:UnknownUncommonSkill+1"],"picked":"Singing Bowl","floor":46},{"not_picked":["sneckomod:Unknown1Cost+1"],"picked":"sneckomod:UnknownDexterity+1","floor":49},{"not_picked":["sneckomod:DiceBlock","sneckomod:SoulDraw+1"],"picked":"Singing Bowl","floor":49},{"not_picked":["sneckomod:UnknownBlock+1"],"picked":"sneckomod:UnknownStrength+1","floor":52},{"not_picked":["sneckomod:RainOfDice+1","sneckomod:IronFang"],"picked":"Singing Bowl","floor":52}],"player_experience":658711,"relics_obtained":[{"floor":6,"key":"Ice Cream"},{"floor":7,"key":"Question Card"},{"floor":12,"key":"Bronze Scales"},{"floor":22,"key":"downfall:GremlinSack"},{"floor":25,"key":"Potion Belt"},{"floor":27,"key":"Gambling Chip"},{"floor":27,"key":"Singing Bowl"},{"floor":31,"key":"Whetstone"},{"floor":40,"key":"Sundial"},{"floor":41,"key":"PreservedInsect"},{"floor":42,"key":"Bottled Lightning"},{"floor":44,"key":"StoneCalendar"},{"floor":46,"key":"White Beast Statue"},{"floor":52,"key":"Ornamental Fan"}],"event_choices":[{"damage_healed":0,"gold_gain":0,"player_choice":"Ignored","damage_taken":0,"max_hp_gain":0,"max_hp_loss":0,"event_name":"Vampires","floor":21,"gold_loss":0},{"cards_removed":["sneckomod:Strike"],"damage_healed":0,"gold_gain":0,"player_choice":"Removed Attack","damage_taken":0,"max_hp_gain":0,"max_hp_loss":0,"event_name":"Falling","floor":38,"gold_loss":0},{"damage_healed":0,"gold_gain":0,"player_choice":"Fight","damage_taken":0,"max_hp_gain":0,"max_hp_loss":0,"event_name":"Mysterious Sphere","floor":44,"gold_loss":0}],"is_beta":false,"boss_relics":[{"not_picked":["Empty Cage","downfall:Hecktoplasm"],"picked":"Astrolabe"},{"not_picked":["Fusion Hammer","Pandora\u0027s Box"],"picked":"Busted Crown"}],"items_purged_floors":[10,23,47],"is_endless":false,"potions_floor_spawned":[3,9,16,25,27,31,32,43,44,49,52],"ascension_level":2}}