{"host":"9tdk3zzhmpo6o3dg","time":1610517121,"event":{"mods":["BaseMod","Downfall","Marisa£®ÏF”Í°°ƒß¿Ì…≥£©","Minty Spire (QoL Compilation)","Shop Mod","StSLib","The Cursed","The Servant 0.9.4"],"gold_per_floor":[112,287,300,315,328,328,354,354,428,439,450,11,11,31,31,133,133,146,146,161,175,186,217,217,247,247,247,346,361,389,403,403,506,506,525,137,148,148,114,142,160,160,183,183,214,233,233,233,233,233],"floor_reached":51,"language":"ZHS","playtime":2945,"items_purged":["Defend_B","Defend_B"],"score":869,"play_id":"2643e95d-11d6-4d81-a5e6-31ce9471f897","local_time":"20210113135201","is_ascension_mode":false,"campfire_choices":[{"data":"Apotheosis","floor":6,"key":"SMITH"},{"floor":8,"key":"REST"},{"floor":15,"key":"REST"},{"data":"Storm","floor":24,"key":"SMITH"},{"data":"Storm","floor":32,"key":"SMITH"},{"data":"Storm","floor":42,"key":"SMITH"},{"data":"Aggregate","floor":47,"key":"SMITH"},{"data":"Turbo","floor":49,"key":"SMITH"}],"circlet_count":0,"master_deck":["Defend_B","Defend_B","Zap","Dualcast","Apotheosis+1","Steam","Doubt","Go for the Eyes","Turbo+1","Barrage","Fission","Static Discharge","Storm+1","Storm+1","expansioncontent:DefensiveStance","Sadistic Nature","Hologram","Glacier","Echo Form","Machine Learning+1","Sweeping Beam+1","Chill+1","Self Repair","Ball Lightning","Stack+1","Hologram","Tempest","Steam Power+1","Turbo","Hello World","Electrodynamics","Hologram+1","Self Repair","Capacitor+1","Storm+1","White Noise","Turbo+1","Madness","Madness","Aggregate+1","Machine Learning"],"relics":["Cracked Core","CaptainsWheel","Bottled Flame","Anchor","Astrolabe","MutagenicStrength","HornCleat","Matryoshka","Blood Vial","InkBottle","FossilizedHelix","Inserter","Vajra","Juzu Bracelet","Darkstone Periapt","Ancient Tea Set","Gambling Chip","Letter Opener"],"acts_visited":["Exordium","TheCity","TheBeyond"],"potions_floor_usage":[14,14,14,14,14,14,33,33],"damage_taken":[{"damage":8,"enemies":"Small Slimes","floor":1,"turns":3},{"damage":3,"enemies":"Jaw Worm","floor":3,"turns":4},{"damage":6,"enemies":"2 Louse","floor":4,"turns":2},{"damage":1,"enemies":"Blue Slaver","floor":5,"turns":3},{"damage":13,"enemies":"3 Sentries","floor":7,"turns":7},{"damage":4,"enemies":"2 Fungi Beasts","floor":10,"turns":3},{"damage":9,"enemies":"Red Slaver","floor":11,"turns":3},{"damage":0,"enemies":"Large Slime","floor":14,"turns":3},{"damage":5,"enemies":"Slime Boss","floor":16,"turns":9},{"damage":16,"enemies":"2 Thieves","floor":18,"turns":4},{"damage":5,"enemies":"Spheric Guardian","floor":20,"turns":5},{"damage":6,"enemies":"Chosen and Byrds","floor":21,"turns":5},{"damage":1,"enemies":"Snecko","floor":22,"turns":4},{"damage":43,"enemies":"Slavers","floor":23,"turns":5},{"damage":14,"enemies":"Book of Stabbing","floor":25,"turns":6},{"damage":2,"enemies":"Sentry and Sphere","floor":29,"turns":4},{"damage":9,"enemies":"Slavers","floor":30,"turns":3},{"damage":0,"enemies":"3 Cultists","floor":31,"turns":3},{"damage":18,"enemies":"Automaton","floor":33,"turns":8},{"damage":0,"enemies":"Orb Walker","floor":35,"turns":3},{"damage":0,"enemies":"3 Darklings","floor":37,"turns":3},{"damage":0,"enemies":"Giant Head","floor":40,"turns":6},{"damage":0,"enemies":"Maw","floor":41,"turns":4},{"damage":0,"enemies":"Reptomancer","floor":45,"turns":5},{"damage":0,"enemies":"4 Shapes","floor":46,"turns":3},{"damage":19,"enemies":"Awakened One","floor":50,"turns":7}],"seed_played":"-1503890169518207241","potions_obtained":[{"floor":4,"key":"SpeedPotion"},{"floor":5,"key":"Dexterity Potion"},{"floor":7,"key":"EntropicBrew"},{"floor":18,"key":"Strength Potion"},{"floor":22,"key":"Fire Potion"},{"floor":25,"key":"Dexterity Potion"},{"floor":41,"key":"Explosive Potion"},{"floor":45,"key":"PotionOfCapacity"}],"is_trial":false,"path_per_floor":["M","?","M","M","M","R","E","R","T","M","M","$","?","M","R","B",null,"M","?","M","M","M","E","R","E","T","?","?","M","E","M","R","B",null,"M","$","M","?","$","E","M","R","T","?","E","M","R","T","R","B",null],"character_chosen":"DEFECT","items_purchased":["Storm","expansioncontent:DefensiveStance","Sadistic Nature","Hologram","Self Repair","Vajra","Slimebound:ThreeZeroPotion","Storm"],"campfire_rested":2,"item_purchase_floors":[12,12,12,12,36,36,36,39],"current_hp_per_floor":[46,46,43,37,36,36,23,45,45,41,32,32,7,7,29,24,75,59,59,61,69,75,42,42,35,35,35,35,42,45,57,57,48,75,75,75,75,75,75,75,75,75,75,66,75,75,75,75,75,75],"gold":233,"neow_bonus":"RANDOM_COLORLESS_2","is_daily":false,"chose_seed":false,"campfire_upgraded":6,"win_rate":0.0,"timestamp":1610517121,"path_taken":["M","?","M","M","M","R","E","R","T","M","M","$","?","M","R","BOSS","M","?","M","M","M","E","R","E","T","?","?","M","E","M","R","BOSS","M","$","M","?","$","E","M","R","T","?","E","M","R","?","R","BOSS"],"items_purchased_type":["Card","Card","Card","Card","Card","Relic","Potion","Card"],"build_version":"2020-12-22","purchased_purges":2,"victory":true,"max_hp_per_floor":[75,75,75,75,75,75,75,75,75,75,75,75,75,75,75,75,75,75,75,75,75,75,75,75,75,75,75,75,75,75,75,75,75,75,75,75,75,75,75,75,75,75,75,75,75,75,75,75,75,75],"card_choices":[{"not_picked":["Chrysalis","Transmutation"],"picked":"Apotheosis","floor":0},{"not_picked":["Hologram","Stack"],"picked":"Steam","floor":1},{"not_picked":["Cold Snap","Scrape"],"picked":"Go for the Eyes","floor":3},{"not_picked":["Hologram","Leap"],"picked":"Turbo","floor":4},{"not_picked":["Force Field","Coolheaded"],"picked":"Barrage","floor":5},{"not_picked":["Barrage","Melter"],"picked":"Fission","floor":7},{"not_picked":["BootSequence","Genetic Algorithm"],"picked":"Static Discharge","floor":10},{"not_picked":["Hologram","Compile Driver"],"picked":"Storm","floor":11},{"not_picked":["Chaos","Beam Cell"],"picked":"Glacier","floor":14},{"not_picked":["Thunder Strike","Creative AI"],"picked":"Echo Form","floor":16},{"not_picked":["Double Energy","Leap"],"picked":"Self Repair","floor":18},{"not_picked":["Streamline","Barrage+1"],"picked":"Ball Lightning","floor":20},{"not_picked":["Rip and Tear","Cold Snap"],"picked":"Stack+1","floor":21},{"not_picked":["Fusion","Double Energy"],"picked":"Hologram","floor":22},{"not_picked":["Go for the Eyes+1","Rip and Tear"],"picked":"Sweeping Beam","floor":23},{"not_picked":["Coolheaded","Genetic Algorithm"],"picked":"Tempest","floor":25},{"not_picked":["Multi-Cast","Go for the Eyes"],"picked":"Steam Power+1","floor":29},{"not_picked":["Compile Driver","Blizzard"],"picked":"Turbo","floor":30},{"not_picked":["Hologram+1","Beam Cell"],"picked":"Hello World","floor":31},{"not_picked":["Buffer","Machine Learning"],"picked":"Electrodynamics","floor":33},{"not_picked":["Redo","Cold Snap+1"],"picked":"Hologram+1","floor":35},{"not_picked":["Reprogram","Turbo+1"],"picked":"Capacitor+1","floor":37},{"not_picked":["Sunder","Streamline+1"],"picked":"White Noise","floor":40},{"not_picked":["Fusion","Storm"],"picked":"Turbo+1","floor":41},{"not_picked":["Beam Cell+1","Undo"],"picked":"Aggregate","floor":45},{"not_picked":["Leap","Rebound"],"picked":"Machine Learning","floor":46}],"player_experience":82419,"relics_obtained":[{"floor":7,"key":"CaptainsWheel"},{"floor":9,"key":"Bottled Flame"},{"floor":23,"key":"HornCleat"},{"floor":25,"key":"Matryoshka"},{"floor":26,"key":"Blood Vial"},{"floor":26,"key":"InkBottle"},{"floor":30,"key":"FossilizedHelix"},{"floor":40,"key":"Juzu Bracelet"},{"floor":43,"key":"Darkstone Periapt"},{"floor":43,"key":"Ancient Tea Set"},{"floor":45,"key":"Gambling Chip"},{"floor":48,"key":"Letter Opener"}],"event_choices":[{"damage_healed":0,"gold_gain":175,"player_choice":"AGREE","damage_taken":0,"max_hp_gain":0,"max_hp_loss":0,"event_name":"Liars Game","floor":2,"gold_loss":0,"cards_obtained":["Doubt"]},{"damage_healed":0,"gold_gain":0,"player_choice":"Success","damage_taken":25,"relics_obtained":["Anchor"],"max_hp_gain":0,"max_hp_loss":0,"event_name":"Scrap Ooze","floor":13,"gold_loss":0},{"damage_healed":0,"gold_gain":0,"player_choice":"Inject Mutagens","damage_taken":0,"relics_obtained":["MutagenicStrength"],"max_hp_gain":0,"max_hp_loss":0,"event_name":"Drug Dealer","floor":19,"gold_loss":0},{"cards_removed":["Strike_B"],"damage_healed":0,"gold_gain":0,"player_choice":"Elegance","damage_taken":0,"max_hp_gain":0,"max_hp_loss":0,"event_name":"Back to Basics","floor":27,"gold_loss":0},{"damage_healed":0,"gold_gain":99,"player_choice":"Stole From Cult","damage_taken":0,"max_hp_gain":0,"max_hp_loss":0,"event_name":"Nest","floor":28,"gold_loss":0},{"cards_removed":["Sweeping Beam"],"damage_healed":0,"gold_gain":0,"player_choice":"Removed Attack","damage_taken":0,"max_hp_gain":0,"max_hp_loss":0,"event_name":"Falling","floor":38,"gold_loss":0},{"damage_healed":0,"gold_gain":0,"player_choice":"Embrace Madness","damage_taken":9,"max_hp_gain":0,"max_hp_loss":0,"event_name":"Winding Halls","floor":44,"gold_loss":0,"cards_obtained":["Madness","Madness"]}],"is_beta":false,"boss_relics":[{"not_picked":["Runic Pyramid","SacredBark"],"picked":"Astrolabe"},{"not_picked":["Tiny House","Cursed Key"],"picked":"Inserter"}],"items_purged_floors":[12,36],"is_endless":false,"potions_floor_spawned":[4,5,7,18,22,25,41,45],"ascension_level":0}}