{"host":"um23g10jpdkr4iyw","time":1610520759,"event":{"mods":["AchievementEnabler","BaseMod","Better Third Choice","BetterRewards","Colored Powertips","Highlight Path","Minty Spire (QoL Compilation)","Quick Restart","Rare Cards Sparkle","Replay The Spire","StSLib"],"gold_per_floor":[111,128,143,155,167,199,228,228,228,238,238,269,284,300,300,402,402,416,416,431,450,468,499,510,528,576,491,491,509,526,543,543,640,640,659,704,704,1223,669,669,685,697,697,697,738,738,510,510,510,510,510,510,295,329,329,329],"floor_reached":55,"language":"ENG","playtime":4134,"items_purged":["Havoc"],"score":1266,"play_id":"a3a13005-e8dc-4789-a5a0-bfee37143a89","local_time":"20210112225239","is_ascension_mode":true,"campfire_choices":[{"floor":8,"key":"REST"},{"data":"Pommel Strike","floor":15,"key":"SMITH"},{"floor":28,"key":"REST"},{"floor":32,"key":"REST"},{"floor":40,"key":"REST"},{"floor":44,"key":"REST"},{"floor":49,"key":"RECALL"},{"data":"Entrench","floor":52,"key":"SMITH"}],"circlet_count":0,"master_deck":["Bash","Shrug It Off","Whirlwind","Flex+1","Flex+1","Run Through+1","Wild Strike","Cleave+1","Armaments","Shockwave","Pommel Strike+1","Pommel Strike","Heavy Blade","Sword Boomerang","Cleave","Barricade+1","Impervious+1","Seeing Red","Cleave","Clothesline","Demonic Infusion+1","Sever Soul","Heavy Blade","Ghostly Armor","Combust","Fire Breathing+1","Rampage","Intimidate+1","Entrench+1","ReplayTheSpireMod:LeadingStrike+1","Twin Strike+1","ReplayTheSpireMod:LeadingStrike","ReplayTheSpireMod:Limb From Limb+1","Impervious+1","AbeCurse","Bloodletting+1","ReplayTheSpireMod:Stacked","Languid","Searing Blow","Mayhem+1","Parasite","Limit Break+1","Body Slam+1","Impervious+1","Normality","ReplayTheSpireMod:Stacked+1"],"relics":["Burning Blood","Iron Hammer","Red Skull","Vajra","Golden Egg","Boot","Pocketwatch","WingedGreaves","Replay:Bottled Flurry","Divine Protection","Pandora\u0027s Box","Letter Opener","Dream Catcher","Pet Ghost","Abe\u0027s Treasure","Replay:Kaleidoscope","ReplayTheSpireMod:Ring of Addiction","ReplayTheSpireMod:Ring of Challenge","SacredBark","Toy Ornithopter","Anchor","Paper Frog","ReplayTheSpireMod:Spearhead","Mirror","Champion Belt","ReplayTheSpireMod:Ninjato","Toxic Egg 2","CeramicFish","ReplayTheSpireMod:CursedCoin","Replay:Towering Pillar of Hats","ReplayTheSpireMod:TigerMarble","FossilizedHelix"],"acts_visited":["Exordium","TheCity","TheBeyond","TheEnding"],"potions_floor_usage":[10,16,23,25,31,33,33,38,42,50,55,55],"damage_taken":[{"damage":6,"enemies":"Cultist","floor":1,"turns":3},{"damage":1,"enemies":"Jaw Worm","floor":2,"turns":2},{"damage":0,"enemies":"2 Louse","floor":3,"turns":1},{"damage":3,"enemies":"Looter","floor":4,"turns":2},{"damage":5,"enemies":"2 Fungi Beasts","floor":5,"turns":3},{"damage":32,"enemies":"Gremlin Nob","floor":6,"turns":4},{"damage":10,"enemies":"3 Sentries","floor":7,"turns":3},{"damage":0,"enemies":"Exordium Wildlife","floor":10,"turns":1},{"damage":18,"enemies":"Gremlin Nob","floor":12,"turns":3},{"damage":0,"enemies":"Large Slime","floor":13,"turns":2},{"damage":0,"enemies":"Gremlin Gang","floor":14,"turns":3},{"damage":34,"enemies":"Hexaghost","floor":16,"turns":5},{"damage":0,"enemies":"Spheric Guardian","floor":18,"turns":2},{"damage":4,"enemies":"Chosen","floor":20,"turns":3},{"damage":36,"enemies":"Shelled Parasite and Fungi","floor":21,"turns":4},{"damage":0,"enemies":"3 Cultists","floor":22,"turns":3},{"damage":53,"enemies":"Book of Stabbing","floor":23,"turns":6},{"damage":0,"enemies":"Cultist and Chosen","floor":24,"turns":3},{"damage":6,"enemies":"Centurion and Healer","floor":25,"turns":2},{"damage":5,"enemies":"Chosen and Byrds","floor":29,"turns":3},{"damage":23,"enemies":"Snake Plant","floor":30,"turns":3},{"damage":21,"enemies":"Centurion and Healer","floor":31,"turns":5},{"damage":43,"enemies":"Collector","floor":33,"turns":8},{"damage":0,"enemies":"3 Darklings","floor":35,"turns":2},{"damage":51,"enemies":"2 Orb Walkers","floor":36,"turns":4},{"damage":30,"enemies":"3 Shapes","floor":38,"turns":2},{"damage":0,"enemies":"Writhing Mass","floor":41,"turns":4},{"damage":5,"enemies":"Jaw Worm Horde","floor":42,"turns":2},{"damage":23,"enemies":"Giant Head","floor":45,"turns":7},{"damage":1,"enemies":"Time Eater","floor":50,"turns":7},{"damage":61,"enemies":"Shield and Spear","floor":54,"turns":5},{"damage":71,"enemies":"The Heart","floor":55,"turns":3}],"seed_played":"1217638290043770044","potions_obtained":[{"floor":1,"key":"Swift Potion"},{"floor":5,"key":"ElixirPotion"},{"floor":6,"key":"Energy Potion"},{"floor":10,"key":"Strength Potion"},{"floor":16,"key":"BlessingOfTheForge"},{"floor":20,"key":"Fruit Juice"},{"floor":23,"key":"SneckoOil"},{"floor":29,"key":"DuplicationPotion"},{"floor":30,"key":"BloodPotion"},{"floor":31,"key":"Regen Potion"},{"floor":37,"key":"DistilledChaos"},{"floor":37,"key":"Energy Potion"},{"floor":38,"key":"Explosive Potion"},{"floor":41,"key":"Fire Potion"},{"floor":42,"key":"SneckoOil"}],"is_trial":false,"path_per_floor":["M","M","M","M","M","E","E","R","T","M","?","E","M","M","R","B",null,"M","?","M","M","M","E","M","M","T","?","R","M","M","M","R","B",null,"M","?","?","M","$","R","M","M","T","R","E","?","$","?","R","B",null,"R","$","E","B"],"character_chosen":"IRONCLAD","items_purchased":["Shrug It Off","Iron Hammer","Red Skull","Vajra","Whirlwind","Golden Egg","Boot","Flex","Run Through","ReplayTheSpireMod:Ninjato","Mayhem","ReplayTheSpireMod:CursedCoin","Replay:Towering Pillar of Hats","LiquidBronze","ReplayTheSpireMod:TigerMarble","ReplayTheSpireMod:Stacked+1"],"campfire_rested":5,"item_purchase_floors":[0,0,0,0,0,0,0,0,0,39,39,47,47,47,53,53],"current_hp_per_floor":[80,80,80,80,80,54,50,74,74,80,80,68,74,80,80,52,80,80,80,80,50,56,14,20,20,20,20,45,46,29,31,56,34,85,85,40,40,21,21,46,52,58,58,82,65,65,65,65,65,75,79,79,79,22,0,0],"gold":329,"neow_bonus":"","is_daily":false,"chose_seed":false,"campfire_upgraded":2,"win_rate":0.0,"timestamp":1610520759,"path_taken":["M","M","M","M","M","E","E","R","T","M","?","E","M","M","R","BOSS","M","?","M","M","M","E","M","M","T","?","R","?","M","M","R","BOSS","M","?","?","M","$","R","M","M","T","R","E","?","$","?","R","BOSS","R","$","E","BOSS"],"items_purchased_type":["Card","Relic","Relic","Relic","Card","Relic","Relic","Card","Card","Relic","Card","Relic","Relic","Potion","Relic","Card"],"build_version":"2020-12-22","purchased_purges":1,"victory":false,"max_hp_per_floor":[80,80,80,80,80,80,80,80,80,80,80,80,80,80,80,80,80,80,80,80,80,80,85,85,85,85,85,85,85,85,85,85,85,85,85,85,85,85,85,85,85,83,83,83,83,81,81,81,79,79,79,79,79,77,77,77],"card_choices":[{"not_picked":["Flex","Shrug It Off"],"picked":"Wild Strike","floor":1},{"not_picked":["True Grit","Metallicize"],"picked":"Cleave","floor":2},{"not_picked":["Clothesline","Reckless Charge","Eclipse"],"picked":"SKIP","floor":3},{"not_picked":["Sword Boomerang","ReplayTheSpireMod:Muscle Training"],"picked":"Armaments","floor":4},{"not_picked":["Sword Boomerang","Second Wind"],"picked":"Shockwave","floor":5},{"not_picked":["Entrench","Wild Strike"],"picked":"Pommel Strike","floor":6},{"not_picked":["Eclipse","ReplayReversal"],"picked":"Pommel Strike","floor":7},{"not_picked":["Defy Death","ReplayTheSpireMod:Strike From Hell"],"picked":"Heavy Blade","floor":10},{"not_picked":["Flex","Body Slam"],"picked":"Sword Boomerang","floor":12},{"not_picked":["Heavy Blade","Sword Boomerang"],"picked":"Cleave","floor":13},{"not_picked":["Hemokinesis","Replay:Undeath\u0027s Touch"],"picked":"Barricade","floor":14},{"not_picked":["Exhume","Barricade"],"picked":"Impervious","floor":16},{"not_picked":["Pommel Strike","Life Link"],"picked":"Fire Breathing+1","floor":18},{"not_picked":["Massacre","Dual Wield"],"picked":"Rampage","floor":20},{"not_picked":["Iron Wave","Second Wind"],"picked":"Intimidate+1","floor":21},{"not_picked":["Clothesline","Life Link","Armaments+1"],"picked":"SKIP","floor":22},{"not_picked":["Intimidate","ReplayTheSpireMod:Muscle Training","Iron Wave"],"picked":"SKIP","floor":23},{"not_picked":["Carnage","Iron Wave"],"picked":"Entrench","floor":24},{"not_picked":["Armaments","Thunderclap"],"picked":"ReplayTheSpireMod:LeadingStrike+1","floor":25},{"not_picked":["Thunderclap+1","Pommel Strike"],"picked":"Twin Strike+1","floor":29},{"not_picked":["Pommel Strike","Limit Break"],"picked":"ReplayTheSpireMod:LeadingStrike","floor":30},{"not_picked":["Carnage","Feel No Pain"],"picked":"Combust","floor":31},{"not_picked":["Thunderclap","ReplayTheSpireMod:Strike From Hell"],"picked":"ReplayTheSpireMod:Limb From Limb+1","floor":32},{"not_picked":["Demonic Infusion","Limit Break"],"picked":"Impervious","floor":33},{"not_picked":["Havoc+1","Cleave+1"],"picked":"Bloodletting+1","floor":35},{"not_picked":["Iron Wave+1","Twin Strike"],"picked":"ReplayTheSpireMod:Stacked","floor":36},{"not_picked":["Flex+1","Anger"],"picked":"Searing Blow","floor":38},{"not_picked":["ReplayTheSpireMod:Muscle Training+1","True Grit+1"],"picked":"Limit Break","floor":41},{"not_picked":["Warcry","Clash+1","Pommel Strike+1"],"picked":"SKIP","floor":42},{"not_picked":["Heavy Blade","Perfected Strike"],"picked":"Body Slam+1","floor":44},{"not_picked":["Havoc+1","Replay:Many Hands+1"],"picked":"Impervious+1","floor":45},{"not_picked":["Bloodletting+1","Metallicize","ReplayTheSpireMod:Strike From Hell"],"picked":"SKIP","floor":54}],"player_experience":140436,"relics_obtained":[{"floor":6,"key":"WingedGreaves"},{"floor":7,"key":"Replay:Bottled Flurry"},{"floor":12,"key":"Divine Protection"},{"floor":23,"key":"Letter Opener"},{"floor":26,"key":"Dream Catcher"},{"floor":36,"key":"Replay:Kaleidoscope"},{"floor":37,"key":"ReplayTheSpireMod:Ring of Addiction"},{"floor":37,"key":"ReplayTheSpireMod:Ring of Challenge"},{"floor":37,"key":"SacredBark"},{"floor":37,"key":"Toy Ornithopter"},{"floor":38,"key":"Anchor"},{"floor":38,"key":"Paper Frog"},{"floor":38,"key":"ReplayTheSpireMod:Spearhead"},{"floor":38,"key":"Mirror"},{"floor":38,"key":"Champion Belt"},{"floor":43,"key":"Toxic Egg 2"},{"floor":45,"key":"CeramicFish"},{"floor":54,"key":"FossilizedHelix"}],"event_choices":[{"damage_healed":0,"gold_gain":0,"player_choice":"Ignored","damage_taken":0,"max_hp_gain":0,"max_hp_loss":0,"event_name":"Vampires","floor":19,"gold_loss":0},{"damage_healed":0,"gold_gain":0,"player_choice":"Obtained Relic","damage_taken":0,"relics_obtained":["Pet Ghost"],"max_hp_gain":0,"max_hp_loss":0,"event_name":"Addict","floor":27,"gold_loss":85},{"damage_healed":0,"gold_gain":0,"player_choice":"Fight","damage_taken":0,"max_hp_gain":0,"max_hp_loss":0,"event_name":"Mysterious Sphere","floor":36,"gold_loss":0},{"damage_healed":0,"gold_gain":0,"player_choice":"Ignored","damage_taken":0,"max_hp_gain":0,"max_hp_loss":0,"event_name":"Tomb of Lord Red Mask","floor":46,"gold_loss":0},{"cards_removed":["Combust"],"damage_healed":0,"gold_gain":0,"player_choice":"Removed Power","damage_taken":0,"max_hp_gain":0,"max_hp_loss":0,"event_name":"Falling","floor":48,"gold_loss":0}],"is_beta":false,"boss_relics":[{"not_picked":["ReplayTheSpireMod:DimensionalGlitch","Replay:Wanted Poster"],"picked":"Pandora\u0027s Box"},{"not_picked":["Black Star","Honey Jar"],"picked":"Abe\u0027s Treasure"}],"items_purged_floors":[39],"is_endless":false,"potions_floor_spawned":[1,5,6,10,16,20,22,23,29,30,31,38,41,42],"killed_by":"The Heart","ascension_level":4}}