{"host":"c2tmbcdsrrrc0yvf","time":1610520907,"event":{"mods":["AchievementEnabler","BaseMod","BetterRewards","Colored Map","DeckTracker","Minty Spire (QoL Compilation)","Quick Restart","Rare Cards Sparkle","StSLib","SuperFastMode"],"gold_per_floor":[114,189,204,99999,100014,100014,100029,100044,100044,100044,99419,99434,99449,99464,99464,99564,99564,99564,99178,99178,98678,98678,98678,98678,98678,98678,98678,98678,98678,98678,98678,98678,98678,98678,98678,98678,98678,97978,97978,97978,97978,97978,97978,97978,97978,97978,97978,97978,97978,97978],"floor_reached":51,"language":"KOR","playtime":1586,"items_purged":["Parasite","Parasite","Defend_P","Strike_P"],"score":987,"play_id":"df849ded-458b-4f65-921c-8c7906c92781","local_time":"20210113155507","daily_mods":["Cursed Run","Vintage","Lethality"],"is_ascension_mode":false,"campfire_choices":[{"data":"Eruption","floor":6.0,"key":"SMITH"},{"floor":10.0,"key":"REST"},{"data":"Strike_P","floor":15.0,"key":"SMITH"},{"data":"MentalFortress","floor":25.0,"key":"SMITH"},{"data":"Strike_P","floor":27.0,"key":"SMITH"},{"data":"Strike_P","floor":32,"key":"SMITH"},{"data":"Vigilance","floor":41,"key":"SMITH"},{"data":"Defend_P","floor":46,"key":"SMITH"},{"floor":49,"key":"REST"}],"circlet_count":0,"master_deck":["Strike_P+1","Strike_P+1","Strike_P+1","Defend_P+1","Defend_P+1","Eruption+1","Vigilance+1","MentalFortress+1","Clumsy","Injury","Adaptation","Parasite"],"relics":["Cursed Key","Darkstone Periapt","Du-Vu Doll","Pen Nib","Happy Flower","PreservedInsect","Potion Belt","Meat on the Bone","White Beast Statue","Regal Pillow","Eternal Feather","ClockworkSouvenir","Orichalcum","Question Card","Smiling Mask","Ectoplasm","War Paint","Oddly Smooth Stone","Damaru","Blue Candle","Strawberry","FossilizedHelix","Pantograph","Blood Vial","CeramicFish","Gremlin Horn","Centennial Puzzle","Bronze Scales","Juzu Bracelet","Black Star","Dream Catcher","TeardropLocket","Chemical X","Mummified Hand","InkBottle","Bag of Marbles","Ginger","Akabeko","Toxic Egg 2","Old Coin","The Courier"],"acts_visited":["Exordium","TheCity","TheBeyond"],"potions_floor_usage":[50,50,50,50,50,50,50,50,50,50],"damage_taken":[{"damage":0.0,"enemies":"Cultist","floor":1.0,"turns":2.0},{"damage":0.0,"enemies":"Jaw Worm","floor":3.0,"turns":2.0},{"damage":0.0,"enemies":"2 Louse","floor":5.0,"turns":1.0},{"damage":0.0,"enemies":"Exordium Thugs","floor":7.0,"turns":2.0},{"damage":8.0,"enemies":"Exordium Wildlife","floor":8.0,"turns":3.0},{"damage":0.0,"enemies":"Looter","floor":12.0,"turns":1.0},{"damage":0.0,"enemies":"Large Slime","floor":13.0,"turns":3.0},{"damage":3.0,"enemies":"Red Slaver","floor":14.0,"turns":2.0},{"damage":70.0,"enemies":"Slime Boss","floor":16.0,"turns":12.0},{"damage":23.0,"enemies":"Shell Parasite","floor":18.0,"turns":5.0},{"damage":0.0,"enemies":"Spheric Guardian","floor":20.0,"turns":2.0},{"damage":0.0,"enemies":"Snecko","floor":22.0,"turns":3.0},{"damage":22.0,"enemies":"Slavers","floor":23.0,"turns":3.0},{"damage":25.0,"enemies":"Snake Plant","floor":24.0,"turns":3.0},{"damage":0.0,"enemies":"Centurion and Healer","floor":28.0,"turns":3.0},{"damage":0.0,"enemies":"Snecko","floor":29.0,"turns":2.0},{"damage":12,"enemies":"Gremlin Leader","floor":30,"turns":3},{"damage":21,"enemies":"Collector","floor":33,"turns":5},{"damage":13,"enemies":"Orb Walker","floor":35,"turns":4},{"damage":50,"enemies":"Reptomancer","floor":40,"turns":3},{"damage":7,"enemies":"2 Orb Walkers","floor":42,"turns":3},{"damage":2,"enemies":"Giant Head","floor":44,"turns":6},{"damage":46,"enemies":"Mind Bloom Boss Battle","floor":45,"turns":3},{"damage":0,"enemies":"3 Darklings","floor":48,"turns":3},{"damage":14,"enemies":"Donu and Deca","floor":50,"turns":4}],"seed_played":"-4624312993155624390","potions_obtained":[{"floor":3.0,"key":"Ambrosia"},{"floor":5.0,"key":"Fire Potion"},{"floor":7.0,"key":"LiquidBronze"},{"floor":12.0,"key":"PowerPotion"},{"floor":13.0,"key":"Block Potion"},{"floor":18.0,"key":"Ancient Potion"},{"floor":20.0,"key":"BlessingOfTheForge"},{"floor":22.0,"key":"EssenceOfSteel"},{"floor":37,"key":"EssenceOfSteel"},{"floor":37,"key":"EntropicBrew"}],"is_trial":false,"path_per_floor":["M","?","M","?","M","R","M","M","T","R","$","M","M","M","R","B",null,"M","$","M","$","M","E","M","R","T","R","M","M","E","?","R","B",null,"M","?","?","$","?","E","R","?","T","E","?","R","?","M","R","B",null],"character_chosen":"WATCHER","items_purchased":["Regal Pillow","Eternal Feather","ClockworkSouvenir","Oddly Smooth Stone","Damaru","MentalFortress","Strawberry","FossilizedHelix","TeardropLocket","Chemical X","Mummified Hand"],"campfire_rested":2,"item_purchase_floors":[11,11,11,19,19,19,21,21,38,38,38],"current_hp_per_floor":[72,61,61,61,61,61,61,53,59,78,75,75,75,72,75,23,81,99991,78,78,85,85,63,85,85,91,91,91,91,79,61,67,81,102,89,89,89,89,89,53,59,97,103,101,57,63,63,65,103,95],"gold":97978,"neow_bonus":"","is_daily":true,"chose_seed":false,"campfire_upgraded":7,"win_rate":0.0,"timestamp":1610520907,"path_taken":["M","?","M","?","M","R","M","M","T","R","$","M","M","M","R","BOSS","M","$","M","$","M","E","M","R","T","R","M","M","E","?","R","BOSS","M","?","?","$","?","E","R","?","T","E","?","R","?","M","R","BOSS"],"items_purchased_type":["Relic","Relic","Relic","Relic","Relic","Card","Relic","Relic","Relic","Relic","Relic"],"build_version":"2020-12-22","purchased_purges":4,"victory":true,"max_hp_per_floor":[72,72,72,72,72,72,72,72,78,78,75,75,75,75,75,81,81,81,78,78,85,85,85,85,85,91,91,91,91,91,96,96,102,102,102,102,102,102,97,97,97,97,103,103,103,103,103,103,103,109],"card_choices":[{"not_picked":["LikeWater","EmptyMind","SashWhip+1","Collect"],"picked":"SKIP","floor":23.0},{"not_picked":["JustLucky","Protect","FearNoEvil","EmptyBody"],"picked":"SKIP","floor":30},{"not_picked":["EmptyBody+1","JustLucky+1","CutThroughFate","Weave+1"],"picked":"SKIP","floor":40},{"not_picked":["Prostrate+1","SashWhip","Swivel+1","Establishment"],"picked":"SKIP","floor":44},{"not_picked":["JustLucky+1","FlyingSleeves+1","ThirdEye+1"],"picked":"Adaptation","floor":49}],"player_experience":170938,"relics_obtained":[{"floor":1.0,"key":"Pen Nib"},{"floor":3.0,"key":"Happy Flower"},{"floor":5.0,"key":"PreservedInsect"},{"floor":7.0,"key":"Potion Belt"},{"floor":8.0,"key":"Meat on the Bone"},{"floor":9.0,"key":"White Beast Statue"},{"floor":12.0,"key":"Orichalcum"},{"floor":13.0,"key":"Question Card"},{"floor":14.0,"key":"Smiling Mask"},{"floor":18.0,"key":"War Paint"},{"floor":20.0,"key":"Blue Candle"},{"floor":22.0,"key":"Pantograph"},{"floor":23.0,"key":"Blood Vial"},{"floor":24.0,"key":"CeramicFish"},{"floor":26.0,"key":"Gremlin Horn"},{"floor":28.0,"key":"Centennial Puzzle"},{"floor":29.0,"key":"Bronze Scales"},{"floor":30,"key":"Juzu Bracelet"},{"floor":35,"key":"Dream Catcher"},{"floor":40,"key":"InkBottle"},{"floor":40,"key":"Bag of Marbles"},{"floor":42,"key":"Ginger"},{"floor":43,"key":"Akabeko"},{"floor":44,"key":"Toxic Egg 2"},{"floor":45,"key":"Old Coin"},{"floor":48,"key":"The Courier"}],"event_choices":[{"damage_healed":0.0,"max_hp_gain":0.0,"max_hp_loss":0.0,"gold_gain":75.0,"event_name":"World of Goop","player_choice":"Gather Gold","floor":2.0,"gold_loss":0.0,"damage_taken":11.0},{"damage_healed":0.0,"max_hp_gain":0.0,"max_hp_loss":0.0,"gold_gain":0.0,"event_name":"Golden Idol","player_choice":"Ignored","floor":4.0,"gold_loss":0.0,"damage_taken":0.0},{"damage_healed":0,"gold_gain":0,"player_choice":"Shed Blood","damage_taken":23,"max_hp_gain":5,"max_hp_loss":0,"event_name":"Forgotten Altar","floor":31,"gold_loss":0},{"cards_removed":["Defend_P"],"damage_healed":0,"gold_gain":0,"player_choice":"Removed Skill","damage_taken":0,"max_hp_gain":0,"max_hp_loss":0,"event_name":"Falling","floor":36,"gold_loss":0},{"damage_healed":0,"gold_gain":0,"player_choice":"Got Potions","damage_taken":0,"max_hp_gain":0,"max_hp_loss":0,"event_name":"Lab","floor":37,"gold_loss":0},{"damage_healed":0,"gold_gain":0,"player_choice":"Max HP","damage_taken":0,"max_hp_gain":0,"max_hp_loss":5,"event_name":"Winding Halls","floor":39,"gold_loss":0},{"damage_healed":0,"gold_gain":0,"player_choice":"Fight","damage_taken":0,"max_hp_gain":0,"max_hp_loss":0,"event_name":"Mysterious Sphere","floor":42,"gold_loss":0},{"damage_healed":0,"gold_gain":0,"player_choice":"Fight","damage_taken":0,"max_hp_gain":0,"max_hp_loss":0,"event_name":"MindBloom","floor":45,"gold_loss":0},{"cards_removed":["Doubt"],"damage_healed":0,"gold_gain":0,"player_choice":"Purged","damage_taken":0,"max_hp_gain":0,"max_hp_loss":0,"event_name":"Purifier","floor":47,"gold_loss":0}],"is_beta":false,"boss_relics":[{"not_picked":["SacredBark","Empty Cage"],"picked":"Ectoplasm"},{"not_picked":["Tiny House","Velvet Choker"],"picked":"Black Star"}],"items_purged_floors":[11,19,21,38],"is_endless":false,"potions_floor_spawned":[3,5,7,12,13,14,16,18,20,22,23,24,28,29,30,33,35,40,42,44,45,48],"ascension_level":0}}