{"host":"pf47v7h0307523iy","time":1610557081,"event":{"mods":["BaseMod","Minty Spire (QoL Compilation)"],"gold_per_floor":[116,126,14,32,46,46,65,96,96,107,107,125,125,145,145,222,222,241,241,241,272,272,301,369,369,369,369,383,400,400,413,413,487,487,499,721,734,748,765,765,791,791,791,791,804,804,804],"floor_reached":46,"language":"ENG","playtime":4038,"items_purged":[],"score":1056,"play_id":"0eb71c0b-ca96-4b90-93d6-84fa5fbff473","local_time":"20210113185801","is_ascension_mode":true,"campfire_choices":[{"data":"Corruption","floor":6,"key":"SMITH"},{"data":"Dark Embrace","floor":11,"key":"SMITH"},{"data":"Feel No Pain","floor":13,"key":"SMITH"},{"data":"Bash","floor":15,"key":"SMITH"},{"data":"Berserk","floor":27,"key":"SMITH"},{"data":"Shockwave","floor":30,"key":"SMITH"},{"data":"True Grit","floor":32,"key":"SMITH"},{"data":"Flame Barrier","floor":40,"key":"SMITH"}],"circlet_count":0,"master_deck":["AscendersBane","Strike_R","Strike_R","Strike_R","Strike_R","Defend_R","Defend_R","Defend_R","Bash+1","Twin Strike","Pommel Strike","Feel No Pain+1","True Grit+1","Corruption+1","Dark Embrace+1","Dropkick","Shockwave+1","Warcry","Shrug It Off","Berserk+1","Flame Barrier+1","Necronomicurse","Evolve","Shrug It Off","Rage+1","Disarm","Feel No Pain","True Grit+1","Impervious","Dual Wield+1","Sentinel","Dual Wield","Dark Shackles","Finesse"],"relics":["Burning Blood","Toy Ornithopter","InkBottle","Mark of Pain","Necronomicon","Red Mask","White Beast Statue","Shuriken","Bottled Lightning","Philosopher\u0027s Stone","Eternal Feather"],"acts_visited":["Exordium","TheCity","TheBeyond"],"potions_floor_usage":[8,8,16,21,25,29,31,35,38,39,39,41,41,44,45,46],"damage_taken":[{"damage":1,"enemies":"Cultist","floor":1,"turns":3},{"damage":16,"enemies":"Jaw Worm","floor":2,"turns":4},{"damage":0,"enemies":"2 Louse","floor":4,"turns":3},{"damage":7,"enemies":"Large Slime","floor":5,"turns":4},{"damage":24,"enemies":"Red Slaver","floor":7,"turns":6},{"damage":4,"enemies":"Lagavulin","floor":8,"turns":7},{"damage":5,"enemies":"Looter","floor":10,"turns":3},{"damage":7,"enemies":"2 Fungi Beasts","floor":12,"turns":3},{"damage":9,"enemies":"Exordium Wildlife","floor":14,"turns":5},{"damage":31,"enemies":"The Guardian","floor":16,"turns":10},{"damage":12,"enemies":"Shell Parasite","floor":18,"turns":5},{"damage":23,"enemies":"Masked Bandits","floor":21,"turns":5},{"damage":0,"enemies":"Book of Stabbing","floor":23,"turns":4},{"damage":0,"enemies":"Spheric Guardian","floor":25,"turns":3},{"damage":9,"enemies":"Snake Plant","floor":28,"turns":5},{"damage":15,"enemies":"Cultist and Chosen","floor":29,"turns":7},{"damage":0,"enemies":"Snecko","floor":31,"turns":7},{"damage":5,"enemies":"Collector","floor":33,"turns":9},{"damage":0,"enemies":"Orb Walker","floor":35,"turns":3},{"damage":8,"enemies":"3 Darklings","floor":37,"turns":5},{"damage":0,"enemies":"4 Shapes","floor":38,"turns":6},{"damage":38,"enemies":"Transient","floor":39,"turns":6},{"damage":6,"enemies":"Nemesis","floor":41,"turns":7},{"damage":0,"enemies":"3 Darklings","floor":44,"turns":1},{"damage":11,"enemies":"Spire Growth","floor":45,"turns":5},{"damage":90,"enemies":"Reptomancer","floor":46,"turns":3}],"seed_played":"6273117658581501516","potions_obtained":[{"floor":1,"key":"Strength Potion"},{"floor":2,"key":"SkillPotion"},{"floor":14,"key":"ElixirPotion"},{"floor":16,"key":"SmokeBomb"},{"floor":18,"key":"ColorlessPotion"},{"floor":28,"key":"DuplicationPotion"},{"floor":29,"key":"SneckoOil"},{"floor":31,"key":"SkillPotion"},{"floor":33,"key":"DuplicationPotion"},{"floor":35,"key":"PowerPotion"},{"floor":37,"key":"LiquidMemories"},{"floor":38,"key":"SkillPotion"},{"floor":39,"key":"EntropicBrew"},{"floor":41,"key":"SmokeBomb"},{"floor":45,"key":"Regen Potion"}],"is_trial":false,"path_per_floor":["M","M","$","M","M","R","M","E","T","M","R","M","R","M","R","B",null,"M","?","?","?","?","E","T","M","T","R","M","M","R","M","R","B",null,"M","?","M","M","M","R","E","?","T","M","M","E"],"character_chosen":"IRONCLAD","items_purchased":["Feel No Pain","True Grit"],"campfire_rested":0,"item_purchase_floors":[3,3],"current_hp_per_floor":[55,45,45,51,50,50,32,34,34,35,35,34,34,31,31,11,59,53,32,32,20,20,26,26,37,37,37,34,30,30,41,41,42,67,75,75,73,75,48,48,58,48,48,59,59,0,0],"gold":804,"neow_bonus":"REMOVE_TWO","is_daily":false,"chose_seed":false,"campfire_upgraded":8,"win_rate":0.0,"timestamp":1610557081,"path_taken":["M","M","$","M","?","R","M","E","T","M","R","M","R","M","R","BOSS","M","?","?","?","?","E","?","M","T","R","?","M","R","M","R","BOSS","M","?","M","M","M","R","E","?","T","M","M","E"],"items_purchased_type":["Card","Card"],"build_version":"2020-12-22","purchased_purges":0,"victory":false,"max_hp_per_floor":[75,75,75,75,75,75,75,75,75,75,75,75,75,75,75,75,75,75,75,75,75,75,75,75,75,75,75,75,75,75,75,75,75,75,75,75,75,75,75,75,75,75,75,75,75,75,75],"card_choices":[{"not_picked":["Inflame","Infernal Blade"],"picked":"Twin Strike","floor":1},{"not_picked":["Rampage","Headbutt"],"picked":"Pommel Strike","floor":2},{"not_picked":["Pommel Strike","Pummel"],"picked":"Corruption","floor":4},{"not_picked":["Cleave","Perfected Strike"],"picked":"Dark Embrace","floor":5},{"not_picked":["Pommel Strike","Heavy Blade"],"picked":"Dropkick","floor":7},{"not_picked":["Armaments","Warcry"],"picked":"Shockwave","floor":8},{"not_picked":["Clothesline","Thunderclap","Combust"],"picked":"SKIP","floor":10},{"not_picked":["Armaments","Pommel Strike"],"picked":"Warcry","floor":12},{"not_picked":["Armaments","Twin Strike"],"picked":"Shrug It Off","floor":14},{"not_picked":["Demon Form","Feed"],"picked":"Berserk","floor":16},{"not_picked":["Body Slam+1","Anger"],"picked":"Flame Barrier","floor":18},{"not_picked":["Headbutt","Twin Strike"],"picked":"Evolve","floor":21},{"not_picked":["Pommel Strike","Blood for Blood"],"picked":"Rage+1","floor":23},{"not_picked":["Whirlwind","Battle Trance"],"picked":"Disarm","floor":28},{"not_picked":["Sword Boomerang","Second Wind"],"picked":"Feel No Pain","floor":29},{"not_picked":["Twin Strike","Thunderclap"],"picked":"True Grit+1","floor":31},{"not_picked":["Brutality","Feed"],"picked":"Impervious","floor":33},{"not_picked":["Twin Strike+1","Rage"],"picked":"Dual Wield+1","floor":35},{"not_picked":["Blood for Blood","Pommel Strike"],"picked":"Sentinel","floor":37},{"not_picked":["Whirlwind","Evolve"],"picked":"Dual Wield","floor":38},{"not_picked":["Rage","Clash","Cleave"],"picked":"SKIP","floor":39},{"not_picked":["Flex","Twin Strike","Clothesline"],"picked":"SKIP","floor":41},{"not_picked":["Panache","Forethought"],"picked":"Dark Shackles","floor":42},{"not_picked":["Madness","Secret Weapon"],"picked":"Finesse","floor":42},{"not_picked":["Infernal Blade+1","Entrench+1","Blood for Blood"],"picked":"SKIP","floor":45},{"not_picked":["Infernal Blade+1","Entrench+1","Blood for Blood"],"picked":"SKIP","floor":45}],"player_experience":1634043,"relics_obtained":[{"floor":8,"key":"Toy Ornithopter"},{"floor":9,"key":"InkBottle"},{"floor":19,"key":"Necronomicon"},{"floor":21,"key":"Red Mask"},{"floor":23,"key":"White Beast Statue"},{"floor":24,"key":"Shuriken"},{"floor":26,"key":"Bottled Lightning"},{"floor":41,"key":"Eternal Feather"}],"event_choices":[{"damage_healed":0,"gold_gain":0,"player_choice":"Obtained Book","damage_taken":21,"max_hp_gain":0,"max_hp_loss":0,"event_name":"Cursed Tome","floor":19,"gold_loss":0},{"damage_healed":0,"gold_gain":0,"player_choice":"Ignored","damage_taken":0,"max_hp_gain":0,"max_hp_loss":0,"event_name":"The Mausoleum","floor":20,"gold_loss":0},{"damage_healed":0,"gold_gain":0,"player_choice":"Fought Bandits","damage_taken":0,"max_hp_gain":0,"max_hp_loss":0,"event_name":"Masked Bandits","floor":21,"gold_loss":0},{"damage_healed":0,"gold_gain":0,"player_choice":"Read","damage_taken":0,"max_hp_gain":0,"max_hp_loss":0,"event_name":"The Library","floor":22,"gold_loss":0,"cards_obtained":["Shrug It Off"]},{"damage_healed":0,"gold_gain":222,"player_choice":"Wore Mask","damage_taken":0,"max_hp_gain":0,"max_hp_loss":0,"event_name":"Tomb of Lord Red Mask","floor":36,"gold_loss":0},{"damage_healed":0,"gold_gain":0,"player_choice":"Memory 3","damage_taken":10,"max_hp_gain":0,"max_hp_loss":0,"event_name":"SensoryStone","floor":42,"gold_loss":0}],"is_beta":false,"boss_relics":[{"not_picked":["Empty Cage","Cursed Key"],"picked":"Mark of Pain"},{"not_picked":["SlaversCollar","Sozu"],"picked":"Philosopher\u0027s Stone"}],"items_purged_floors":[],"is_endless":false,"potions_floor_spawned":[1,2,4,14,16,18,25,28,29,31,33,35,37,38,39,41,44,45],"killed_by":"Reptomancer","ascension_level":20}}