{"host":"6azrrw3tf7wb0f4b","time":1610546803,"event":{"mods":["BaseMod","DeckTracker","Minty Spire (QoL Compilation)","SuperFastMode"],"gold_per_floor":[214,229,242,255,255,255,290,290,290,307,14,14,14,26,26,123,123,142,322,342,257,5,34,34,34,34,134,134,148,148,27,27,132,132,151,251,263,276,327,327,327,277,300,300,300],"floor_reached":44,"language":"KOR","playtime":2671,"items_purged":["Strike_P","Defend_P","Parasite","Writhe"],"score":703,"play_id":"33ba0324-f04a-4918-a181-9506c6aeee9f","local_time":"20210113230643","is_ascension_mode":true,"campfire_choices":[{"data":"LikeWater","floor":6.0,"key":"SMITH"},{"data":"FlurryOfBlows","floor":8.0,"key":"SMITH"},{"data":"DeusExMachina","floor":13.0,"key":"SMITH"},{"data":"MentalFortress","floor":15.0,"key":"SMITH"},{"floor":25.0,"key":"REST"},{"floor":28,"key":"REST"},{"data":"BattleHymn","floor":30,"key":"SMITH"},{"data":"EmptyBody","floor":32,"key":"SMITH"},{"data":"FlurryOfBlows","floor":40,"key":"SMITH"}],"circlet_count":0,"master_deck":["AscendersBane","Strike_P+1","Strike_P+1","Defend_P","Eruption+1","Vigilance","LikeWater+1","EmptyBody+1","BattleHymn+1","FlurryOfBlows+1","EmptyFist","DeusExMachina+1","MentalFortress+1","WheelKick","SignatureMove+1","Wallop+1","TalkToTheHand+1","FlurryOfBlows+1","Shame"],"relics":["PureWater","MealTicket","Eternal Feather","Whetstone","Bottled Flame","Cursed Key","Gambling Chip","Medical Kit","Smiling Mask","Calipers","CloakClasp","StrikeDummy","Astrolabe","Bird Faced Urn","Centennial Puzzle"],"acts_visited":["Exordium","TheCity","TheBeyond"],"potions_floor_usage":[33],"damage_taken":[{"damage":6.0,"enemies":"Cultist","floor":1.0,"turns":6.0},{"damage":0.0,"enemies":"Jaw Worm","floor":2.0,"turns":3.0},{"damage":0.0,"enemies":"2 Louse","floor":3.0,"turns":2.0},{"damage":0.0,"enemies":"Large Slime","floor":4.0,"turns":4.0},{"damage":13.0,"enemies":"3 Sentries","floor":7.0,"turns":8.0},{"damage":0.0,"enemies":"Looter","floor":10.0,"turns":4.0},{"damage":1.0,"enemies":"2 Fungi Beasts","floor":14.0,"turns":3.0},{"damage":34.0,"enemies":"Hexaghost","floor":16.0,"turns":7.0},{"damage":4.0,"enemies":"Shell Parasite","floor":18.0,"turns":4.0},{"damage":19.0,"enemies":"Chosen","floor":20.0,"turns":7.0},{"damage":8.0,"enemies":"Book of Stabbing","floor":23.0,"turns":4.0},{"damage":32,"enemies":"Colosseum Slavers","floor":27,"turns":6},{"damage":19,"enemies":"Colosseum Nobs","floor":27,"turns":5},{"damage":2,"enemies":"Centurion and Healer","floor":29,"turns":6},{"damage":25,"enemies":"Collector","floor":33,"turns":7},{"damage":0,"enemies":"3 Shapes","floor":35,"turns":5},{"damage":0,"enemies":"Orb Walker","floor":37,"turns":3},{"damage":21,"enemies":"Transient","floor":38,"turns":5},{"damage":0,"enemies":"2 Orb Walkers","floor":39,"turns":3},{"damage":0,"enemies":"Nemesis","floor":44,"turns":2}],"seed_played":"-7970804783903189537","potions_obtained":[{"floor":1.0,"key":"Block Potion"},{"floor":3.0,"key":"FearPotion"},{"floor":4.0,"key":"SkillPotion"},{"floor":16.0,"key":"BlessingOfTheForge"},{"floor":27,"key":"Energy Potion"},{"floor":29,"key":"Strength Potion"},{"floor":35,"key":"Ancient Potion"}],"is_trial":false,"path_per_floor":["M","M","M","M","?","R","E","R","T","M","$","T","R","M","R","B",null,"M","?","M","?","$","E","?","R","T","?","R","M","R","$","R","B",null,"M","?","M","M","?","R","?","$","T","E"],"character_chosen":"WATCHER","items_purchased":["MentalFortress","Whetstone","Medical Kit","WheelKick"],"campfire_rested":2,"item_purchase_floors":[11,11,22,31],"current_hp_per_floor":[59,59,59,59,59,59,46,46,46,46,61,61,70,69,72,38,64,60,41,22,22,37,29,29,59,59,8,38,36,45,60,69,44,63,63,63,63,42,42,51,68,69,69,69,69],"gold":300,"neow_bonus":"HUNDRED_GOLD","is_daily":false,"chose_seed":false,"campfire_upgraded":7,"win_rate":0.0,"timestamp":1610546803,"path_taken":["M","?","M","M","?","R","E","R","T","?","$","?","R","M","R","BOSS","M","?","?","?","$","E","?","R","T","?","R","M","R","$","R","BOSS","M","?","?","M","?","R","?","$","T","E"],"items_purchased_type":["Card","Relic","Relic","Card"],"build_version":"2020-12-22","purchased_purges":4,"victory":false,"max_hp_per_floor":[72,72,72,72,72,72,72,72,72,72,72,72,72,72,72,72,72,72,72,72,72,72,72,72,72,72,72,72,72,72,69,69,69,69,69,69,69,69,69,69,69,69,69,69,69],"card_choices":[{"not_picked":["Tantrum","Meditate"],"picked":"LikeWater","floor":1.0},{"not_picked":["WreathOfFlame","Consecrate"],"picked":"EmptyBody","floor":2.0},{"not_picked":["EmptyBody","Sanctity"],"picked":"BattleHymn","floor":3.0},{"not_picked":["ThirdEye","Pray"],"picked":"FlurryOfBlows","floor":4.0},{"not_picked":["Nirvana","Consecrate"],"picked":"EmptyFist","floor":7.0},{"not_picked":["FollowUp","CrushJoints"],"picked":"DeusExMachina","floor":10.0},{"not_picked":["SashWhip","FollowUp","FlyingSleeves"],"picked":"SKIP","floor":14.0},{"not_picked":["LikeWater","Prostrate","SashWhip"],"picked":"SKIP","floor":18.0},{"not_picked":["Indignation","CutThroughFate","SashWhip"],"picked":"SKIP","floor":20.0},{"not_picked":["Worship","ThirdEye","Perseverance"],"picked":"SKIP","floor":23.0},{"not_picked":["SandsOfTime+1","Consecrate","FollowUp+1"],"picked":"SKIP","floor":29},{"not_picked":["FollowUp","CrushJoints"],"picked":"FlurryOfBlows","floor":35},{"not_picked":["InnerPeace","FlurryOfBlows","CutThroughFate"],"picked":"SKIP","floor":37},{"not_picked":["ReachHeaven","Crescendo","WaveOfTheHand"],"picked":"SKIP","floor":38}],"player_experience":703486,"relics_obtained":[{"floor":7.0,"key":"MealTicket"},{"floor":9.0,"key":"Eternal Feather"},{"floor":12.0,"key":"Bottled Flame"},{"floor":23.0,"key":"Smiling Mask"},{"floor":26.0,"key":"Calipers"},{"floor":27,"key":"CloakClasp"},{"floor":27,"key":"StrikeDummy"},{"floor":39,"key":"Bird Faced Urn"},{"floor":43,"key":"Centennial Puzzle"}],"event_choices":[{"damage_healed":0.0,"max_hp_gain":0.0,"max_hp_loss":0.0,"gold_gain":0.0,"event_name":"Accursed Blacksmith","player_choice":"Forge","floor":5.0,"gold_loss":0.0,"damage_taken":0.0,"cards_upgraded":["Eruption"]},{"damage_healed":0.0,"max_hp_gain":0.0,"max_hp_loss":0.0,"gold_gain":180.0,"event_name":"Knowing Skull","player_choice":"GOLD GOLD ","floor":19.0,"potions_obtained":[],"gold_loss":0.0,"damage_taken":19.0,"cards_obtained":[]},{"damage_healed":0.0,"max_hp_gain":0.0,"max_hp_loss":0.0,"gold_gain":0.0,"event_name":"Addict","player_choice":"Obtained Relic","floor":21.0,"gold_loss":85.0,"damage_taken":0.0,"relics_obtained":["Gambling Chip"]},{"damage_healed":0.0,"max_hp_gain":0.0,"max_hp_loss":0.0,"gold_gain":0.0,"event_name":"Vampires","player_choice":"Ignored","floor":24.0,"gold_loss":0.0,"damage_taken":0.0},{"damage_healed":0,"gold_gain":0,"player_choice":"Fight","damage_taken":0,"max_hp_gain":0,"max_hp_loss":0,"event_name":"Colosseum","floor":27,"gold_loss":0},{"damage_healed":0,"gold_gain":0,"player_choice":"Fought Nobs","damage_taken":0,"max_hp_gain":0,"max_hp_loss":0,"event_name":"Colosseum","floor":27,"gold_loss":0},{"damage_healed":0,"gold_gain":100,"player_choice":"Pray","damage_taken":0,"max_hp_gain":0,"max_hp_loss":0,"event_name":"Golden Shrine","floor":36,"gold_loss":0},{"damage_healed":0,"gold_gain":0,"player_choice":"Fight","damage_taken":0,"max_hp_gain":0,"max_hp_loss":0,"event_name":"Mysterious Sphere","floor":39,"gold_loss":0},{"damage_healed":17,"gold_gain":0,"player_choice":"Writhe","damage_taken":0,"max_hp_gain":0,"max_hp_loss":0,"event_name":"Winding Halls","floor":41,"gold_loss":0,"cards_obtained":["Writhe"]}],"is_beta":false,"boss_relics":[{"not_picked":["HolyWater","SacredBark"],"picked":"Cursed Key"},{"not_picked":["Philosopher\u0027s Stone","Tiny House"],"picked":"Astrolabe"}],"items_purged_floors":[11,22,31,42],"is_endless":false,"potions_floor_spawned":[1,3,4,16,27,27,29,35,37],"killed_by":"Nemesis","ascension_level":12}}