{"host":"06x7ibqulglyn97c","time":1610520372,"event":{"mods":["AchievementEnabler","BaseMod","Dark Map","Duelist Mod","Googly Eyes","Minty Spire (QoL Compilation)","Pikachu Mod","Rare Cards Sparkle","Relic Sorter","Relic Stats","StSLib","The Awakened One except there are too many feathers","The Wild Card"],"gold_per_floor":[143,198,52,68,0,29,42,99,99,99,99,51,62,62,62,159,159,179,179,104,104,119,119,119,119,119,119,136,161,161,174,174,275,275,290,290,144,144,164,164,190,190,190,47,70,116,131,131,131,131,131],"floor_reached":50,"language":"ENG","playtime":3943,"items_purged":[],"score":607,"play_id":"2cf258dd-c1aa-42c9-acfa-311480dfd386","local_time":"20210113064612","is_ascension_mode":false,"campfire_choices":[{"data":"theDuelist:SmashingGround","floor":10,"key":"SMITH"},{"data":"theDuelist:CoralDragon","floor":15,"key":"SMITH"},{"data":"theDuelist:VoidOgreDragon","floor":23,"key":"SMITH"},{"data":"theDuelist:SmashingGround","floor":30,"key":"SMITH"},{"floor":32,"key":"REST"},{"data":"theDuelist:MoltenDestruction","floor":40,"key":"SMITH"},{"floor":49,"key":"REST"}],"circlet_count":0,"master_deck":["theDuelist:CastleWalls","theDuelist:Sparks","theDuelist:VoidOgreDragon+1","theDuelist:CaveDragon","theDuelist:BarrelDragon","theDuelist:LesserDragon","theDuelist:CastleWalls","theDuelist:SmashingGround+1","theDuelist:CaveDragon","theDuelist:MoltenDestruction+1","Apotheosis+1","theDuelist:CoralDragon+1","theDuelist:Sparks","theDuelist:SmashingGround+1","theDuelist:YamataDragon","theDuelist:BabyDragon","theDuelist:BusterDrake","theDuelist:BabyDragon+1","theDuelist:LesserDragon"],"relics":["theDuelist:MillenniumPuzzle","theDuelist:MarkExxod","theDuelist:CardPoolBasicRelic","theDuelist:CardPoolRelic","theDuelist:BoosterPackPoolRelic","theDuelist:CardPoolAddRelic","theDuelist:CardPoolMinusRelic","theDuelist:CardPoolSaveRelic","theDuelist:CardPoolOptionsRelic","theDuelist:DuelistLetterOpener","theDuelist:WhiteBowlRelic","theDuelist:DragonRelicC","FossilizedHelix","Philosopher\u0027s Stone","Enchiridion","Juzu Bracelet","theDuelist:ElectricToken","StrikeDummy","Molten Egg 2","Sundial","Oddly Smooth Stone","Centennial Puzzle","Torii","Unceasing Top","theDuelist:DragonRelicB"],"acts_visited":["Exordium","TheCity","TheBeyond"],"potions_floor_usage":[4,22,22,22,29,47],"damage_taken":[{"damage":0,"enemies":"2 Louse","floor":1,"turns":1},{"damage":1,"enemies":"Small Slimes","floor":4,"turns":3},{"damage":5,"enemies":"3 Sentries","floor":6,"turns":6},{"damage":0,"enemies":"Cultist","floor":7,"turns":3},{"damage":10,"enemies":"Lagavulin Event","floor":8,"turns":6},{"damage":3,"enemies":"3 Louse","floor":13,"turns":4},{"damage":26,"enemies":"Hexaghost","floor":16,"turns":8},{"damage":0,"enemies":"Spheric Guardian","floor":18,"turns":3},{"damage":0,"enemies":"3 Byrds","floor":22,"turns":6},{"damage":9,"enemies":"Centurion and Healer","floor":28,"turns":5},{"damage":0,"enemies":"theDuelist:KaibaA2","floor":29,"turns":4},{"damage":15,"enemies":"Chosen and Byrds","floor":31,"turns":6},{"damage":70,"enemies":"Automaton","floor":33,"turns":9},{"damage":0,"enemies":"3 Shapes","floor":35,"turns":4},{"damage":5,"enemies":"3 Darklings","floor":39,"turns":4},{"damage":77,"enemies":"Giant Head","floor":41,"turns":8},{"damage":0,"enemies":"Giant Head","floor":46,"turns":6},{"damage":0,"enemies":"4 Shapes","floor":47,"turns":3},{"damage":48,"enemies":"Donu and Deca","floor":50,"turns":4}],"seed_played":"8775350673323336955","potions_obtained":[{"floor":8,"key":"AttackPotion"},{"floor":11,"key":"theDuelist:DragonSoulPotion"},{"floor":11,"key":"theDuelist:CoolBottle"},{"floor":28,"key":"theDuelist:FlamingBottle"},{"floor":46,"key":"Fire Potion"}],"is_trial":false,"path_per_floor":["M","?","$","M","?","E","M","?","T","R","?","$","M","?","R","B",null,"M","?","?","?","M","R","?","?","T","$","M","E","R","M","R","B",null,"M","?","$","?","M","R","E","?","T","$","T","?","M","?","R","B"],"character_chosen":"THE_DUELIST","items_purchased":["theDuelist:CoralDragon","theDuelist:DestructPotionPotB","theDuelist:MoltenDestruction","theDuelist:MarkExxod","Oddly Smooth Stone"],"campfire_rested":2,"item_purchase_floors":[3,3,12,37,44],"current_hp_per_floor":[88,88,88,87,87,82,82,72,72,72,72,72,69,69,69,43,88,88,88,88,88,88,88,72,72,72,72,63,63,63,48,74,4,88,88,84,94,94,89,89,12,12,12,12,12,12,12,12,40,0,0],"gold":131,"neow_bonus":"TEN_PERCENT_HP_BONUS","is_daily":false,"chose_seed":false,"campfire_upgraded":5,"win_rate":0.0,"timestamp":1610520372,"path_taken":["M","?","$","M","?","E","M","?","T","R","?","$","?","?","R","BOSS","M","?","?","?","M","R","?","?","T","?","M","E","R","M","R","BOSS","M","?","$","?","M","R","E","?","T","?","?","?","M","?","R","BOSS"],"items_purchased_type":["Card","Potion","Card","Relic","Relic"],"build_version":"2020-12-22","purchased_purges":0,"victory":false,"max_hp_per_floor":[88,88,88,88,88,88,88,88,88,88,88,88,88,88,88,88,88,88,88,88,88,88,88,88,88,88,88,88,88,88,88,88,88,88,88,84,94,94,94,94,94,94,94,94,94,94,94,94,94,94,94],"relic_stats":{"Centennial Puzzle":[3],"Torii":0,"counters":[19,93],"Sundial":[2],"Juzu Bracelet":2,"obtain_stats":[{"Torii":46,"Enchiridion":24,"Juzu Bracelet":25,"theDuelist:MillenniumPuzzle":0,"theDuelist:DragonRelicB":46,"theDuelist:DragonRelicC":8,"theDuelist:BoosterPackPoolRelic":0,"Centennial Puzzle":45,"theDuelist:DuelistLetterOpener":4,"theDuelist:ElectricToken":26,"Sundial":43,"Philosopher\u0027s Stone":17,"theDuelist:CardPoolAddRelic":0,"theDuelist:CardPoolOptionsRelic":0,"theDuelist:CardPoolRelic":0,"Oddly Smooth Stone":44,"theDuelist:CardPoolSaveRelic":0,"theDuelist:MarkExxod":37,"theDuelist:WhiteBowlRelic":6,"theDuelist:CardPoolMinusRelic":0,"theDuelist:CardPoolBasicRelic":0,"Molten Egg 2":41,"theDuelist:MillenniumKey":34,"StrikeDummy":29,"FossilizedHelix":9,"Unceasing Top":46},{"Torii":17,"Enchiridion":9,"Juzu Bracelet":9,"theDuelist:MillenniumPuzzle":0,"theDuelist:DragonRelicB":17,"theDuelist:DragonRelicC":5,"theDuelist:BoosterPackPoolRelic":0,"Centennial Puzzle":16,"theDuelist:DuelistLetterOpener":2,"theDuelist:ElectricToken":9,"Sundial":16,"Philosopher\u0027s Stone":7,"theDuelist:CardPoolAddRelic":0,"theDuelist:CardPoolOptionsRelic":0,"theDuelist:CardPoolRelic":0,"Oddly Smooth Stone":16,"theDuelist:CardPoolSaveRelic":0,"theDuelist:MarkExxod":14,"theDuelist:WhiteBowlRelic":3,"theDuelist:CardPoolMinusRelic":0,"theDuelist:CardPoolBasicRelic":0,"Molten Egg 2":16,"theDuelist:MillenniumKey":13,"StrikeDummy":11,"FossilizedHelix":5,"Unceasing Top":17},{"Torii":86,"Enchiridion":40,"Juzu Bracelet":40,"theDuelist:MillenniumPuzzle":0,"theDuelist:DragonRelicB":86,"theDuelist:DragonRelicC":19,"theDuelist:BoosterPackPoolRelic":0,"Centennial Puzzle":80,"theDuelist:DuelistLetterOpener":3,"theDuelist:ElectricToken":40,"Sundial":80,"Philosopher\u0027s Stone":31,"theDuelist:CardPoolAddRelic":0,"theDuelist:CardPoolOptionsRelic":0,"theDuelist:CardPoolRelic":0,"Oddly Smooth Stone":80,"theDuelist:CardPoolSaveRelic":0,"theDuelist:MarkExxod":68,"theDuelist:WhiteBowlRelic":10,"theDuelist:CardPoolMinusRelic":0,"theDuelist:CardPoolBasicRelic":0,"Molten Egg 2":80,"theDuelist:MillenniumKey":64,"StrikeDummy":49,"FossilizedHelix":19,"Unceasing Top":86}],"Unceasing Top":[0]},"card_choices":[{"not_picked":["theDuelist:BlackPtera","theDuelist:SnowDragon","theDuelist:MoltenDestruction","theDuelist:SphereChaos"],"picked":"theDuelist:BusterDrake","floor":1},{"not_picked":["theDuelist:MadFlameKaiju","theDuelist:GiantRex","theDuelist:TrihornedDragon","theDuelist:MadSwordBeast"],"picked":"theDuelist:BarrelDragon","floor":4},{"not_picked":["theDuelist:BattleguardKing","theDuelist:BigFire","theDuelist:Hinotama","theDuelist:Raigeki"],"picked":"theDuelist:SmashingGround","floor":6},{"not_picked":["theDuelist:RainbowOverdragon","theDuelist:MagicalStone","theDuelist:HaneHane","theDuelist:FeatherPho","theDuelist:BattleguardKing"],"picked":"SKIP","floor":7},{"not_picked":["theDuelist:Hinotama","theDuelist:StrayLambs","theDuelist:OrbMetronome","theDuelist:ForbiddenLance"],"picked":"theDuelist:YellowBelliedOni","floor":8},{"not_picked":["theDuelist:MirageDragon","theDuelist:SphereChaos","theDuelist:SilverDragon","theDuelist:Duoterion","theDuelist:MetalDragon"],"picked":"SKIP","floor":13},{"not_picked":["theDuelist:SeismicShockwave","theDuelist:Scapegoat","theDuelist:Lancephorhynchus","theDuelist:ChimeratechOverdragon"],"picked":"theDuelist:VoidOgreDragon","floor":16},{"not_picked":["theDuelist:LesserDragon+1","theDuelist:Duoterion","theDuelist:TwinHeadedFire","theDuelist:DefenseZone","theDuelist:SnowDragon+1"],"picked":"SKIP","floor":18},{"not_picked":["theDuelist:BattleguardKing+1","theDuelist:Hinotama+1","theDuelist:LightningDarts","theDuelist:RainbowOverdragon"],"picked":"theDuelist:SmashingGround","floor":22},{"not_picked":["Dramatic Entrance","Enlightenment","PanicButton"],"picked":"Apotheosis+1","floor":28},{"not_picked":["theDuelist:BigFire","theDuelist:Hinotama","theDuelist:GreenGraveOni","theDuelist:RedMedicine+1","theDuelist:HarpieFeather"],"picked":"SKIP","floor":29},{"not_picked":["theDuelist:LightningDarts","theDuelist:HarpieFeather","theDuelist:BigKoala","theDuelist:StrayLambs","theDuelist:BigEye"],"picked":"SKIP","floor":31},{"not_picked":["theDuelist:BattleguardKing+1","theDuelist:MagicalStone","theDuelist:Jinzo+1","theDuelist:Hinotama+2","theDuelist:BigEye"],"picked":"SKIP","floor":35},{"not_picked":["theDuelist:SurvivalFittest","theDuelist:DoomkaiserDragon","theDuelist:BerserkScales","theDuelist:ArmedProtectorDragon","theDuelist:GravityLash+1"],"picked":"SKIP","floor":39},{"not_picked":["theDuelist:GravityLash+1","theDuelist:RedHeadedOni+1","theDuelist:RedEyes+1","theDuelist:WhiteNightDragon+1","theDuelist:Lancephorhynchus+1"],"picked":"SKIP","floor":41},{"not_picked":["theDuelist:Earthquake+1","theDuelist:SnowDragon","theDuelist:DarkHorus+1","theDuelist:MoltenDestruction+1","theDuelist:CyberValley+1"],"picked":"SKIP","floor":47}],"player_experience":655048,"relics_obtained":[{"floor":6,"key":"theDuelist:WhiteBowlRelic"},{"floor":8,"key":"theDuelist:DragonRelicC"},{"floor":9,"key":"FossilizedHelix"},{"floor":24,"key":"Enchiridion"},{"floor":26,"key":"theDuelist:ElectricToken"},{"floor":29,"key":"StrikeDummy"},{"floor":41,"key":"Molten Egg 2"},{"floor":43,"key":"Sundial"},{"floor":45,"key":"Centennial Puzzle"},{"floor":46,"key":"Torii"},{"floor":46,"key":"Unceasing Top"},{"floor":46,"key":"theDuelist:DragonRelicB"}],"event_choices":[{"damage_healed":0,"gold_gain":55,"player_choice":"Gained Gold","damage_taken":0,"max_hp_gain":0,"max_hp_loss":0,"event_name":"Golden Wing","floor":2,"gold_loss":0},{"damage_healed":0,"gold_gain":0,"player_choice":"Purchased Baby Dragon for 68 Gold.","duelist":true,"damage_taken":0,"max_hp_gain":0,"max_hp_loss":0,"event_name":"Card Trader","floor":5,"gold_loss":0},{"damage_healed":0,"gold_gain":0,"player_choice":"Searched \u00271\u0027 times","damage_taken":0,"max_hp_gain":0,"max_hp_loss":0,"event_name":"Dead Adventurer","floor":8,"gold_loss":0},{"damage_healed":0,"gold_gain":0,"player_choice":"Got Potions","damage_taken":0,"max_hp_gain":0,"max_hp_loss":0,"event_name":"Lab","floor":11,"gold_loss":0},{"damage_healed":0,"gold_gain":0,"player_choice":"Leave","duelist":true,"damage_taken":0,"max_hp_gain":0,"max_hp_loss":0,"event_name":"Egyptian Village","floor":14,"gold_loss":0},{"damage_healed":0,"gold_gain":0,"player_choice":"Ignored","damage_taken":0,"max_hp_gain":0,"max_hp_loss":0,"event_name":"Vampires","floor":19,"gold_loss":0},{"cards_removed":["theDuelist:YellowBelliedOni"],"damage_healed":0,"gold_gain":0,"player_choice":"Gave Gold","damage_taken":0,"max_hp_gain":0,"max_hp_loss":0,"event_name":"Beggar","floor":20,"gold_loss":75},{"total_magic_score":66,"gold_gain":0,"duelist":true,"damage_taken":0,"relics_obtained":[],"points":3,"max_hp_gain":0,"max_hp_loss":0,"spent_points":{"magic":0,"greed":0,"war":0,"power":0,"hunger":0},"event_name":"Nameless Tomb","floor":21,"gold_loss":0,"cards_obtained":[]},{"damage_healed":0,"gold_gain":0,"player_choice":"Obtained Book","damage_taken":16,"max_hp_gain":0,"max_hp_loss":0,"event_name":"Cursed Tome","floor":24,"gold_loss":0},{"damage_healed":0,"gold_gain":0,"player_choice":"Opened","damage_taken":0,"relics_obtained":["Juzu Bracelet"],"max_hp_gain":0,"max_hp_loss":0,"event_name":"The Mausoleum","floor":25,"gold_loss":0},{"damage_healed":0,"gold_gain":0,"player_choice":"Max HP","damage_taken":0,"max_hp_gain":0,"max_hp_loss":4,"event_name":"Winding Halls","floor":36,"gold_loss":0},{"damage_healed":0,"gold_gain":0,"player_choice":"Scored: 262","duelist":true,"damage_taken":0,"max_hp_gain":0,"max_hp_loss":0,"event_name":"Visit from Anubis","floor":38,"gold_loss":0},{"damage_healed":0,"gold_gain":0,"player_choice":"Upgraded","damage_taken":0,"max_hp_gain":0,"max_hp_loss":0,"event_name":"Upgrade Shrine","floor":42,"gold_loss":0,"cards_upgraded":["theDuelist:BabyDragon"]},{"damage_healed":0,"gold_gain":0,"player_choice":"Fight","duelist":true,"damage_taken":0,"max_hp_gain":0,"max_hp_loss":0,"event_name":"Battle City","floor":46,"gold_loss":0},{"damage_healed":0,"gold_gain":0,"player_choice":"Leave","duelist":true,"damage_taken":0,"max_hp_gain":0,"max_hp_loss":0,"event_name":"Relic Duplicator","floor":48,"gold_loss":0}],"is_beta":false,"boss_relics":[{"not_picked":["theDuelist:GamblerChip","theDuelist:HauntedRelic"],"picked":"Philosopher\u0027s Stone"},{"not_picked":["Tiny House","Runic Dome"],"picked":"theDuelist:MillenniumKey"}],"items_purged_floors":[],"is_endless":false,"potions_floor_spawned":[8,28,33,46],"killed_by":"Donu and Deca","ascension_level":0}}