{"host":"2se5dq1do2gp0x9k","time":1610506801,"event":{"mods":["AchievementEnabler","BaseMod","Block Reminder","Colored Map","Colored Powertips","Minty Spire (QoL Compilation)","Relic Stats","StSLib","SuperFastMode"],"gold_per_floor":[16,31,6,6,81,81,99,133,133,133,166,131,131,187,187,264,264,276,150,150,169,183,183,218,218,241,241,256,206,96,128,128,200,200,210,223,223,243,60,87,87,101,101,101,118,156,156,200,200,200],"floor_reached":51,"language":"ENG","playtime":1911,"items_purged":["WindmillStrike","BattleHymn"],"score":1535,"play_id":"b3f14db5-3952-41ef-844a-368d0d7c93db","local_time":"20210112190001","is_ascension_mode":true,"campfire_choices":[{"data":"FollowUp","floor":6.0,"key":"SMITH"},{"floor":10.0,"key":"REST"},{"data":"Weave","floor":13.0,"key":"SMITH"},{"data":"Eruption","floor":15.0,"key":"SMITH"},{"data":"Prostrate","floor":23.0,"key":"SMITH"},{"data":"Vault","floor":25.0,"key":"SMITH"},{"data":"ForeignInfluence","floor":27.0,"key":"SMITH"},{"data":"TalkToTheHand","floor":32.0,"key":"SMITH"},{"data":"Scrawl","floor":44.0,"key":"SMITH"},{"floor":47.0,"key":"RECALL"},{"floor":49.0,"key":"REST"}],"circlet_count":0,"master_deck":["AscendersBane","Eruption+1","Vigilance","FollowUp+1","Nirvana","ThirdEye+1","EmptyFist","JustLucky+1","Brilliance","Weave+1","Consecrate","Vault+1","EmptyFist","ForeignInfluence+1","Sanctity","Vengeance","FlyingSleeves","TalkToTheHand+1","Prostrate+1","Ghostly+1","Ghostly","Ghostly+1","Prostrate+1","TalkToTheHand","Weave","Prostrate","Brilliance","CutThroughFate","Wallop","CutThroughFate","Wallop","Scrawl+1","Nirvana","JustLucky","Scrawl"],"relics":["PureWater","HornCleat","Yang","Bag of Marbles","Boot","Pandora\u0027s Box","PreservedInsect","Damaru","Cursed Key","Nunchaku","CeramicFish","War Paint"],"acts_visited":["Exordium","TheCity","TheBeyond"],"potions_floor_usage":[50],"damage_taken":[{"damage":0.0,"enemies":"Small Slimes","floor":1.0,"turns":3.0},{"damage":2.0,"enemies":"Jaw Worm","floor":2.0,"turns":2.0},{"damage":3.0,"enemies":"2 Louse","floor":7.0,"turns":3.0},{"damage":32.0,"enemies":"Lagavulin","floor":8.0,"turns":7.0},{"damage":5.0,"enemies":"3 Sentries","floor":11.0,"turns":10.0},{"damage":19.0,"enemies":"Lagavulin Event","floor":14.0,"turns":5.0},{"damage":10.0,"enemies":"Slime Boss","floor":16.0,"turns":7.0},{"damage":0.0,"enemies":"Spheric Guardian","floor":18.0,"turns":3.0},{"damage":0.0,"enemies":"3 Byrds","floor":21.0,"turns":4.0},{"damage":3.0,"enemies":"Snake Plant","floor":22.0,"turns":2.0},{"damage":8.0,"enemies":"Book of Stabbing","floor":24.0,"turns":5.0},{"damage":0.0,"enemies":"Snecko","floor":28.0,"turns":3.0},{"damage":0.0,"enemies":"Centurion and Healer","floor":31.0,"turns":4.0},{"damage":18.0,"enemies":"Champ","floor":33.0,"turns":7.0},{"damage":2.0,"enemies":"3 Darklings","floor":35.0,"turns":5.0},{"damage":0.0,"enemies":"3 Shapes","floor":36.0,"turns":4.0},{"damage":0.0,"enemies":"3 Darklings","floor":38.0,"turns":3.0},{"damage":0.0,"enemies":"Reptomancer","floor":40.0,"turns":3.0},{"damage":0.0,"enemies":"Spire Growth","floor":42.0,"turns":4.0},{"damage":0.0,"enemies":"Writhing Mass","floor":45.0,"turns":3.0},{"damage":0.0,"enemies":"Giant Head","floor":46.0,"turns":3.0},{"damage":0.0,"enemies":"Nemesis","floor":48.0,"turns":3.0},{"damage":26,"enemies":"Time Eater","floor":50,"turns":11}],"seed_played":"3451742291476527567","potions_obtained":[{"floor":8.0,"key":"Block Potion"},{"floor":14.0,"key":"StancePotion"},{"floor":31.0,"key":"AttackPotion"},{"floor":35.0,"key":"ColorlessPotion"},{"floor":36.0,"key":"SkillPotion"},{"floor":37.0,"key":"Fruit Juice"},{"floor":37.0,"key":"Explosive Potion"},{"floor":38.0,"key":"BottledMiracle"}],"is_trial":false,"path_per_floor":["M","M","$","?","?","R","M","E","T","R","E","?","R","?","R","B",null,"M","$","?","M","M","R","E","R","T","R","M","?","$","M","R","B",null,"M","M","?","M","$","E","?","M","T","R","M","E","R","E","R","B",null],"character_chosen":"WATCHER","items_purchased":["ThirdEye","Prostrate","Weave","Prostrate","Wallop"],"campfire_rested":2,"item_purchase_floors":[3,19,30,30,39],"current_hp_per_floor":[61,59,59,59,48,48,45,13,13,33,28,45,45,26,26,16,55,55,55,34,34,31,31,23,23,23,23,23,23,23,23,23,5,27,25,25,30,30,30,30,30,30,30,30,30,30,30,30,39,13],"gold":200,"neow_bonus":"THREE_RARE_CARDS","is_daily":false,"chose_seed":false,"campfire_upgraded":8,"win_rate":0.0,"timestamp":1610506801,"path_taken":["M","M","$","?","?","R","?","E","T","R","E","?","R","?","R","BOSS","M","$","?","M","M","R","E","R","T","R","M","?","$","?","R","BOSS","M","M","?","M","?","E","?","?","T","R","M","E","R","E","R","BOSS"],"items_purchased_type":["Card","Card","Card","Card","Card"],"build_version":"2020-12-22","purchased_purges":2,"victory":true,"max_hp_per_floor":[68,68,68,68,68,68,68,68,68,68,68,68,68,68,68,68,68,68,68,34,34,34,34,34,34,34,34,34,34,34,34,34,34,34,34,34,39,39,39,39,39,39,39,39,39,39,39,39,39,39],"relic_stats":{"Nunchaku":[9],"counters":[23,104],"CeramicFish":18,"Yang":[274],"Pandora\u0027s Box":["EmptyFist","ForeignInfluence","Sanctity","Vengeance","WindmillStrike","BattleHymn","FlyingSleeves"],"PreservedInsect":255,"War Paint":["Ghostly","Ghostly"],"Boot":[95],"Cursed Key":0,"obtain_stats":[{"Nunchaku":40,"HornCleat":8,"CeramicFish":46,"Damaru":26,"Yang":9,"Pandora\u0027s Box":17,"PreservedInsect":24,"Bag of Marbles":11,"PureWater":0,"War Paint":48,"Boot":14,"Cursed Key":34},{"Nunchaku":18,"HornCleat":4,"CeramicFish":21,"Damaru":11,"Yang":4,"Pandora\u0027s Box":7,"PreservedInsect":11,"Bag of Marbles":5,"PureWater":0,"War Paint":22,"Boot":6,"Cursed Key":14},{"Nunchaku":80,"HornCleat":15,"CeramicFish":90,"Damaru":51,"Yang":15,"Pandora\u0027s Box":37,"PreservedInsect":51,"Bag of Marbles":25,"PureWater":0,"War Paint":93,"Boot":30,"Cursed Key":65}]},"card_choices":[{"not_picked":["Scrawl","Vault"],"picked":"Brilliance","floor":0.0},{"not_picked":["Protect","EmptyMind"],"picked":"FollowUp","floor":1.0},{"not_picked":["Adaptation","Crescendo"],"picked":"Nirvana","floor":2.0},{"not_picked":["BowlingBash","WaveOfTheHand"],"picked":"JustLucky","floor":7.0},{"not_picked":["Collect","ThirdEye"],"picked":"Brilliance","floor":8.0},{"not_picked":["FlyingSleeves","Indignation"],"picked":"Weave","floor":11.0},{"not_picked":["DeceiveReality","CarveReality"],"picked":"Consecrate","floor":14.0},{"not_picked":["SpiritShield","MasterReality"],"picked":"Vault","floor":16.0},{"not_picked":["FlurryOfBlows","Halt"],"picked":"TalkToTheHand","floor":18.0},{"not_picked":["FlurryOfBlows","ForeignInfluence"],"picked":"Prostrate+1","floor":21.0},{"not_picked":["ForeignInfluence","FearNoEvil","EmptyBody"],"picked":"SKIP","floor":22.0},{"not_picked":["WreathOfFlame+1","Study","MentalFortress"],"picked":"SKIP","floor":24.0},{"not_picked":["SpiritShield","Conclude+1"],"picked":"TalkToTheHand","floor":28.0},{"not_picked":["Evaluate","Protect","LikeWater"],"picked":"SKIP","floor":31.0},{"not_picked":["Vault","Establishment"],"picked":"Brilliance","floor":33.0},{"not_picked":["LikeWater","JustLucky"],"picked":"CutThroughFate","floor":35.0},{"not_picked":["BattleHymn+1","Vengeance"],"picked":"Wallop","floor":36.0},{"not_picked":["Sanctity","CrushJoints"],"picked":"CutThroughFate","floor":38.0},{"not_picked":["Protect+1","SandsOfTime+1"],"picked":"Scrawl","floor":40.0},{"not_picked":["Consecrate","SashWhip+1","Evaluate"],"picked":"SKIP","floor":42.0},{"not_picked":["EmptyBody+1","ThirdEye+1"],"picked":"Nirvana","floor":45.0},{"not_picked":["Prostrate","EmptyFist+1"],"picked":"JustLucky","floor":46.0},{"not_picked":["FlurryOfBlows","Worship"],"picked":"Scrawl","floor":48.0}],"player_experience":3846440,"relics_obtained":[{"floor":8.0,"key":"HornCleat"},{"floor":9.0,"key":"Yang"},{"floor":11.0,"key":"Bag of Marbles"},{"floor":14.0,"key":"Boot"},{"floor":24.0,"key":"PreservedInsect"},{"floor":26.0,"key":"Damaru"},{"floor":40.0,"key":"Nunchaku"},{"floor":46.0,"key":"CeramicFish"},{"floor":48.0,"key":"War Paint"}],"event_choices":[{"damage_healed":0.0,"max_hp_gain":0.0,"max_hp_loss":0.0,"gold_gain":0.0,"cards_transformed":["Strike_P"],"event_name":"Living Wall","player_choice":"Change","floor":4.0,"gold_loss":0.0,"damage_taken":0.0,"cards_obtained":["EmptyFist"]},{"damage_healed":0.0,"max_hp_gain":0.0,"max_hp_loss":0.0,"gold_gain":75.0,"event_name":"World of Goop","player_choice":"Gather Gold","floor":5.0,"gold_loss":0.0,"damage_taken":11.0},{"damage_healed":17.0,"max_hp_gain":0.0,"max_hp_loss":0.0,"gold_gain":0.0,"event_name":"The Cleric","player_choice":"Healed","floor":12.0,"gold_loss":35.0,"damage_taken":0.0},{"damage_healed":0.0,"max_hp_gain":0.0,"max_hp_loss":0.0,"gold_gain":0.0,"event_name":"Dead Adventurer","player_choice":"Searched \u00272\u0027 times","floor":14.0,"gold_loss":0.0,"damage_taken":0.0},{"damage_healed":0.0,"max_hp_gain":0.0,"max_hp_loss":34.0,"gold_gain":0.0,"event_name":"Ghosts","player_choice":"Became a Ghost","floor":20.0,"gold_loss":0.0,"damage_taken":0.0,"cards_obtained":["Ghostly","Ghostly","Ghostly"]},{"damage_healed":0.0,"max_hp_gain":0.0,"max_hp_loss":0.0,"gold_gain":0.0,"event_name":"Designer","player_choice":"Upgraded Two","floor":29.0,"gold_loss":50.0,"damage_taken":0.0,"cards_upgraded":["JustLucky","ThirdEye"]},{"damage_healed":0.0,"max_hp_gain":0.0,"max_hp_loss":0.0,"gold_gain":0.0,"event_name":"Lab","player_choice":"Got Potions","floor":37.0,"gold_loss":0.0,"damage_taken":0.0},{"cards_removed":["Brilliance"],"damage_healed":0.0,"max_hp_gain":0.0,"max_hp_loss":0.0,"gold_gain":0.0,"event_name":"Falling","player_choice":"Removed Attack","floor":41.0,"gold_loss":0.0,"damage_taken":0.0}],"is_beta":false,"boss_relics":[{"not_picked":["Philosopher\u0027s Stone","SlaversCollar"],"picked":"Pandora\u0027s Box"},{"not_picked":["HolyWater","Fusion Hammer"],"picked":"Cursed Key"}],"items_purged_floors":[19,39],"is_endless":false,"potions_floor_spawned":[8,14,16,18,22,31,35,36,38],"ascension_level":16}}