{"host":"grli52lbdph2722t","time":1610543354,"event":{"mods":["AchievementEnabler","BaseMod","Downfall","Minty Spire (QoL Compilation)","Quick Restart","StSLib"],"gold_per_floor":[99,99,274,274,274,306,380,380,411,421,421,446,446,150,164,164,164,164],"floor_reached":16,"language":"ENG","playtime":594,"items_purged":["Regret"],"score":202,"play_id":"b66b896b-6e3f-49f6-8678-e6bf3cf26d65","local_time":"20210113140914","is_ascension_mode":true,"campfire_choices":[{"data":"Guardian:TwinSlam","floor":1,"key":"SMITH"},{"data":"Guardian:MultiBeam","floor":8,"key":"SMITH"}],"circlet_count":0,"master_deck":["Guardian:Strike_Guardian","Guardian:Strike_Guardian","Guardian:Strike_Guardian","Guardian:Defend_Guardian","Guardian:Defend_Guardian","Guardian:Defend_Guardian","Guardian:Defend_Guardian","Guardian:CurlUp","Guardian:TwinSlam+1","Guardian:MultiBeam+1","Doubt","Guardian:Planning","Guardian:Gem_Yellow","Guardian:Incinerate","Guardian:FastForward","Guardian:Gem_Orange","Guardian:Gem_Fragmented","Guardian:TemporalStrike","Guardian:Planning","Guardian:TemporalShield"],"relics":["Guardian:ModeShifter","downfall:HeartsMalice","PreservedInsect","Mercury Hourglass","Dream Catcher","Blue Candle","Guardian:PickAxe","Medical Kit"],"acts_visited":["Exordium"],"potions_floor_usage":[12],"damage_taken":[{"damage":0,"enemies":"Jaw Worm","floor":2,"turns":1},{"damage":0,"enemies":"2 Louse","floor":5,"turns":1},{"damage":0,"enemies":"3 Sentries","floor":6,"turns":1},{"damage":24,"enemies":"Gremlin Nob","floor":9,"turns":5},{"damage":1,"enemies":"Cultist","floor":10,"turns":4},{"damage":6,"enemies":"Lagavulin","floor":12,"turns":6},{"damage":1,"enemies":"downfall:FleeingMerchant","floor":14,"turns":4},{"damage":7,"enemies":"Blue Slaver","floor":15,"turns":4},{"damage":39,"enemies":"downfall:Silent","floor":16,"turns":5}],"seed_played":"-3743677243982472684","potions_obtained":[{"floor":6,"key":"BlessingOfTheForge"},{"floor":10,"key":"FearPotion"}],"is_trial":false,"path_per_floor":["R","M","?","?","M","E","T","R","E","M","?","E","R","$","M","B"],"character_chosen":"GUARDIAN","items_purchased":["Medical Kit","Guardian:Planning"],"campfire_rested":0,"item_purchase_floors":[14,14],"current_hp_per_floor":[72,72,72,72,72,72,72,72,48,47,47,41,41,40,33,0,0,0],"gold":164,"neow_bonus":"THREE_ENEMY_KILL","is_daily":false,"chose_seed":false,"campfire_upgraded":2,"win_rate":0.0,"timestamp":1610543354,"path_taken":["R","M","?","?","?","E","T","R","E","M","?","E","R","?","M","BOSS"],"items_purchased_type":["Relic","Card"],"build_version":"2020-12-22","purchased_purges":1,"victory":false,"max_hp_per_floor":[80,80,80,80,80,80,80,80,80,80,80,80,80,80,80,80,80,80],"card_choices":[{"not_picked":["Guardian:EvasiveProtocol","Guardian:PolyBeam"],"picked":"Guardian:MultiBeam","floor":2},{"not_picked":["Guardian:CrystalBeam","Guardian:TimeBomb"],"picked":"Guardian:Gem_White","floor":5},{"not_picked":["Guardian:WalkerClaw","Guardian:RefractedBeam"],"picked":"Guardian:Planning","floor":6},{"not_picked":["Guardian:Gem_White","Guardian:ChargeCore"],"picked":"Guardian:Gem_Yellow","floor":9},{"not_picked":["Guardian:Gem_Green","Guardian:PiercingHide"],"picked":"Guardian:Incinerate","floor":10},{"not_picked":["Guardian:MultiBeam","Guardian:Gem_Green"],"picked":"Guardian:FastForward","floor":12},{"not_picked":["Guardian:PiercingHide","Guardian:Gem_Cyan"],"picked":"Guardian:TemporalStrike","floor":14},{"not_picked":["Guardian:Planning","Guardian:DonusPower"],"picked":"Guardian:TemporalShield","floor":15}],"player_experience":4977586,"relics_obtained":[{"floor":6,"key":"PreservedInsect"},{"floor":7,"key":"Mercury Hourglass"},{"floor":9,"key":"Dream Catcher"},{"floor":12,"key":"Guardian:PickAxe"}],"event_choices":[{"damage_healed":0,"gold_gain":0,"player_choice":"Box","damage_taken":0,"relics_obtained":["Blue Candle"],"max_hp_gain":0,"max_hp_loss":0,"event_name":"Big Fish","floor":11,"gold_loss":0,"cards_obtained":["Regret"]}],"is_beta":false,"boss_relics":[],"items_purged_floors":[14],"is_endless":false,"potions_floor_spawned":[6,10],"killed_by":"downfall:Silent","ascension_level":9}}