{"host":"oehe2dxjvdgux73m","time":1610543898,"event":{"mods":["AchievementEnabler","BaseMod","Colored Map","Colored Powertips","DeckTracker","Keyboard Shortcuts","Minty Spire (QoL Compilation)","Permanent Neow","Quick Restart","StSLib","SuperFastMode"],"gold_per_floor":[113,38,56,74,89,89,124,124,124,124,157,171,171,21,21,119,119,136,136,151,58,127,127,30,30,30,80,90,90,119,136,136,240,240,252,16,32,47,114,114,164,231,310,135,185,245,245,295,295,295],"floor_reached":51,"language":"KOR","playtime":2174,"items_purged":["Strike_P","Defend_P","Strike_P","Defend_P","Strike_P"],"score":752,"play_id":"75ee3b69-3886-45e2-842d-467f6269c9a3","local_time":"20210113221818","is_ascension_mode":false,"campfire_choices":[{"data":"Eruption","floor":6.0,"key":"SMITH"},{"floor":8.0,"key":"REST"},{"data":"Adaptation","floor":10.0,"key":"SMITH"},{"floor":15.0,"key":"REST"},{"data":"Vigilance","floor":23.0,"key":"SMITH"},{"data":"FollowUp","floor":25.0,"key":"SMITH"},{"data":"Defend_P","floor":32.0,"key":"SMITH"},{"data":"Defend_P","floor":40.0,"key":"SMITH"},{"data":"Flash of Steel","floor":47,"key":"SMITH"},{"data":"Strike_P","floor":49,"key":"SMITH"}],"circlet_count":0,"master_deck":["Strike_P+1","Defend_P+1","Eruption+1","Vigilance+1","Adaptation+1","EmptyMind+1","FollowUp+1","CutThroughFate+1","Flash of Steel+1","Adaptation+1"],"relics":["VioletLotus","Dream Catcher","Centennial Puzzle","Blue Candle","Coffee Dripper","SsserpentHead","Anchor","Singing Bowl","Bottled Flame","HornCleat","Philosopher\u0027s Stone","Gremlin Horn"],"acts_visited":["TheCity","TheBeyond"],"potions_floor_usage":[50,50],"damage_taken":[{"damage":5.0,"enemies":"Small Slimes","floor":1.0,"turns":4.0},{"damage":0.0,"enemies":"Cultist","floor":3.0,"turns":3.0},{"damage":6.0,"enemies":"Jaw Worm","floor":4.0,"turns":3.0},{"damage":23.0,"enemies":"Lots of Slimes","floor":5.0,"turns":7.0},{"damage":25.0,"enemies":"3 Sentries","floor":7.0,"turns":7.0},{"damage":15.0,"enemies":"Lagavulin","floor":11.0,"turns":5.0},{"damage":0.0,"enemies":"Exordium Thugs","floor":12.0,"turns":4.0},{"damage":7.0,"enemies":"Slime Boss","floor":16.0,"turns":7.0},{"damage":29.0,"enemies":"2 Thieves","floor":18.0,"turns":4.0},{"damage":9.0,"enemies":"Shell Parasite","floor":20.0,"turns":4.0},{"damage":5.0,"enemies":"Shelled Parasite and Fungi","floor":22.0,"turns":4.0},{"damage":0.0,"enemies":"Snecko","floor":28.0,"turns":4.0},{"damage":10.0,"enemies":"Slavers","floor":30.0,"turns":4.0},{"damage":2.0,"enemies":"Chosen and Byrds","floor":31.0,"turns":5.0},{"damage":18.0,"enemies":"Champ","floor":33.0,"turns":7.0},{"damage":7.0,"enemies":"3 Shapes","floor":35.0,"turns":3.0},{"damage":0.0,"enemies":"Orb Walker","floor":37.0,"turns":2.0},{"damage":0.0,"enemies":"Jaw Worm Horde","floor":38.0,"turns":3.0},{"damage":0.0,"enemies":"3 Darklings","floor":39.0,"turns":2.0},{"damage":4.0,"enemies":"4 Shapes","floor":42.0,"turns":2.0},{"damage":12,"enemies":"Writhing Mass","floor":46,"turns":4},{"damage":22,"enemies":"Donu and Deca","floor":50,"turns":5}],"seed_played":"5970820825848143451","potions_obtained":[{"floor":3.0,"key":"SpeedPotion"},{"floor":5.0,"key":"CultistPotion"},{"floor":11.0,"key":"Fruit Juice"},{"floor":16.0,"key":"Energy Potion"},{"floor":20.0,"key":"PowerPotion"},{"floor":30.0,"key":"Explosive Potion"},{"floor":35.0,"key":"Fire Potion"},{"floor":37.0,"key":"Energy Potion"},{"floor":39.0,"key":"Regen Potion"}],"is_trial":false,"path_per_floor":["M","$","M","M","M","R","E","R","T","R","E","M","?","$","R","B",null,"M","?","M","$","M","R","$","R","T","T","M","$","E","M","R","B",null,"M","$","M","M","M","R","?","M","T","$","?","M","R","?","R","B",null],"character_chosen":"WATCHER","items_purchased":["AttackPotion","Anchor","FollowUp","Flash of Steel"],"campfire_rested":2,"item_purchase_floors":[14,21,24,36],"current_hp_per_floor":[67,67,67,61,38,38,13,34,34,34,24,24,24,24,47,40,77,48,48,39,39,34,34,34,34,34,34,34,34,24,22,22,6,79,72,72,72,74,74,74,74,72,72,72,72,62,62,62,62,52],"gold":295,"neow_bonus":"BOSS_RELIC","is_daily":false,"chose_seed":false,"campfire_upgraded":8,"win_rate":0.0,"timestamp":1610543898,"path_taken":["M","$","M","M","M","R","E","R","T","R","E","M","?","$","R","BOSS","M","?","M","?","?","R","?","R","T","?","M","$","E","M","R","BOSS","M","$","M","M","?","R","?","?","T","$","?","?","R","?","R","BOSS"],"items_purchased_type":["Potion","Relic","Card","Card"],"build_version":"2020-12-22","purchased_purges":5,"victory":true,"max_hp_per_floor":[72,72,72,72,72,72,72,72,72,72,77,77,77,77,77,77,77,77,77,77,77,77,77,77,77,77,77,77,77,77,77,77,79,79,79,79,79,81,81,81,81,83,83,83,83,85,85,85,85,85],"card_choices":[{"not_picked":["PathToVictory","WheelKick","Prostrate"],"picked":"SKIP","floor":1.0},{"not_picked":["JustLucky","Tantrum"],"picked":"Adaptation","floor":3.0},{"not_picked":["Worship","Evaluate","Swivel"],"picked":"SKIP","floor":4.0},{"not_picked":["Fasting2","FlurryOfBlows","LikeWater"],"picked":"SKIP","floor":5.0},{"not_picked":["EmptyBody","ConjureBlade","FlyingSleeves"],"picked":"SKIP","floor":7.0},{"not_picked":["PathToVictory","Perseverance","Weave"],"picked":"SKIP","floor":11.0},{"not_picked":["Evaluate","ConjureBlade","FlurryOfBlows"],"picked":"SKIP","floor":12.0},{"not_picked":["CrushJoints","Nirvana","WindmillStrike"],"picked":"SKIP","floor":18.0},{"not_picked":["Study","PathToVictory","EmptyBody"],"picked":"SKIP","floor":20.0},{"not_picked":["TalkToTheHand","ClearTheMind"],"picked":"EmptyMind+1","floor":22.0},{"not_picked":["DeceiveReality","ThirdEye"],"picked":"CutThroughFate+1","floor":28.0},{"not_picked":["Vault","PathToVictory","FlyingSleeves"],"picked":"SKIP","floor":30.0},{"not_picked":["Prostrate+1","EmptyFist","SignatureMove"],"picked":"SKIP","floor":31.0},{"not_picked":["Devotion","MasterReality","DevaForm"],"picked":"Singing Bowl","floor":33.0},{"not_picked":["Crescendo+1","FlyingSleeves","Consecrate+1"],"picked":"SKIP","floor":35.0},{"not_picked":["SashWhip","Prostrate+1","CutThroughFate+1"],"picked":"SKIP","floor":37.0},{"not_picked":["EmptyBody","ClearTheMind+1","Weave"],"picked":"Singing Bowl","floor":38.0},{"not_picked":["Halt","LikeWater+1","ClearTheMind+1"],"picked":"SKIP","floor":39.0},{"not_picked":["Consecrate+1","WindmillStrike","Devotion"],"picked":"Singing Bowl","floor":42.0},{"not_picked":["ClearTheMind","EmptyBody+1","Perseverance+1"],"picked":"Singing Bowl","floor":46}],"player_experience":156559,"relics_obtained":[{"floor":7.0,"key":"Dream Catcher"},{"floor":9.0,"key":"Centennial Puzzle"},{"floor":11.0,"key":"Blue Candle"},{"floor":26.0,"key":"Singing Bowl"},{"floor":27.0,"key":"Bottled Flame"},{"floor":30.0,"key":"HornCleat"},{"floor":43.0,"key":"Gremlin Horn"}],"event_choices":[{"damage_healed":0.0,"max_hp_gain":0.0,"max_hp_loss":0.0,"gold_gain":0.0,"event_name":"NoteForYourself","player_choice":"Ignored","floor":13.0,"gold_loss":0.0,"damage_taken":0.0},{"damage_healed":0.0,"max_hp_gain":0.0,"max_hp_loss":0.0,"gold_gain":0.0,"event_name":"FaceTrader","player_choice":"Trade","floor":19.0,"gold_loss":0.0,"damage_taken":0.0,"relics_obtained":["SsserpentHead"]},{"damage_healed":0.0,"max_hp_gain":0.0,"max_hp_loss":0.0,"gold_gain":0.0,"event_name":"The Woman in Blue","player_choice":"Bought 0 Potions","floor":41.0,"gold_loss":0.0,"damage_taken":0.0},{"damage_healed":0,"gold_gain":0,"player_choice":"Copied","damage_taken":0,"max_hp_gain":0,"max_hp_loss":0,"event_name":"Duplicator","floor":45,"gold_loss":0,"cards_obtained":["Adaptation"]},{"cards_removed":["Defend_P"],"damage_healed":0,"gold_gain":0,"player_choice":"Removed Skill","damage_taken":0,"max_hp_gain":0,"max_hp_loss":0,"event_name":"Falling","floor":48,"gold_loss":0}],"is_beta":false,"boss_relics":[{"not_picked":["Velvet Choker","Pandora\u0027s Box"],"picked":"Coffee Dripper"},{"not_picked":["Calling Bell","SacredBark"],"picked":"Philosopher\u0027s Stone"}],"items_purged_floors":[2,14,24,36,44],"is_endless":false,"potions_floor_spawned":[3,5,11,16,20,22,30,35,37,39],"ascension_level":0}}