{"host":"0cm5wy4nhuju7tij","time":1610568713,"event":{"mods":["100% Spire Juice","2.2 Compatiblity","AchievementEnabler","Aspiration","BaseMod","Better Third Choice","BetterRewards","CCEM","CapriCore","Chen","Colored Powertips","Curses Come First","Custom Start","Displayed Cursed Tome","Downfall","Energized Spire","Evolution","Filter the Spire","Fireblade Mod","Highlight Path","Jess\u0027s Bottle","Minty Spire (QoL Compilation)","Onozuka Komachi Mod","Permanent Neow","Relic Stats","Shop Mod","Spicy Shops","StSLib","The Caster","The Cursed","The Fake Hero","The Juggle","The Sage","TheFirefly","thorton"],"gold_per_floor":[110,124,139,51,62,97,97,97,97,113,129,144,144,169,169,169,169],"floor_reached":16,"language":"ENG","playtime":942,"items_purged":[],"score":114,"play_id":"e3e55363-b85d-4ef2-b477-4db4972ece8b","local_time":"20210113151153","is_ascension_mode":false,"campfire_choices":[{"data":"thefirefly:StarCinder","floor":8,"key":"SMITH"},{"floor":13,"key":"REST"},{"floor":15,"key":"REST"}],"circlet_count":0,"master_deck":["thefirefly:Strike+1","thefirefly:Strike","thefirefly:Strike","thefirefly:Defend","thefirefly:Defend","thefirefly:Defend","thefirefly:Defend","thefirefly:StealthMode","thefirefly:PhotonBlast","thefirefly:TachyonBeam","thefirefly:LaserMail","thefirefly:ArtillleryBeam+1","thefirefly:Reposition","thefirefly:ErraticMotions","thefirefly:FlareScreen","thefirefly:StarCinder+1","thefirefly:HyperspaceAssault","thefirefly:CoveringFire","thefirefly:SteadyAim","thefirefly:ChargedLaser","thefirefly:EvasiveManeuver"],"relics":["thefirefly:StealthSystem","EVO:Axolotl","Boot","thefirefly:LongRangeScanner","Whetstone"],"acts_visited":["Exordium"],"potions_floor_usage":[16],"damage_taken":[{"damage":6,"enemies":"Jaw Worm","floor":1,"turns":3},{"damage":4,"enemies":"Small Slimes","floor":2,"turns":4},{"damage":3,"enemies":"Cultist","floor":3,"turns":4},{"damage":2,"enemies":"Exordium Thugs","floor":5,"turns":5},{"damage":27,"enemies":"3 Sentries","floor":6,"turns":5},{"damage":13,"enemies":"Blue Slaver","floor":10,"turns":3},{"damage":6,"enemies":"2 Fungi Beasts","floor":11,"turns":4},{"damage":0,"enemies":"3 Louse","floor":12,"turns":2},{"damage":27,"enemies":"Gremlin Nob","floor":14,"turns":4},{"damage":18,"enemies":"Hexaghost","floor":16,"turns":8}],"seed_played":"8687685470512671451","potions_obtained":[{"floor":1,"key":"SteroidPotion"},{"floor":3,"key":"LiquidMemories"},{"floor":10,"key":"PowerPotion"}],"is_trial":false,"path_per_floor":["M","M","M","$","M","E","?","R","T","M","M","M","R","E","R","B"],"character_chosen":"THE_FIREFLY","items_purchased":["thefirefly:ErraticMotions","thefirefly:FlareScreen"],"campfire_rested":2,"item_purchase_floors":[4,4],"current_hp_per_floor":[49,45,42,42,40,13,31,31,31,18,12,12,28,1,17,0,0],"gold":169,"neow_bonus":"TRANSFORM_CARD","is_daily":false,"chose_seed":false,"campfire_upgraded":1,"win_rate":0.0,"timestamp":1610568713,"path_taken":["M","M","M","$","M","E","?","R","T","M","M","M","R","E","R","BOSS"],"items_purchased_type":["Card","Card"],"build_version":"2020-12-22","purchased_purges":0,"victory":false,"max_hp_per_floor":[55,55,55,55,55,55,55,55,55,55,55,55,55,55,55,55,55],"relic_stats":{"counters":[10,42],"Whetstone":["thefirefly:Strike","thefirefly:ArtillleryBeam"],"Boot":[1],"obtain_stats":[{"thefirefly:StealthSystem":0,"thefirefly:LongRangeScanner":9,"EVO:Axolotl":0,"Whetstone":14,"Boot":6},{"thefirefly:StealthSystem":0,"thefirefly:LongRangeScanner":5,"EVO:Axolotl":0,"Whetstone":9,"Boot":5},{"thefirefly:StealthSystem":0,"thefirefly:LongRangeScanner":21,"EVO:Axolotl":0,"Whetstone":34,"Boot":21}]},"card_choices":[{"not_picked":["thefirefly:ReverseEngine","thefirefly:Boost"],"picked":"thefirefly:LaserMail","floor":1},{"not_picked":["thefirefly:HyperFocus","thefirefly:QuantumTunneling"],"picked":"thefirefly:ArtillleryBeam","floor":2},{"not_picked":["thefirefly:Distort","thefirefly:EMP"],"picked":"thefirefly:Reposition","floor":3},{"not_picked":["thefirefly:HyperFocus","thefirefly:Teleport"],"picked":"thefirefly:StarCinder","floor":5},{"not_picked":["thefirefly:FlareScreen","thefirefly:ArtillleryBeam"],"picked":"thefirefly:HyperspaceAssault","floor":6},{"not_picked":["thefirefly:EMP","thefirefly:MirrorShield"],"picked":"thefirefly:CoveringFire","floor":10},{"not_picked":["thefirefly:StarCinder","thefirefly:RecollectionSubroutine"],"picked":"thefirefly:SteadyAim","floor":11},{"not_picked":["thefirefly:Flight","thefirefly:Exile"],"picked":"thefirefly:ChargedLaser","floor":12},{"not_picked":["thefirefly:Ruminate","thefirefly:Preload"],"picked":"thefirefly:EvasiveManeuver","floor":14}],"player_experience":234027,"relics_obtained":[{"floor":6,"key":"Boot"},{"floor":9,"key":"thefirefly:LongRangeScanner"},{"floor":14,"key":"Whetstone"}],"event_choices":[{"damage_healed":18,"gold_gain":0,"player_choice":"Banana","damage_taken":0,"max_hp_gain":0,"max_hp_loss":0,"event_name":"Big Fish","floor":7,"gold_loss":0}],"is_beta":false,"boss_relics":[],"items_purged_floors":[],"is_endless":false,"potions_floor_spawned":[1,3,10],"killed_by":"Hexaghost","ascension_level":0}}