{"host":"cxvb37eaaiijvrl4","time":1610532363,"event":{"mods":["ATMod(°¢èªMod)","BaseMod","Better Third Choice","Minty Spire (QoL Compilation)","MostiFishMod","Quick Restart","Rare Cards Sparkle","Shop Mod","Spicy Shops","StSLib","TestMod","Uncapped","²ÐÁôÖ®Îï"],"gold_per_floor":[115,165,90,107,124,124,150,167,167,167,185,185,219,231,231,308,308,321,340,57,57,74,102,102,130,198,43,43,78,78,89,89,164,164,175,0,15,15,35,48,48,75,75,93,93,103,42,58,58,58,58],"floor_reached":52,"language":"ZHS","playtime":1632,"items_purged":["Bash","Dropkick+1","Combust","AT_TinkerSharpsword","Burning Pact","True Grit"],"score":2433,"play_id":"f1d0feed-8530-473a-8895-a33670e0c7ec","local_time":"20210113020603","is_ascension_mode":true,"campfire_choices":[{"data":"Armaments","floor":6.0,"key":"SMITH"},{"data":"MostiFishMod:UltimateDefense","floor":12.0,"key":"SMITH"},{"data":"MostiFishMod:UltimateDefense+1","floor":15.0,"key":"SMITH"},{"data":"MostiFishMod:UltimateDefense+2","floor":24,"key":"SMITH"},{"data":"MostiFishMod:UltimateDefense+3","floor":28,"key":"SMITH"},{"data":"MostiFishMod:UltimateDefense+4","floor":30,"key":"SMITH"},{"data":"MostiFishMod:UltimateDefense+5","floor":32,"key":"SMITH"},{"data":"MostiFishMod:RacingGame","floor":41,"key":"SMITH"},{"data":"Barricade","floor":45,"key":"SMITH"},{"data":"MostiFishMod:UltimateDefense+6","floor":49,"key":"SMITH"}],"circlet_count":0,"master_deck":["AscendersBane","Rampage+1","AT_BodySlamDance","MostiFishMod:UltimateDefense+7","Armaments+1","Barricade+1","Seeing Red","Body Slam","Battle Trance","MostiFishMod:RacingGame+1"],"relics":["Burning Blood","testmod-TestBox","DaveBox","AT_ATBox","testmod-Alchemist","SynthV:TestCard","PreservedInsect","AT_ForceNature","AT_DeathDance","Philosopher\u0027s Stone","MerchantsRug","Medical Kit","Anchor","Happy Flower","testmod-TimeTraveler","OriginationStaff"],"acts_visited":["Exordium","TheCity","TheBeyond"],"potions_floor_usage":[],"damage_taken":[{"damage":0.0,"enemies":"Small Slimes","floor":1.0,"turns":3.0},{"damage":0.0,"enemies":"Cultist","floor":4.0,"turns":4.0},{"damage":15.0,"enemies":"2 Louse","floor":5.0,"turns":5.0},{"damage":0.0,"enemies":"Lagavulin","floor":7.0,"turns":6.0},{"damage":2.0,"enemies":"Large Slime","floor":8.0,"turns":3.0},{"damage":0.0,"enemies":"Red Slaver","floor":11.0,"turns":3.0},{"damage":15.0,"enemies":"Gremlin Nob","floor":13.0,"turns":4.0},{"damage":2.0,"enemies":"Looter","floor":14.0,"turns":3.0},{"damage":5.0,"enemies":"Hexaghost","floor":16.0,"turns":6.0},{"damage":0.0,"enemies":"Spheric Guardian","floor":18.0,"turns":3.0},{"damage":3.0,"enemies":"Chosen","floor":19.0,"turns":5.0},{"damage":0,"enemies":"Snecko","floor":22,"turns":4},{"damage":18,"enemies":"Slavers","floor":23,"turns":4},{"damage":0,"enemies":"Gremlin Leader","floor":25,"turns":4},{"damage":0,"enemies":"Book of Stabbing","floor":29,"turns":2},{"damage":0,"enemies":"Centurion and Healer","floor":31,"turns":2},{"damage":0,"enemies":"Collector","floor":33,"turns":2},{"damage":0,"enemies":"3 Shapes","floor":35,"turns":2},{"damage":0,"enemies":"3 Darklings","floor":37,"turns":2},{"damage":0,"enemies":"Transient","floor":39,"turns":3},{"damage":0,"enemies":"Maw","floor":40,"turns":2},{"damage":0,"enemies":"Reptomancer","floor":42,"turns":2},{"damage":0,"enemies":"3 Darklings","floor":44,"turns":2},{"damage":0,"enemies":"Transient","floor":46,"turns":2},{"damage":0,"enemies":"Writhing Mass","floor":48,"turns":2},{"damage":0,"enemies":"Time Eater","floor":50,"turns":3},{"damage":7,"enemies":"Donu and Deca","floor":51,"turns":2}],"seed_played":"3199972347266852204","potions_obtained":[{"floor":5.0,"key":"Strength Potion"},{"floor":11.0,"key":"HeartOfIron"},{"floor":14.0,"key":"ColorlessPotion"},{"floor":22,"key":"PowerPotion"},{"floor":39,"key":"Weak Potion"}],"is_trial":false,"path_per_floor":["M","?","$","M","M","R","E","M","T","T","M","R","E","M","R","B",null,"M","M","$","?","M","E","R","E","T","$","R","E","R","M","R","B",null,"M","$","M","?","M","M","R","E","T","M","R","M","$","M","R","B","B",null],"character_chosen":"IRONCLAD","items_purchased":["MerchantsRug","Medical Kit"],"campfire_rested":0,"item_purchase_floors":[20,20],"current_hp_per_floor":[74,74,74,75,66,66,72,75,75,75,75,75,66,70,70,71,74,75,75,75,75,75,63,63,69,69,69,69,75,75,75,75,75,75,75,75,75,75,75,75,75,75,75,75,75,75,75,75,75,75,74],"gold":58,"neow_bonus":"REMOVE_CARD","is_daily":false,"chose_seed":false,"campfire_upgraded":10,"win_rate":0.0,"timestamp":1610532363,"path_taken":["M","?","$","?","M","R","E","M","T","?","M","R","E","?","R","BOSS","M","?","$","?","M","E","R","E","T","$","R","E","R","M","R","BOSS","M","$","M","?","?","M","R","E","T","M","R","M","$","M","R","BOSS","BOSS"],"items_purchased_type":["Relic","Relic"],"build_version":"2020-12-22","purchased_purges":6,"victory":true,"max_hp_per_floor":[75,75,75,75,75,75,75,75,75,75,75,75,75,75,75,75,75,75,75,75,75,75,75,75,75,75,75,75,75,75,75,75,75,75,75,75,75,75,75,75,75,75,75,75,75,75,75,75,75,75,75],"card_choices":[{"not_picked":["Havoc","Sentinel","Ghostly Armor"],"picked":"SKIP","floor":1.0},{"not_picked":["Disarm","Rage","Warcry","Anger"],"picked":"Seeing Red","floor":4.0},{"not_picked":["Headbutt","Pommel Strike","Fire Breathing","Perfected Strike"],"picked":"Burning Pact","floor":5.0},{"not_picked":["Inflame","AT_IchimonjiDouble","MostiFishMod:BrandingRite","Wild Strike","Intimidate"],"picked":"SKIP","floor":7.0},{"not_picked":["Havoc","Shockwave","Clash","AT_CaressingTears","Thunderclap"],"picked":"SKIP","floor":8.0},{"not_picked":["Flex","Iron Wave","Juggernaut","Twin Strike"],"picked":"Body Slam","floor":11.0},{"not_picked":["Thunderclap","Perfected Strike","AT_DiedThrough","True Grit","Burning Pact"],"picked":"SKIP","floor":13.0},{"not_picked":["Fire Breathing","Sword Boomerang","Rupture","Perfected Strike","Metallicize"],"picked":"SKIP","floor":14.0},{"not_picked":["AT_DiedThrough","Flex","AT_BodySlamDance","Wild Strike","Body Slam"],"picked":"SKIP","floor":18.0},{"not_picked":["MostiFishMod:#F4004","Flex","Seeing Red","Dropkick","AT_GerminateFire"],"picked":"SKIP","floor":19.0},{"not_picked":["Flex+1","Pommel Strike","Body Slam+1","AT_BodySlamDance","Warcry"],"picked":"SKIP","floor":22},{"not_picked":["Iron Wave+1","Sever Soul+1","Flame Barrier","Bloodletting","Shockwave"],"picked":"SKIP","floor":23},{"not_picked":["Searing Blow+1","Dropkick+1","Havoc","Armaments","Warcry"],"picked":"SKIP","floor":25},{"not_picked":["Sword Boomerang+1","AT_BodySlamDance+1","Searing Blow+1","Bloodletting","True Grit"],"picked":"SKIP","floor":29},{"not_picked":["Thunderclap+1","AT_DiedThrough","Ghostly Armor","AT_IchimonjiDouble+1"],"picked":"Battle Trance","floor":31},{"not_picked":["Feed+1","Berserk","Brutality","Fiend Fire+1"],"picked":"MostiFishMod:RacingGame","floor":33},{"not_picked":["Wild Strike+1","Twin Strike+1","Uppercut+1","Pommel Strike+1","Burning Pact"],"picked":"SKIP","floor":35},{"not_picked":["Shockwave","Infernal Blade","Perfected Strike+1","Headbutt+1","Sword Boomerang+1"],"picked":"SKIP","floor":37},{"not_picked":["Flex","Heavy Blade+1","Armaments","Disarm","Twin Strike+1"],"picked":"SKIP","floor":39},{"not_picked":["Flex","Heavy Blade+1","Armaments","Disarm","Twin Strike+1"],"picked":"SKIP","floor":39},{"not_picked":["Infernal Blade+1","AT_IchimonjiDouble+1","Rage+1","Fire Breathing","Dropkick+1"],"picked":"SKIP","floor":40},{"not_picked":["MostiFishMod:OrdinaryWorld+1","Armaments+1","Pummel+1","Clash+1","Warcry"],"picked":"SKIP","floor":42},{"not_picked":["AT_IchimonjiDouble+1","Armaments+1","Fire Breathing","Sword Boomerang+1","AT_DrawKnifeCut+1"],"picked":"SKIP","floor":44},{"not_picked":["Clash+1","Reckless Charge+1","AT_IchimonjiDouble+1","Disarm","Flex"],"picked":"SKIP","floor":46},{"not_picked":["AT_ShrugMaster","Uppercut+1","Searing Blow","Battle Trance","Clothesline"],"picked":"SKIP","floor":48}],"player_experience":677310,"relics_obtained":[{"floor":1.0,"key":"SynthV:TestCard"},{"floor":7.0,"key":"Matryoshka"},{"floor":9.0,"key":"PreservedInsect"},{"floor":9.0,"key":"AT_ForceNature"},{"floor":10.0,"key":"AT_TimeSand"},{"floor":10.0,"key":"Whetstone"},{"floor":13.0,"key":"AT_DeathDance"},{"floor":23,"key":"Molten Egg 2"},{"floor":25,"key":"Anchor"},{"floor":29,"key":"Happy Flower"},{"floor":42,"key":"Toy Ornithopter"},{"floor":43,"key":"OriginationStaff"}],"event_choices":[{"damage_healed":0.0,"max_hp_gain":0.0,"max_hp_loss":0.0,"gold_gain":50.0,"event_name":"Golden Shrine","player_choice":"Pray","floor":2.0,"gold_loss":0.0,"damage_taken":0.0},{"damage_healed":0,"gold_gain":0,"player_choice":"Ignored","damage_taken":0,"max_hp_gain":0,"max_hp_loss":0,"event_name":"Cursed Tome","floor":21,"gold_loss":0},{"damage_healed":0,"gold_gain":0,"player_choice":"Gave Potion","damage_taken":0,"relics_obtained":["Boot"],"max_hp_gain":0,"max_hp_loss":0,"event_name":"WeMeetAgain","floor":38,"gold_loss":0}],"is_beta":false,"boss_relics":[{"not_picked":["testmod-BatchProcessingSystem","Fusion Hammer"],"picked":"Philosopher\u0027s Stone"},{"not_picked":["RhineFirstAidKit","Runic Cube"],"picked":"testmod-TimeTraveler"}],"items_purged_floors":[3,20,27,27,36,47],"is_endless":false,"potions_floor_spawned":[5,11,14,19,22,29,37,39,46],"ascension_level":20}}