{"host":"ishme5wb80o83upk","time":1610543785,"event":{"mods":["BaseMod","HololiveMod","Minty Spire (QoL Compilation)","StSLib"],"gold_per_floor":[342,342,368,368,394,451,476,532,532,556,601,654,654,715,715,894,894,945,983,1025,772,697,697,757,757,757,822,850,932,932,972,972,1167,1167,1202,1202,1260,1272,1284,1296,1364,1376,1388,1460,1546,1558,1314,1369,1369,1378,1378],"floor_reached":50,"language":"KOR","playtime":2255,"items_purged":["Hololive_Strike","Pain"],"score":1395,"play_id":"e4d209e3-f77c-4716-845b-ddd3b1b0748f","local_time":"20210113221625","is_ascension_mode":true,"campfire_choices":[{"data":"Hololive_FlareMind","floor":13.0,"key":"SMITH"},{"data":"Hololive_CallSakuraMiko","floor":15.0,"key":"SMITH"},{"data":"Hololive_RevenueBasedLive","floor":23.0,"key":"SMITH"},{"data":"Hololive_CallSakuraMiko","floor":25,"key":"SMITH"},{"data":"Hololive_RevenueBasedLive","floor":32,"key":"SMITH"},{"floor":40,"key":"RECALL"},{"data":"Hololive_Nanodesu","floor":42,"key":"SMITH"},{"data":"Hololive_CallAmaneKanata","floor":49,"key":"SMITH"}],"circlet_count":0,"master_deck":["Hololive_Defend","Hololive_RevenueBasedLive+1","Hololive_CallYozoraMel","Hololive_CallNatsuiroMatsuri","Hololive_CallUsadaPekora","Hololive_CallHoushouMarine","Hololive_CallSakuraMiko+1","Hololive_FlareMind+1","Hololive_RevenueBasedLive+1","Hololive_CallMinatoAqua","Hololive_CallSakuraMiko+1","Hololive_CallFriendA","Hololive_Nanodesu+1","Hololive_Watashimo+1","Hololive_Recruit","Sadistic Nature","Hololive_CallAmaneKanata+1","Hololive_CallUruhaRushia+1","Hololive_CallYuzukiChoco","Hololive_FlareMind+1","CurseOfTheBell","Hololive_CallAkiRosenthal+1","Hololive_CallHoshimachiSuisei+1"],"relics":["Hololive_TheStar","Golden Idol","Lantern","Tiny Chest","Matryoshka","Strawberry","Bird Faced Urn","Philosopher\u0027s Stone","Bottled Lightning","Pen Nib","Toxic Egg 2","Gremlin Horn","PreservedInsect","Pear","Calling Bell","Bronze Scales","Frozen Egg 2","Pocketwatch","MawBank","Darkstone Periapt","WarpedTongs","Question Card","Meat on the Bone","Bottled Tornado","StrikeDummy","ClockworkSouvenir","Ornamental Fan"],"acts_visited":["Exordium","TheCity","TheBeyond"],"potions_floor_usage":[],"damage_taken":[{"damage":0.0,"enemies":"2 Louse","floor":1.0,"turns":3.0},{"damage":0.0,"enemies":"Jaw Worm","floor":3.0,"turns":3.0},{"damage":0.0,"enemies":"Cultist","floor":5.0,"turns":3.0},{"damage":0.0,"enemies":"Gremlin Nob","floor":6.0,"turns":4.0},{"damage":0.0,"enemies":"3 Sentries","floor":8.0,"turns":4.0},{"damage":0.0,"enemies":"Blue Slaver","floor":10.0,"turns":3.0},{"damage":0.0,"enemies":"Lots of Slimes","floor":11.0,"turns":3.0},{"damage":0.0,"enemies":"Lagavulin","floor":12.0,"turns":4.0},{"damage":0.0,"enemies":"3 Sentries","floor":14.0,"turns":8.0},{"damage":0.0,"enemies":"Slime Boss","floor":16.0,"turns":5.0},{"damage":0.0,"enemies":"Chosen","floor":18.0,"turns":3.0},{"damage":0.0,"enemies":"Shell Parasite","floor":19.0,"turns":3.0},{"damage":0.0,"enemies":"Shelled Parasite and Fungi","floor":20.0,"turns":3.0},{"damage":0.0,"enemies":"Gremlin Leader","floor":24.0,"turns":3.0},{"damage":0,"enemies":"Book of Stabbing","floor":27,"turns":2},{"damage":0,"enemies":"Snake Plant","floor":28,"turns":2},{"damage":0,"enemies":"Gremlin Leader","floor":29,"turns":3},{"damage":11,"enemies":"Slavers","floor":31,"turns":3},{"damage":0,"enemies":"Collector","floor":33,"turns":3},{"damage":0,"enemies":"3 Darklings","floor":35,"turns":2},{"damage":0,"enemies":"3 Shapes","floor":37,"turns":2},{"damage":3,"enemies":"Reptomancer","floor":41,"turns":3},{"damage":0,"enemies":"Giant Head","floor":44,"turns":4},{"damage":5,"enemies":"Transient","floor":45,"turns":5},{"damage":0,"enemies":"Nemesis","floor":48,"turns":3},{"damage":92,"enemies":"Awakened One","floor":50,"turns":5}],"seed_played":"7211743869951974207","potions_obtained":[{"floor":3.0,"key":"Fire Potion"},{"floor":6.0,"key":"SmokeBomb"},{"floor":10.0,"key":"Ancient Potion"},{"floor":16.0,"key":"Ancient Potion"},{"floor":20.0,"key":"FairyPotion"},{"floor":45,"key":"EntropicBrew"}],"is_trial":false,"path_per_floor":["M","?","M","?","M","E","T","E","T","M","M","E","R","E","R","B",null,"M","M","M","$","?","R","E","R","T","E","M","E","?","E","R","B",null,"M","T","M","?","?","R","E","R","T","E","M","T","$","E","R","B"],"character_chosen":"Hololive_HololiveCharacter","items_purchased":["Sadistic Nature","ClockworkSouvenir"],"campfire_rested":0,"item_purchase_floors":[21,47],"current_hp_per_floor":[32,25,25,25,25,25,25,25,25,25,25,32,32,32,32,37,37,37,37,37,37,37,37,37,37,37,37,37,37,37,46,46,47,47,47,47,47,47,53,53,53,53,53,53,53,53,53,53,53,0,0],"gold":1378,"neow_bonus":"TWO_FIFTY_GOLD","is_daily":false,"chose_seed":false,"campfire_upgraded":7,"win_rate":0.0,"timestamp":1610543785,"path_taken":["M","?","M","?","M","E","?","E","T","?","M","E","R","E","R","BOSS","M","M","M","$","?","R","E","R","T","E","M","E","?","E","R","BOSS","M","?","?","?","?","R","E","R","T","E","M","?","$","E","R","BOSS"],"items_purchased_type":["Card","Relic"],"build_version":"2020-12-22","purchased_purges":2,"victory":false,"max_hp_per_floor":[32,32,32,30,30,30,30,30,30,30,30,37,37,37,37,37,37,37,37,37,37,37,37,37,37,37,37,37,37,37,47,47,47,47,47,47,47,47,53,53,53,53,53,53,53,53,53,53,53,53,53],"card_choices":[{"not_picked":["Hololive_Rebound","Hololive_ManjiGathering","Hololive_FlyingPonyTail","Hololive_Psychosis"],"picked":"SKIP","floor":1.0},{"not_picked":["Hololive_CallNekomataOkayu","Hololive_Trident","Hololive_Breathe","Hololive_CallYogiri"],"picked":"SKIP","floor":3.0},{"not_picked":["Hololive_LuckPotion","Hololive_StrengthChampion","Hololive_Breathe","Hololive_CallYogiri"],"picked":"SKIP","floor":5.0},{"not_picked":["Hololive_StrengthChampion","Hololive_HuntDinosaur","Hololive_Psychosis"],"picked":"Hololive_FlareMind","floor":6.0},{"not_picked":["Hololive_Psychosis","Hololive_Rebound","Hololive_OvertimeWork"],"picked":"Hololive_RevenueBasedLive","floor":8.0},{"not_picked":["Hololive_CallAyundaRisu","Hololive_SoulCatcher","Hololive_CocoNews"],"picked":"Hololive_CallMinatoAqua","floor":10.0},{"not_picked":["Hololive_CocoNews","Hololive_CallAmaneKanata","Hololive_LuckPotion","Hololive_StrengthChampion"],"picked":"SKIP","floor":11.0},{"not_picked":["Hololive_Trident","Hololive_SummonFox","Hololive_Breathe"],"picked":"Hololive_CallSakuraMiko","floor":12.0},{"not_picked":["Hololive_RevenueBasedLive","Hololive_LuckPotion","Hololive_StrengthChampion"],"picked":"Hololive_CallFriendA","floor":14.0},{"not_picked":["Hololive_IdolExercise","Hololive_AWSL","Hololive_Recruit"],"picked":"Hololive_Nanodesu","floor":16.0},{"not_picked":["Hololive_CallYogiri","Hololive_Breathe","Hololive_Rebound"],"picked":"Hololive_Watashimo+1","floor":18.0},{"not_picked":["Hololive_RevenueBasedLive","Hololive_CocoNews+1","Hololive_CallDoris","Hololive_Breathe"],"picked":"SKIP","floor":19.0},{"not_picked":["Hololive_CallHoushouMarine","Hololive_ManjiGathering","Hololive_Sequa+1"],"picked":"Hololive_Recruit","floor":20.0},{"not_picked":["Hololive_Breathe","Hololive_Drill+1","Hololive_CallInugamiKorone","Hololive_OvertimeWork"],"picked":"SKIP","floor":24},{"not_picked":["Hololive_RevenueBasedLive+1","Hololive_Psychosis","Hololive_LuckPotion+1"],"picked":"Hololive_CallAmaneKanata","floor":27},{"not_picked":["Hololive_FlyingPonyTail+1","Hololive_Breathe+1","Hololive_HuntDinosaur+1"],"picked":"Hololive_ScarfAndHalo","floor":28},{"not_picked":["Hololive_StrengthChampion","Hololive_Drill+1","Hololive_OvertimeWork"],"picked":"Hololive_CallUruhaRushia+1","floor":29},{"not_picked":["Hololive_CallOkamiMio","Hololive_CallSpadeEcho+1","Hololive_CallYukihanaLamy+1"],"picked":"Hololive_CallYuzukiChoco","floor":31},{"not_picked":["Hololive_ScarfAndHalo","Hololive_HighAtkLowDef+1","Hololive_OpenUp"],"picked":"Hololive_FlareMind+1","floor":33},{"not_picked":["Hololive_RevenueBasedLive+1","Hololive_CallUruhaRushia+1","Hololive_Psychosis+1","Hololive_HuntDinosaur+1"],"picked":"SKIP","floor":35},{"not_picked":["Hololive_Psychosis+1","Hololive_CallUruhaRushia+1","Hololive_CallAyundaRisu+1","Hololive_StrengthChampion+1"],"picked":"SKIP","floor":37},{"not_picked":["Hololive_LuckPotion+1","Hololive_CallManoAloe+1","Hololive_CallHimemoriLuna+1"],"picked":"Hololive_CallAkiRosenthal+1","floor":41},{"not_picked":["Hololive_CallOmaruPolka+1","Hololive_RevenueBasedLive+1","Hololive_CallYogiri+1","Hololive_OvertimeWork+1","Hololive_Drill+1"],"picked":"SKIP","floor":44},{"not_picked":["Hololive_CocoNews","Hololive_CallUruhaRushia+1","Hololive_CallAkiRosenthal+1","Hololive_StrengthChampion+1","Hololive_CallMinatoAqua+1"],"picked":"SKIP","floor":45},{"not_picked":["Hololive_MaximGun","Hololive_CallShiroganeNoel+1","Hololive_LuckPotion+1","Hololive_CallManoAloe+1"],"picked":"Hololive_CallHoshimachiSuisei+1","floor":48}],"player_experience":1081769,"relics_obtained":[{"floor":6.0,"key":"Lantern"},{"floor":8.0,"key":"Tiny Chest"},{"floor":9.0,"key":"Matryoshka"},{"floor":12.0,"key":"Strawberry"},{"floor":14.0,"key":"Bird Faced Urn"},{"floor":24,"key":"Bottled Lightning"},{"floor":26,"key":"Pen Nib"},{"floor":26,"key":"Toxic Egg 2"},{"floor":27,"key":"Gremlin Horn"},{"floor":29,"key":"PreservedInsect"},{"floor":31,"key":"Pear"},{"floor":34,"key":"Bronze Scales"},{"floor":34,"key":"Frozen Egg 2"},{"floor":34,"key":"Pocketwatch"},{"floor":36,"key":"MawBank"},{"floor":36,"key":"Darkstone Periapt"},{"floor":41,"key":"Question Card"},{"floor":43,"key":"Meat on the Bone"},{"floor":44,"key":"Bottled Tornado"},{"floor":46,"key":"StrikeDummy"},{"floor":48,"key":"Ornamental Fan"}],"event_choices":[{"cards_removed":["Hololive_Strike"],"damage_healed":0.0,"max_hp_gain":0.0,"max_hp_loss":0.0,"gold_gain":0.0,"event_name":"Golden Wing","player_choice":"Card Removal","floor":2.0,"gold_loss":0.0,"damage_taken":7.0},{"damage_healed":0.0,"max_hp_gain":0.0,"max_hp_loss":2.0,"gold_gain":0.0,"event_name":"Golden Idol","player_choice":"Lose Max HP","floor":4.0,"gold_loss":0.0,"damage_taken":0.0,"relics_obtained":["Golden Idol"]},{"cards_removed":["Hololive_Defend"],"damage_healed":0.0,"max_hp_gain":0.0,"max_hp_loss":0.0,"gold_gain":0.0,"event_name":"Beggar","player_choice":"Gave Gold","floor":22.0,"gold_loss":75.0,"damage_taken":0.0},{"damage_healed":0,"gold_gain":0,"player_choice":"Ignored","damage_taken":0,"max_hp_gain":0,"max_hp_loss":0,"event_name":"Ghosts","floor":30,"gold_loss":0},{"cards_removed":["Hololive_ScarfAndHalo"],"damage_healed":0,"gold_gain":0,"player_choice":"Removed Attack","damage_taken":0,"max_hp_gain":0,"max_hp_loss":0,"event_name":"Falling","floor":38,"gold_loss":0},{"damage_healed":0,"gold_gain":0,"player_choice":"Rummage","damage_taken":0,"relics_obtained":["WarpedTongs"],"max_hp_gain":0,"max_hp_loss":0,"event_name":"Accursed Blacksmith","floor":39,"gold_loss":0,"cards_obtained":["Pain"]}],"is_beta":false,"boss_relics":[{"not_picked":["Runic Dome","Sozu"],"picked":"Philosopher\u0027s Stone"},{"not_picked":["Coffee Dripper","Pandora\u0027s Box"],"picked":"Calling Bell"}],"items_purged_floors":[21,47],"is_endless":false,"potions_floor_spawned":[3,6,10,16,19,20,28,35,41,45],"killed_by":"Awakened One","ascension_level":7}}