{"host":"tnu4ypcvorrhmtm6","time":1610563374,"event":{"mods":["ATMod(°¢èªMod)","BaseMod","Conspire","GungeonMod","Minty Spire (QoL Compilation)","MostiFishMod","Replay The Spire","RumiaBox-Â¶Ã×æ«µÄÉñÃØºÐ×Ó","StSLib","TestMod","The Gatherer","[IsaacMod]ÒÔÈö¼âËþ","vexMod","¡¾¹¦ÄÜMod¡¿»ìãçÖ®»·ÐÞ¸´²¹¶¡","¡¾ÒÅÎï¿¨ÅÆ¡¿REMEMod"],"gold_per_floor":[111,111,127,143,21,21,49,84,84,111,111,124,142,142,142,240,240,256,15,15,15,15],"floor_reached":21,"language":"ZHS","playtime":768,"items_purged":["Defend_R","Strike_R"],"score":196,"play_id":"a0277d3d-17f0-48a4-80e3-75c82f63183a","local_time":"20210114024254","is_ascension_mode":true,"campfire_choices":[{"floor":6,"key":"RECALL"},{"floor":15,"key":"REST"}],"circlet_count":0,"master_deck":["Strike_R","Strike_R","Strike_R","Strike_R","Defend_R+1","Defend_R+1","Bash","AT_WindFlip","Limit Break","Sword Boomerang","Twin Strike","testmod-Collector","Seeing Red","Gatherer:BambuSword","ReplayTheSpireMod:Doomed","Sword Boomerang","MostiFishMod:FireWorks","REME_Cut+1","REME_Flogging","Jack Of All Trades"],"relics":["Burning Blood","testmod-TestBox","DaveBox","REME_ComplimentaryCards","AT_ATBox","HushsDoor","GuppysHead","Membership Card","testmod-NegativeEmotionEnhancer","SynthV:TestCard","War Paint","Odd Mushroom","LastBattle","testmod-LifeArmor","ReplayTheSpireMod:Ring of Collecting","Ring of Hypnosis","RhineCircuit","Damocles","Replay:Wax Seal","testmod-Register"],"acts_visited":["Exordium","TheCity"],"potions_floor_usage":[16,16],"damage_taken":[{"damage":0,"enemies":"Small Slimes","floor":1,"turns":1},{"damage":10,"enemies":"conspire:RoseBush","floor":3,"turns":2},{"damage":0,"enemies":"Cultist","floor":4,"turns":2},{"damage":25,"enemies":"The Mushroom Lair","floor":7,"turns":3},{"damage":19,"enemies":"3 Sentries","floor":8,"turns":4},{"damage":29,"enemies":"Gremlin Nob","floor":10,"turns":4},{"damage":8,"enemies":"Looter","floor":12,"turns":2},{"damage":0,"enemies":"2 Fungi Beasts","floor":13,"turns":1},{"damage":14,"enemies":"Slime Boss","floor":16,"turns":7},{"damage":8,"enemies":"Chosen","floor":18,"turns":3},{"damage":2,"enemies":"Spheric Guardian","floor":21,"turns":2}],"seed_played":"-2612680903587725902","potions_obtained":[{"floor":7,"key":"SkillPotion"},{"floor":8,"key":"AttackPotion"},{"floor":16,"key":"BlessingOfTheForge"},{"floor":18,"key":"ColorlessPotion"}],"is_trial":false,"path_per_floor":["M","?","M","M","$","R","?","E","T","E","?","M","M","?","R","B",null,"M","$","?","M"],"character_chosen":"IRONCLAD","items_purchased":["testmod-Collector","War Paint","Damocles","REME_Flogging","testmod-Register","Jack Of All Trades"],"campfire_rested":1,"item_purchase_floors":[5,5,17,19,19,19],"current_hp_per_floor":[89,89,87,91,91,91,76,67,67,46,46,46,55,48,76,73,82,82,82,66,0,0],"gold":15,"neow_bonus":"TEN_PERCENT_HP_BONUS","is_daily":false,"chose_seed":false,"campfire_upgraded":0,"win_rate":0.0,"timestamp":1610563374,"path_taken":["M","?","M","M","?","R","?","E","T","E","?","M","?","?","R","BOSS","M","$","?","M"],"items_purchased_type":["Card","Relic","Relic","Card","Relic","Card"],"build_version":"2020-12-22","purchased_purges":2,"victory":false,"max_hp_per_floor":[89,89,90,91,91,91,92,93,93,94,94,95,96,96,96,97,82,83,83,88,88,88],"card_choices":[{"not_picked":[],"picked":"Bomb","floor":0},{"not_picked":["AT_CaressingTears","Gatherer:WitheringStrike"],"picked":"Sword Boomerang","floor":1},{"not_picked":["Gatherer:BambuSword","Gatherer:GatherMaterial","Life Link","REME_SingleHolding"],"picked":"Twin Strike","floor":3},{"not_picked":["Power Through","DemoMod:MachoBrace","Warcry","Abandon","Gatherer:Frenzy"],"picked":"SKIP","floor":4},{"not_picked":["DemoMod:ZorGun","AT_BodySlamDance","Battle Trance","Gatherer:SaveValuables"],"picked":"Seeing Red","floor":8},{"not_picked":["Gatherer:CarefulStrike","Abandon","DemoMod:Camera","Bludgeon"],"picked":"Gatherer:BambuSword","floor":10},{"not_picked":["DemoMod:SAA","Fire Breathing","Armaments","Gatherer:VenomBarrier"],"picked":"Sword Boomerang","floor":12},{"not_picked":["Gatherer:Solidify","Limit Break","conspire:ExplosiveBarrier","DemoMod:Unmoved","Reckless Charge"],"picked":"SKIP","floor":13},{"not_picked":["DemoMod:Desperate","MostiFishMod:WingOfPhoenix","DemoMod:BulletBore","Gatherer:StoneFence"],"picked":"MostiFishMod:FireWorks","floor":16},{"not_picked":["Wild Strike","DemoMod:FastSwitch","Flex","DemoMod:MachoBrace+1"],"picked":"REME_Cut+1","floor":18}],"player_experience":31464,"relics_obtained":[{"floor":1,"key":"SynthV:TestCard"},{"floor":7,"key":"Odd Mushroom"},{"floor":8,"key":"LastBattle"},{"floor":10,"key":"testmod-LifeArmor"},{"floor":11,"key":"ReplayTheSpireMod:Ring of Collecting"},{"floor":11,"key":"Ring of Hypnosis"},{"floor":18,"key":"Replay:Wax Seal"}],"event_choices":[{"damage_healed":0,"gold_gain":0,"player_choice":"Fought Mushrooms","damage_taken":0,"max_hp_gain":0,"max_hp_loss":0,"event_name":"Mushrooms","floor":7,"gold_loss":0},{"cards_removed":["Defend_R"],"damage_healed":0,"gold_gain":0,"player_choice":"Card Removal","damage_taken":7,"max_hp_gain":0,"max_hp_loss":0,"event_name":"Golden Wing","floor":14,"gold_loss":0},{"damage_healed":0,"gold_gain":0,"player_choice":"Shed Blood","damage_taken":21,"max_hp_gain":5,"max_hp_loss":0,"event_name":"Forgotten Altar","floor":20,"gold_loss":0}],"is_beta":false,"boss_relics":[{"not_picked":["EasyGame_NEW","vexMod:TanglingVine"],"picked":"RhineCircuit"},{"not_picked":[]}],"items_purged_floors":[17,19],"is_endless":false,"potions_floor_spawned":[7,8,16,18],"killed_by":"Spheric Guardian","ascension_level":1}}