{"host":"raai0vtvcfkt8csp","time":1610540741,"event":{"mods":["2.2 Compatiblity","BaseMod","Beaked The Cultist","Block Reminder","Booster Modes","Clockwork Mod","DeckTracker","Defective Defect","Defuse TimeMaze Blight","Dio Mod","GifTheSpireLib","Infinite Spire","Minty Spire (QoL Compilation)","Quick Restart","Random Character Button","Rare Cards Sparkle","StSLib","The Marked","Unceasing Turn Reminder"],"gold_per_floor":[116,132,149,149,224,265,265,300,300,313,313,313],"floor_reached":11,"language":"ENG","playtime":510,"items_purged":[],"score":87,"play_id":"12ee815c-6b56-427d-9502-fbdef58850cf","local_time":"20210113132541","is_ascension_mode":true,"campfire_choices":[{"floor":7,"key":"REST"}],"circlet_count":0,"master_deck":["theMarked:Strike","theMarked:Strike","theMarked:Strike","theMarked:Strike","theMarked:Strike","theMarked:Defend","theMarked:Defend+1","theMarked:Defend","theMarked:Defend+1","theMarked:SoldierOfQuellstein","theMarked:BanishingStrike","theMarked:AttractMetal","theMarked:Vacuum","theMarked:BanishingStrike","theMarked:TwofoldDefense","theMarked:Frustration"],"relics":["theMarked:ArtifactOfAir","NeowsBlessing","Golden Idol","War Paint","infinitespire:Bottled Soul","Toy Ornithopter"],"acts_visited":["Exordium"],"potions_floor_usage":[11],"damage_taken":[{"damage":0,"enemies":"infinitespire:Voidling","floor":1,"turns":1},{"damage":0,"enemies":"Small Slimes","floor":2,"turns":1},{"damage":0,"enemies":"Jaw Worm","floor":3,"turns":1},{"damage":29,"enemies":"3 Sentries","floor":6,"turns":10},{"damage":18,"enemies":"Lagavulin","floor":8,"turns":7},{"damage":0,"enemies":"3 Louse","floor":10,"turns":6},{"damage":36,"enemies":"Gremlin Nob","floor":11,"turns":4}],"seed_played":"-4251610649407567318","potions_obtained":[{"floor":2,"key":"FearPotion"},{"floor":6,"key":"PowerPotion"},{"floor":8,"key":"Swift Potion"}],"is_trial":false,"path_per_floor":["M","M","M","?","?","E","R","E","T","M","E"],"character_chosen":"THE_DEFAULT","items_purchased":[],"campfire_rested":1,"item_purchase_floors":[],"current_hp_per_floor":[70,70,70,53,42,13,34,16,16,16,0,0],"gold":313,"neow_bonus":"THREE_ENEMY_KILL","is_daily":false,"chose_seed":false,"campfire_upgraded":0,"win_rate":0.0,"timestamp":1610540741,"path_taken":["M","M","?","?","?","E","R","E","T","M","E"],"items_purchased_type":[],"build_version":"2020-12-22","purchased_purges":0,"victory":false,"max_hp_per_floor":[70,70,70,70,70,70,70,70,70,70,70,70],"card_choices":[{"not_picked":["theMarked:Aftermath","theMarked:SwordAndMagic"],"picked":"theMarked:BanishingStrike","floor":1},{"not_picked":["theMarked:LightningStrikesTwice","theMarked:TwofoldDefense"],"picked":"theMarked:AttractMetal","floor":2},{"not_picked":["theMarked:WastefulAttack","theMarked:EmpowerWeapon"],"picked":"theMarked:Vacuum","floor":3},{"not_picked":["theMarked:Electrify","theMarked:TunnelVision"],"picked":"theMarked:BanishingStrike","floor":6},{"not_picked":["theMarked:SwordAndMagic","theMarked:Convert"],"picked":"theMarked:TwofoldDefense","floor":8},{"not_picked":["theMarked:Improvise","theMarked:EnhanceMovement"],"picked":"theMarked:Frustration","floor":10}],"player_experience":879753,"relics_obtained":[{"floor":6,"key":"War Paint"},{"floor":8,"key":"infinitespire:Bottled Soul"},{"floor":9,"key":"Toy Ornithopter"}],"event_choices":[{"damage_healed":0,"gold_gain":0,"player_choice":"Take Damage","damage_taken":17,"relics_obtained":["Golden Idol"],"max_hp_gain":0,"max_hp_loss":0,"event_name":"Golden Idol","floor":4,"gold_loss":0},{"damage_healed":0,"gold_gain":75,"player_choice":"Gather Gold","damage_taken":11,"max_hp_gain":0,"max_hp_loss":0,"event_name":"World of Goop","floor":5,"gold_loss":0}],"is_beta":false,"boss_relics":[],"items_purged_floors":[],"is_endless":false,"potions_floor_spawned":[2,6,8,10],"killed_by":"Gremlin Nob","ascension_level":1}}