{"host":"28p8ce41sjwa6lzf","time":1610555900,"event":{"mods":["BaseMod","Bestiary","Colored Map","Colored Powertips","Dark Map","Highlight Path","Minty Spire (QoL Compilation)","Permanent Neow","Quick Restart","Random Character Button","Rare Cards Sparkle","Relic Stats","StSLib","Unceasing Turn Reminder"],"gold_per_floor":[109,109,184,184,15,49,49,49,49,80,80,106,156,173,173,244,244,262,23,73,90,108,108,124,141,168,168,203,214,214,246,246,321,321,335,350,350,396,410,410,22,22,45,79,79,97,123,136,136,136,136],"floor_reached":50,"language":"ENG","playtime":4461,"items_purged":["Strike_G"],"score":1287,"play_id":"ab0eb8c8-02c1-4d9e-85d8-f8d56415e072","local_time":"20210113103820","is_ascension_mode":true,"campfire_choices":[{"data":"Finisher","floor":7.0,"key":"SMITH"},{"floor":15.0,"key":"REST"},{"data":"Malaise","floor":23.0,"key":"SMITH"},{"floor":27.0,"key":"REST"},{"data":"Burst","floor":30.0,"key":"SMITH"},{"data":"Cloak And Dagger","floor":32.0,"key":"SMITH"},{"data":"Adrenaline","floor":40.0,"key":"SMITH"},{"data":"Burst","floor":42.0,"key":"SMITH"},{"floor":49.0,"key":"RECALL"}],"circlet_count":0,"master_deck":["AscendersBane","Strike_G","Defend_G","Defend_G","Defend_G","Defend_G","Survivor","Finisher+1","Malaise+1","Acrobatics","Quick Slash","After Image","Burst+1","Deadly Poison+1","Dagger Throw+1","Adrenaline+1","Poisoned Stab+1","Blade Dance","PiercingWail","Cloak And Dagger+1","Riddle With Holes+1","Prepared","Adrenaline+1","Outmaneuver+1","Caltrops","Cloak And Dagger+1","Burst+1","Noxious Fumes","Infinite Blades+1","Backflip"],"relics":["Ring of the Snake","NeowsBlessing","Vajra","Mummified Hand","Anchor","Bronze Scales","Mango","Kunai","Astrolabe","Chemical X","Toy Ornithopter","Smiling Mask","PreservedInsect","Coffee Dripper","TungstenRod","Membership Card","HornCleat","Bottled Lightning","Juzu Bracelet"],"acts_visited":["Exordium","TheCity","TheBeyond"],"potions_floor_usage":[],"damage_taken":[{"damage":0.0,"enemies":"2 Louse","floor":1.0,"turns":1.0},{"damage":0.0,"enemies":"3 Sentries","floor":6.0,"turns":1.0},{"damage":0.0,"enemies":"Gremlin Nob","floor":10.0,"turns":1.0},{"damage":10.0,"enemies":"3 Sentries","floor":12.0,"turns":12.0},{"damage":0.0,"enemies":"Jaw Worm","floor":14.0,"turns":3.0},{"damage":32.0,"enemies":"Slime Boss","floor":16.0,"turns":12.0},{"damage":8.0,"enemies":"Shell Parasite","floor":18.0,"turns":4.0},{"damage":0.0,"enemies":"3 Byrds","floor":21.0,"turns":3.0},{"damage":0.0,"enemies":"Snake Plant","floor":22.0,"turns":4.0},{"damage":3.0,"enemies":"Shelled Parasite and Fungi","floor":24.0,"turns":4.0},{"damage":0.0,"enemies":"Centurion and Healer","floor":25.0,"turns":7.0},{"damage":9.0,"enemies":"Gremlin Leader","floor":28.0,"turns":7.0},{"damage":0.0,"enemies":"Cultist and Chosen","floor":29.0,"turns":5.0},{"damage":1.0,"enemies":"Book of Stabbing","floor":31.0,"turns":5.0},{"damage":23.0,"enemies":"Collector","floor":33.0,"turns":15.0},{"damage":0.0,"enemies":"3 Shapes","floor":35.0,"turns":5.0},{"damage":0.0,"enemies":"Orb Walker","floor":36.0,"turns":4.0},{"damage":18.0,"enemies":"2 Orb Walkers","floor":38.0,"turns":4.0},{"damage":6.0,"enemies":"Jaw Worm Horde","floor":39.0,"turns":4.0},{"damage":10.0,"enemies":"Nemesis","floor":44.0,"turns":6.0},{"damage":2.0,"enemies":"Spire Growth","floor":46.0,"turns":6.0},{"damage":19.0,"enemies":"Giant Head","floor":47.0,"turns":7.0},{"damage":0.0,"enemies":"Sphere and 2 Shapes","floor":48.0,"turns":4.0},{"damage":28,"enemies":"Time Eater","floor":50,"turns":10}],"seed_played":"-3461911732160036252","potions_obtained":[{"floor":1.0,"key":"Poison Potion"},{"floor":10.0,"key":"Energy Potion"},{"floor":16.0,"key":"Energy Potion"},{"floor":18.0,"key":"AttackPotion"},{"floor":22.0,"key":"Block Potion"},{"floor":33.0,"key":"Dexterity Potion"},{"floor":35.0,"key":"Energy Potion"},{"floor":36.0,"key":"Ancient Potion"}],"is_trial":false,"path_per_floor":["M","?","?","?","$","E","R","?","T","E","?","E","?","M","R","B",null,"M","$","?","M","M","R","M","M","T","R","E","M","R","E","R","B",null,"M","M","?","?","M","R","$","R","T","E","?","M","E","M","R","B"],"character_chosen":"THE_SILENT","items_purchased":["Vajra","Chemical X","Membership Card","HornCleat","Burst"],"campfire_rested":2,"item_purchase_floors":[5,19,41,41,41],"current_hp_per_floor":[59,64,53,46,46,46,46,28,28,42,42,32,32,32,57,25,70,62,62,62,62,62,62,59,59,59,84,75,75,75,74,74,61,79,79,79,79,61,55,55,55,55,55,45,45,43,24,24,24,0,0],"gold":136,"neow_bonus":"THREE_ENEMY_KILL","is_daily":false,"chose_seed":false,"campfire_upgraded":6,"win_rate":0.0,"timestamp":1610555900,"path_taken":["M","?","?","?","$","E","R","?","T","E","?","E","?","M","R","BOSS","M","$","?","M","M","R","M","M","T","R","E","M","R","E","R","BOSS","M","M","?","?","M","R","$","R","T","E","?","M","E","M","R","BOSS"],"items_purchased_type":["Relic","Relic","Relic","Relic","Card"],"build_version":"2020-12-22","purchased_purges":1,"victory":false,"max_hp_per_floor":[66,71,71,71,71,71,71,71,71,85,85,85,85,85,85,85,85,85,85,85,85,85,85,85,85,85,85,85,85,85,85,85,85,85,85,85,85,85,85,85,85,85,85,85,85,85,85,85,85,85,85],"relic_stats":{"counters":[24,134],"Astrolabe":["Deadly Poison","Dagger Throw","Adrenaline"],"PreservedInsect":180,"Juzu Bracelet":0,"Smiling Mask":0,"Mummified Hand":[33],"Bronze Scales":[368],"Kunai":[80],"Chemical X":[26],"obtain_stats":[{"NeowsBlessing":0,"Astrolabe":17,"Vajra":5,"Mango":10,"PreservedInsect":31,"Juzu Bracelet":47,"Smiling Mask":28,"Anchor":8,"HornCleat":41,"Mummified Hand":6,"Bronze Scales":9,"Coffee Dripper":34,"Kunai":12,"Chemical X":19,"Membership Card":41,"Bottled Lightning":44,"Toy Ornithopter":26,"TungstenRod":38,"Ring of the Snake":0},{"NeowsBlessing":0,"Astrolabe":6,"Vajra":1,"Mango":3,"PreservedInsect":14,"Juzu Bracelet":22,"Smiling Mask":12,"Anchor":2,"HornCleat":19,"Mummified Hand":2,"Bronze Scales":2,"Coffee Dripper":15,"Kunai":4,"Chemical X":7,"Membership Card":19,"Bottled Lightning":20,"Toy Ornithopter":11,"TungstenRod":18,"Ring of the Snake":0},{"NeowsBlessing":0,"Astrolabe":30,"Vajra":1,"Mango":3,"PreservedInsect":69,"Juzu Bracelet":120,"Smiling Mask":59,"Anchor":2,"HornCleat":101,"Mummified Hand":2,"Bronze Scales":2,"Coffee Dripper":84,"Kunai":15,"Chemical X":34,"Membership Card":101,"Bottled Lightning":107,"Toy Ornithopter":52,"TungstenRod":97,"Ring of the Snake":0}],"Toy Ornithopter":10,"TungstenRod":11,"Ring of the Snake":[48]},"card_choices":[{"not_picked":["Endless Agony","Poisoned Stab"],"picked":"Finisher","floor":1.0},{"not_picked":["Dagger Spray","Flying Knee"],"picked":"Malaise","floor":6.0},{"not_picked":["Catalyst","Heel Hook"],"picked":"Acrobatics","floor":10.0},{"not_picked":["Finisher","Prepared"],"picked":"Quick Slash","floor":12.0},{"not_picked":["Cloak And Dagger","Sucker Punch"],"picked":"After Image","floor":14.0},{"not_picked":["Unload","Malaise"],"picked":"Burst","floor":16.0},{"not_picked":["Deadly Poison","Expertise"],"picked":"Poisoned Stab+1","floor":18.0},{"not_picked":["Deflect+1","Distraction"],"picked":"Blade Dance","floor":21.0},{"not_picked":["Cloak And Dagger","Leg Sweep"],"picked":"PiercingWail","floor":22.0},{"not_picked":["Predator","Flechettes"],"picked":"Cloak And Dagger","floor":24.0},{"not_picked":["Underhanded Strike","Flying Knee+1"],"picked":"Riddle With Holes+1","floor":25.0},{"not_picked":["Flying Knee","Riddle With Holes","Deadly Poison"],"picked":"SKIP","floor":28.0},{"not_picked":["Riddle With Holes","Tactician"],"picked":"Prepared","floor":29.0},{"not_picked":["PiercingWail","Dagger Spray","Deadly Poison"],"picked":"SKIP","floor":31.0},{"not_picked":["Bullet Time","Wraith Form v2"],"picked":"Adrenaline","floor":33.0},{"not_picked":["Riddle With Holes+1","Backstab"],"picked":"Outmaneuver+1","floor":35.0},{"not_picked":["Bane","Prepared"],"picked":"Caltrops","floor":36.0},{"not_picked":["Acrobatics+1","PiercingWail"],"picked":"Cloak And Dagger+1","floor":38.0},{"not_picked":["Finisher+1","Flying Knee+1","PiercingWail"],"picked":"SKIP","floor":39.0},{"not_picked":["Poisoned Stab","Riddle With Holes","Unload"],"picked":"SKIP","floor":44.0},{"not_picked":["Eviscerate","Flying Knee"],"picked":"Noxious Fumes","floor":46.0},{"not_picked":["Reflex","Dagger Spray+1"],"picked":"Infinite Blades+1","floor":47.0},{"not_picked":["Finisher","Distraction"],"picked":"Backflip","floor":48.0}],"player_experience":1141195,"relics_obtained":[{"floor":6.0,"key":"Mummified Hand"},{"floor":9.0,"key":"Bronze Scales"},{"floor":10.0,"key":"Mango"},{"floor":12.0,"key":"Kunai"},{"floor":26.0,"key":"Toy Ornithopter"},{"floor":28.0,"key":"Smiling Mask"},{"floor":31.0,"key":"PreservedInsect"},{"floor":38.0,"key":"TungstenRod"},{"floor":44.0,"key":"Bottled Lightning"},{"floor":47.0,"key":"Juzu Bracelet"}],"event_choices":[{"damage_healed":0.0,"max_hp_gain":5.0,"max_hp_loss":0.0,"gold_gain":0.0,"event_name":"Big Fish","player_choice":"Donut","floor":2.0,"gold_loss":0.0,"damage_taken":0.0},{"damage_healed":0.0,"max_hp_gain":0.0,"max_hp_loss":0.0,"gold_gain":75.0,"event_name":"World of Goop","player_choice":"Gather Gold","floor":3.0,"gold_loss":0.0,"damage_taken":11.0},{"cards_removed":["Strike_G"],"damage_healed":0.0,"max_hp_gain":0.0,"max_hp_loss":0.0,"gold_gain":0.0,"event_name":"Golden Wing","player_choice":"Card Removal","floor":4.0,"gold_loss":0.0,"damage_taken":7.0},{"damage_healed":0.0,"max_hp_gain":0.0,"max_hp_loss":0.0,"gold_gain":0.0,"event_name":"Scrap Ooze","player_choice":"Success","floor":8.0,"gold_loss":0.0,"damage_taken":18.0,"relics_obtained":["Anchor"]},{"damage_healed":0.0,"max_hp_gain":0.0,"max_hp_loss":0.0,"gold_gain":0.0,"event_name":"Liars Game","player_choice":"Ignored","floor":11.0,"gold_loss":0.0,"damage_taken":0.0},{"damage_healed":0.0,"max_hp_gain":0.0,"max_hp_loss":0.0,"gold_gain":50.0,"event_name":"Golden Shrine","player_choice":"Pray","floor":13.0,"gold_loss":0.0,"damage_taken":0.0},{"damage_healed":0.0,"max_hp_gain":0.0,"max_hp_loss":0.0,"gold_gain":50.0,"event_name":"Nest","player_choice":"Stole From Cult","floor":20.0,"gold_loss":0.0,"damage_taken":0.0},{"damage_healed":0.0,"max_hp_gain":0.0,"max_hp_loss":0.0,"gold_gain":0.0,"event_name":"Tomb of Lord Red Mask","player_choice":"Ignored","floor":37.0,"gold_loss":0.0,"damage_taken":0.0},{"damage_healed":0.0,"max_hp_gain":0.0,"max_hp_loss":0.0,"gold_gain":0.0,"event_name":"Mysterious Sphere","player_choice":"Fight","floor":38.0,"gold_loss":0.0,"damage_taken":0.0},{"cards_removed":["Neutralize"],"damage_healed":0.0,"max_hp_gain":0.0,"max_hp_loss":0.0,"gold_gain":0.0,"event_name":"Falling","player_choice":"Removed Attack","floor":45.0,"gold_loss":0.0,"damage_taken":0.0}],"is_beta":false,"boss_relics":[{"not_picked":["Snecko Eye","Busted Crown"],"picked":"Astrolabe"},{"not_picked":["Pandora\u0027s Box","Cursed Key"],"picked":"Coffee Dripper"}],"items_purged_floors":[19],"is_endless":false,"potions_floor_spawned":[1,10,16,18,22,24,33,35,36,44,46],"killed_by":"Time Eater","ascension_level":20}}