{"host":"7r6bd5ce6zscnmwq","time":1610524216,"event":{"mods":["BaseMod","Better Altar","Better Match","Better Note","Better Sensory Stone","Better Skull","Better Third Choice","Better Vampires","Block Reminder","Colored Powertips","Displayed Cursed Tome","Minty Spire (QoL Compilation)","Permanent Neow","Quick Restart","Robot Space Explorer","Shop Mod","Spicy Shops","StSLib","The Disciple","The Hayseed"],"gold_per_floor":[114,124,124,124,139,139,8,42,42,62,127,138,159,30,30,125,125,143,174,188,403,59,59,79,129,153,181,195,214,241,254,254,349,349,368,368,380,391,391,425,425,442,442,442,456,476,509,526,526,526,526,526,220,253,253],"floor_reached":56,"language":"ENG","playtime":4910,"items_purged":["Clumsy","Injury","RobotSpaceExplorer:Discharger","Writhe"],"score":1274,"play_id":"5525e9b9-69f2-41e2-8ff3-6761e6af4731","local_time":"20210113165016","is_ascension_mode":true,"campfire_choices":[{"data":"RobotSpaceExplorer:Calculate","floor":6.0,"key":"SMITH"},{"data":"Apotheosis","floor":15.0,"key":"SMITH"},{"floor":23.0,"key":"RECALL"},{"data":"RobotSpaceExplorer:RigExplosive","floor":32.0,"key":"SMITH"},{"floor":41.0,"key":"REST"},{"floor":49.0,"key":"REST"},{"data":"RobotSpaceExplorer:Blaster","floor":52.0,"key":"SMITH"}],"circlet_count":0,"master_deck":["RobotSpaceExplorer:Scan","RobotSpaceExplorer:MiniLasers","RobotSpaceExplorer:Counterblock","RobotSpaceExplorer:StarDust","RobotSpaceExplorer:MiniDrones","RobotSpaceExplorer:Calculate+1","RobotSpaceExplorer:MetalStrike","RobotSpaceExplorer:ImprovisedAttack","RobotSpaceExplorer:StarLightning","Apotheosis+1","RobotSpaceExplorer:Blaster+1","RobotSpaceExplorer:Explosion","RobotSpaceExplorer:PlasmaMissile","RobotSpaceExplorer:MetalStrike","RobotSpaceExplorer:StunGrenade","RobotSpaceExplorer:RigExplosive+1","RobotSpaceExplorer:Pulsar","RobotSpaceExplorer:Comet","Madness+1","Madness+1","RobotSpaceExplorer:DoubleBlock","RobotSpaceExplorer:Accelerator","Panacea","RobotSpaceExplorer:MiniBoosters+1"],"relics":["RobotSpaceExplorer:RoboCore","RobotSpaceExplorer:ClockworkSextant","Membership Card","Boot","Toy Ornithopter","Anchor","Bag of Preparation","Odd Mushroom","Red Mask","RobotSpaceExplorer:BottledGravity","PreservedInsect","Blood Vial","Calipers","Smiling Mask","Art of War","Vajra","Centennial Puzzle","MerchantsRug","OrangePellets","Pantograph","FossilizedHelix","White Beast Statue"],"acts_visited":["Exordium","TheCity","TheBeyond","TheEnding"],"potions_floor_usage":[55,55],"damage_taken":[{"damage":7.0,"enemies":"2 Louse","floor":1.0,"turns":3.0},{"damage":2.0,"enemies":"Jaw Worm","floor":2.0,"turns":4.0},{"damage":0.0,"enemies":"Small Slimes","floor":5.0,"turns":3.0},{"damage":19.0,"enemies":"3 Sentries","floor":8.0,"turns":5.0},{"damage":4.0,"enemies":"Exordium Wildlife","floor":10.0,"turns":6.0},{"damage":20.0,"enemies":"3 Sentries","floor":11.0,"turns":5.0},{"damage":0.0,"enemies":"2 Fungi Beasts","floor":12.0,"turns":3.0},{"damage":0.0,"enemies":"The Mushroom Lair","floor":13.0,"turns":2.0},{"damage":5.0,"enemies":"Hexaghost","floor":16.0,"turns":6.0},{"damage":7.0,"enemies":"2 Thieves","floor":18.0,"turns":3.0},{"damage":23.0,"enemies":"Masked Bandits","floor":19.0,"turns":4.0},{"damage":1.0,"enemies":"Shell Parasite","floor":20.0,"turns":4.0},{"damage":10.0,"enemies":"Snake Plant","floor":24.0,"turns":3.0},{"damage":9.0,"enemies":"Slavers","floor":27.0,"turns":3.0},{"damage":4.0,"enemies":"Shelled Parasite and Fungi","floor":28.0,"turns":3.0},{"damage":2.0,"enemies":"Centurion and Healer","floor":29.0,"turns":4.0},{"damage":3.0,"enemies":"Book of Stabbing","floor":30.0,"turns":3.0},{"damage":0.0,"enemies":"Cultist and Chosen","floor":31.0,"turns":4.0},{"damage":53.0,"enemies":"Automaton","floor":33.0,"turns":8.0},{"damage":5.0,"enemies":"3 Shapes","floor":35.0,"turns":3.0},{"damage":3.0,"enemies":"Orb Walker","floor":37.0,"turns":3.0},{"damage":1.0,"enemies":"3 Darklings","floor":38.0,"turns":3.0},{"damage":0.0,"enemies":"Nemesis","floor":40.0,"turns":4.0},{"damage":0.0,"enemies":"Spire Growth","floor":42.0,"turns":4.0},{"damage":0.0,"enemies":"Maw","floor":45.0,"turns":6.0},{"damage":10.0,"enemies":"4 Shapes","floor":46.0,"turns":3.0},{"damage":12.0,"enemies":"Reptomancer","floor":47.0,"turns":5.0},{"damage":3.0,"enemies":"Sphere and 2 Shapes","floor":48.0,"turns":3.0},{"damage":13.0,"enemies":"Time Eater","floor":50.0,"turns":8.0},{"damage":17.0,"enemies":"Shield and Spear","floor":54.0,"turns":5.0},{"damage":87,"enemies":"The Heart","floor":55,"turns":11}],"seed_played":"1825636937436116738","potions_obtained":[{"floor":2.0,"key":"RobotSpaceExplorer:PlasmaFlask"},{"floor":5.0,"key":"Regen Potion"},{"floor":11.0,"key":"Weak Potion"},{"floor":12.0,"key":"ColorlessPotion"},{"floor":16.0,"key":"Swift Potion"},{"floor":20.0,"key":"FearPotion"},{"floor":24.0,"key":"Dexterity Potion"},{"floor":30.0,"key":"Energy Potion"},{"floor":37.0,"key":"FairyPotion"},{"floor":45.0,"key":"Weak Potion"}],"is_trial":false,"path_per_floor":["M","M","?","?","M","R","$","E","T","M","?","M","?","$","R","B",null,"M","?","M","?","$","R","M","?","T","E","M","M","E","M","R","B",null,"M","?","M","M","?","E","R","M","T","?","M","M","E","M","R","B",null,"R","$","E","B",null],"character_chosen":"RobotSpaceExplorer","items_purchased":["Membership Card","Boot","Apotheosis","RobotSpaceExplorer:BottledGravity","Lee\u0027s Waffle","PreservedInsect","MerchantsRug","OrangePellets","RobotSpaceExplorer:Accelerator","Pantograph","FossilizedHelix","Panacea"],"campfire_rested":2,"item_purchase_floors":[7,7,14,22,22,22,53,53,53,53,53,53],"current_hp_per_floor":[68,66,48,48,48,48,48,29,29,25,25,25,25,25,25,25,75,68,45,44,44,82,82,72,72,72,70,73,78,79,82,82,29,82,77,61,65,71,55,57,81,82,82,78,78,68,66,65,78,65,78,78,78,76,1],"gold":253,"neow_bonus":"TRANSFORM_CARD","is_daily":false,"chose_seed":false,"campfire_upgraded":4,"win_rate":0.0,"timestamp":1610524216,"path_taken":["M","M","?","?","M","R","$","E","T","M","?","M","?","?","R","BOSS","M","?","M","?","$","R","M","?","T","E","?","?","E","M","R","BOSS","M","?","M","M","?","E","R","?","T","?","M","M","E","M","R","BOSS","R","$","E","BOSS"],"items_purchased_type":["Relic","Relic","Card","Relic","Relic","Relic","Relic","Relic","Card","Relic","Relic","Card"],"build_version":"2020-12-22","purchased_purges":4,"victory":true,"max_hp_per_floor":[75,75,75,75,75,75,75,75,75,75,75,75,75,75,75,75,75,75,75,75,75,82,82,82,82,82,82,82,82,82,82,82,82,82,82,82,82,82,82,82,82,82,82,78,78,78,78,78,78,78,78,78,78,78,78],"card_choices":[{"not_picked":["RobotSpaceExplorer:Probe","RobotSpaceExplorer:ShockKick"],"picked":"RobotSpaceExplorer:StarDust","floor":1.0},{"not_picked":["RobotSpaceExplorer:StunGrenade","RobotSpaceExplorer:DoubleBlock"],"picked":"RobotSpaceExplorer:MiniDrones","floor":2.0},{"not_picked":["RobotSpaceExplorer:ImprovisedAttack","RobotSpaceExplorer:StarLightning"],"picked":"RobotSpaceExplorer:Calculate","floor":5.0},{"not_picked":["RobotSpaceExplorer:ScrapShield","RobotSpaceExplorer:MakeshiftVolley","RobotSpaceExplorer:SlimeMissile"],"picked":"SKIP","floor":8.0},{"not_picked":["RobotSpaceExplorer:HighVoltage","RobotSpaceExplorer:SwiftStep"],"picked":"RobotSpaceExplorer:MetalStrike","floor":10.0},{"not_picked":["RobotSpaceExplorer:Electroshield","RobotSpaceExplorer:ShovelStrike"],"picked":"RobotSpaceExplorer:ImprovisedAttack","floor":12.0},{"not_picked":["RobotSpaceExplorer:SurgingStrike","RobotSpaceExplorer:LuckyStrike"],"picked":"RobotSpaceExplorer:StarLightning","floor":13.0},{"not_picked":["RobotSpaceExplorer:Exploration","RobotSpaceExplorer:Multitool"],"picked":"RobotSpaceExplorer:Blaster","floor":16.0},{"not_picked":["RobotSpaceExplorer:ScrapMissile+1","RobotSpaceExplorer:Jetpack","RobotSpaceExplorer:MiniDrones"],"picked":"SKIP","floor":18.0},{"not_picked":["RobotSpaceExplorer:ScrapMissile+1","RobotSpaceExplorer:Jetpack","RobotSpaceExplorer:MiniDrones"],"picked":"SKIP","floor":18.0},{"not_picked":["RobotSpaceExplorer:Calculate","RobotSpaceExplorer:SurgingShield+1"],"picked":"RobotSpaceExplorer:RigExplosive","floor":20.0},{"not_picked":["RobotSpaceExplorer:ShockKick","RobotSpaceExplorer:Asteroid","RobotSpaceExplorer:StunGrenade"],"picked":"SKIP","floor":24.0},{"not_picked":["RobotSpaceExplorer:Reload","RobotSpaceExplorer:ExhaustFan","RobotSpaceExplorer:StunGrenade"],"picked":"SKIP","floor":27.0},{"not_picked":["RobotSpaceExplorer:FranticSearch","RobotSpaceExplorer:ScrapMissile"],"picked":"RobotSpaceExplorer:Pulsar","floor":28.0},{"not_picked":["RobotSpaceExplorer:SlimeMissile","RobotSpaceExplorer:Counterblock","RobotSpaceExplorer:ToxicBomb"],"picked":"SKIP","floor":29.0},{"not_picked":["RobotSpaceExplorer:SurgingShield","RobotSpaceExplorer:MakeshiftVolley","RobotSpaceExplorer:MiniDrones"],"picked":"SKIP","floor":30.0},{"not_picked":["RobotSpaceExplorer:MetalStrike","RobotSpaceExplorer:Ammunition","RobotSpaceExplorer:SurgingStrike+1"],"picked":"SKIP","floor":31.0},{"not_picked":["RobotSpaceExplorer:Arsenal","RobotSpaceExplorer:Blaster"],"picked":"RobotSpaceExplorer:Comet","floor":33.0},{"not_picked":["RobotSpaceExplorer:MetalStrike+1","RobotSpaceExplorer:Ammunition","RobotSpaceExplorer:LuckyStrike"],"picked":"SKIP","floor":35.0},{"not_picked":["RobotSpaceExplorer:FrostMissile","RobotSpaceExplorer:SurgingShield+1","RobotSpaceExplorer:MetalStrike+1"],"picked":"SKIP","floor":37.0},{"not_picked":["RobotSpaceExplorer:Blitz+1","RobotSpaceExplorer:JunkDive","RobotSpaceExplorer:ShockKick"],"picked":"SKIP","floor":38.0},{"not_picked":["RobotSpaceExplorer:FranticSearch+1","RobotSpaceExplorer:Counterblock+1","RobotSpaceExplorer:MiniDrones+1"],"picked":"SKIP","floor":40.0},{"not_picked":["RobotSpaceExplorer:ScrapMissile+1","RobotSpaceExplorer:JunkDive+1"],"picked":"RobotSpaceExplorer:Exploration","floor":42.0},{"not_picked":["RobotSpaceExplorer:ImprovisedAttack","RobotSpaceExplorer:SlimeMissile+1","RobotSpaceExplorer:Jetpack+1"],"picked":"SKIP","floor":45.0},{"not_picked":["RobotSpaceExplorer:Electropulse","RobotSpaceExplorer:MiniBoosters+1","RobotSpaceExplorer:SurgingStrike+1"],"picked":"SKIP","floor":46.0},{"not_picked":["RobotSpaceExplorer:Arsenal","RobotSpaceExplorer:SurgingStrike+1","RobotSpaceExplorer:Smokescreen"],"picked":"SKIP","floor":47.0},{"not_picked":["RobotSpaceExplorer:Ammunition+1","RobotSpaceExplorer:LuckyStrike+1"],"picked":"RobotSpaceExplorer:DoubleBlock","floor":48.0},{"not_picked":["RobotSpaceExplorer:TurboDodge+1","RobotSpaceExplorer:Pulsar"],"picked":"RobotSpaceExplorer:MiniBoosters+1","floor":54.0}],"player_experience":622815,"relics_obtained":[{"floor":8.0,"key":"Toy Ornithopter"},{"floor":9.0,"key":"Anchor"},{"floor":13.0,"key":"Odd Mushroom"},{"floor":19.0,"key":"Red Mask"},{"floor":26.0,"key":"Blood Vial"},{"floor":27.0,"key":"Calipers"},{"floor":30.0,"key":"Smiling Mask"},{"floor":40.0,"key":"Art of War"},{"floor":45.0,"key":"Vajra"},{"floor":47.0,"key":"Centennial Puzzle"},{"floor":54.0,"key":"White Beast Statue"}],"event_choices":[{"damage_healed":0.0,"max_hp_gain":0.0,"max_hp_loss":0.0,"gold_gain":0.0,"event_name":"betterThird:BetterScrap","player_choice":"Relic ","floor":3.0,"gold_loss":0.0,"damage_taken":18.0,"cards_obtained":["Fire Breathing"]},{"damage_healed":0.0,"max_hp_gain":0.0,"max_hp_loss":0.0,"gold_gain":0.0,"event_name":"betterThird:BetterSerpent","player_choice":"Ignored","floor":4.0,"gold_loss":0.0,"damage_taken":124.0},{"damage_healed":0.0,"max_hp_gain":0.0,"max_hp_loss":0.0,"gold_gain":0.0,"event_name":"Dead Adventurer","player_choice":"Searched \u00273\u0027 times","floor":11.0,"gold_loss":0.0,"damage_taken":0.0,"relics_obtained":["Bag of Preparation"]},{"damage_healed":0.0,"max_hp_gain":0.0,"max_hp_loss":0.0,"gold_gain":0.0,"event_name":"Mushrooms","player_choice":"Fought Mushrooms","floor":13.0,"gold_loss":0.0,"damage_taken":0.0},{"damage_healed":0.0,"max_hp_gain":0.0,"max_hp_loss":0.0,"gold_gain":0.0,"event_name":"Masked Bandits","player_choice":"Fought Bandits","floor":19.0,"gold_loss":0.0,"damage_taken":0.0},{"damage_healed":0.0,"max_hp_gain":0.0,"max_hp_loss":0.0,"gold_gain":0.0,"event_name":"Addict","player_choice":"Obtained Relic","floor":21.0,"gold_loss":85.0,"damage_taken":0.0,"relics_obtained":["Old Coin"]},{"damage_healed":0.0,"max_hp_gain":0.0,"max_hp_loss":0.0,"gold_gain":100.0,"event_name":"The Joust","player_choice":"Bet on Murderer","floor":25.0,"gold_loss":50.0,"damage_taken":0.0},{"damage_healed":0.0,"max_hp_gain":0.0,"max_hp_loss":16.0,"gold_gain":3.0,"event_name":"betterStone:BetterStone","player_choice":"2","floor":36.0,"gold_loss":0.0,"damage_taken":0.0},{"damage_healed":0.0,"max_hp_gain":0.0,"max_hp_loss":0.0,"gold_gain":0.0,"event_name":"betterThird:BetterPortal","player_choice":"Random: Blue","floor":39.0,"gold_loss":0.0,"damage_taken":0.0},{"damage_healed":0.0,"max_hp_gain":0.0,"max_hp_loss":16.0,"gold_gain":3.0,"event_name":"betterStone:BetterStone","player_choice":"2","floor":39.0,"gold_loss":0.0,"damage_taken":0.0},{"damage_healed":0.0,"max_hp_gain":0.0,"max_hp_loss":4.0,"gold_gain":0.0,"event_name":"Winding Halls","player_choice":"Max HP","floor":44.0,"gold_loss":0.0,"damage_taken":0.0}],"is_beta":false,"boss_relics":[{"not_picked":["Ectoplasm","SacredBark"],"picked":"Pandora\u0027s Box"},{"not_picked":["Fusion Hammer","Snecko Eye"],"picked":"Empty Cage"}],"items_purged_floors":[14,22,22,53],"is_endless":false,"potions_floor_spawned":[2,5,11,12,16,20,24,27,30,31,33,35,37,45,48],"ascension_level":1}}