{"host":"grli52lbdph2722t","time":1610542755,"event":{"mods":["AchievementEnabler","BaseMod","Downfall","Minty Spire (QoL Compilation)","Quick Restart","StSLib"],"gold_per_floor":[99,99,99,99,274,305,305,605,636,662,662,662,662],"floor_reached":11,"language":"ENG","playtime":433,"items_purged":[],"score":145,"play_id":"a2babf52-ddb0-4a59-825d-ee5c7b73e456","local_time":"20210113135915","is_ascension_mode":true,"campfire_choices":[{"data":"Guardian:CurlUp","floor":1,"key":"SMITH"}],"circlet_count":0,"master_deck":["Guardian:Strike_Guardian+1","Guardian:Strike_Guardian","Guardian:Strike_Guardian","Guardian:Strike_Guardian+1","Guardian:Defend_Guardian","Guardian:Defend_Guardian","Guardian:Defend_Guardian+1","Guardian:Defend_Guardian","Guardian:CurlUp+1","Guardian:TwinSlam","Guardian:PrismaticBeam","downfall:Malfunctioning","Guardian:ShieldCharger","Doubt","Guardian:Gem_Crimson","Guardian:Gem_Purple","Guardian:Gem_Lightblue","Guardian:Gem_Yellow","Guardian:Gem_Orange","Guardian:Repulse","downfall:Icky","downfall:Icky","Guardian:MultiBeam","Guardian:RevengeProtocol+1"],"relics":["Guardian:ModeShifter","downfall:HeartsMalice","Guardian:SackOfGems","The Courier","Frozen Egg 2","Odd Mushroom"],"acts_visited":["Exordium"],"potions_floor_usage":[11],"damage_taken":[{"damage":0,"enemies":"2 Louse","floor":2,"turns":1},{"damage":0,"enemies":"Jaw Worm","floor":4,"turns":1},{"damage":0,"enemies":"3 Sentries","floor":6,"turns":1},{"damage":35,"enemies":"Lagavulin","floor":9,"turns":13},{"damage":19,"enemies":"The Mushroom Lair","floor":10,"turns":4},{"damage":22,"enemies":"3 Sentries","floor":11,"turns":8}],"seed_played":"8788573816712279268","potions_obtained":[{"floor":9,"key":"SkillPotion"}],"is_trial":false,"path_per_floor":["R","M","?","M","?","E","T","?","E","?","E"],"character_chosen":"GUARDIAN","items_purchased":[],"campfire_rested":0,"item_purchase_floors":[],"current_hp_per_floor":[72,72,72,72,72,72,72,72,37,18,0,0,0],"gold":662,"neow_bonus":"THREE_ENEMY_KILL","is_daily":false,"chose_seed":false,"campfire_upgraded":1,"win_rate":0.0,"timestamp":1610542755,"path_taken":["R","M","?","M","?","E","T","?","E","?","E"],"items_purchased_type":[],"build_version":"2020-12-22","purchased_purges":0,"victory":false,"max_hp_per_floor":[80,80,80,80,80,80,80,80,80,80,80,80,80],"card_choices":[{"not_picked":["Guardian:BodySlam","Guardian:RefractedBeam"],"picked":"Guardian:PrismaticBeam","floor":2},{"not_picked":["Guardian:TemporalStrike","Guardian:VentSteam"],"picked":"Guardian:ShieldCharger","floor":4},{"not_picked":["Guardian:DecasProtection","Guardian:PolyBeam"],"picked":"Guardian:Repulse","floor":6},{"not_picked":["Guardian:Gem_Green","Guardian:DonusPower"],"picked":"Guardian:MultiBeam","floor":9},{"not_picked":["Guardian:Incinerate","Guardian:Clone"],"picked":"Guardian:RevengeProtocol+1","floor":10}],"player_experience":4977586,"relics_obtained":[{"floor":6,"key":"Guardian:SackOfGems"},{"floor":7,"key":"The Courier"},{"floor":9,"key":"Frozen Egg 2"},{"floor":10,"key":"Odd Mushroom"}],"event_choices":[{"damage_healed":0,"gold_gain":0,"player_choice":"Fought Mushrooms","damage_taken":0,"max_hp_gain":0,"max_hp_loss":0,"event_name":"Mushrooms","floor":10,"gold_loss":0}],"is_beta":false,"boss_relics":[],"items_purged_floors":[],"is_endless":false,"potions_floor_spawned":[9],"killed_by":"3 Sentries","ascension_level":9}}