{"host":"n264v15x7h51zqzc","time":1610500880,"event":{"mods":["AchievementEnabler","BaseMod","Colored Powertips","Googly Eyes","Infinite Spire","Minty Spire (QoL Compilation)","Replay The Spire","StSLib"],"gold_per_floor":[111,125,125,135,145,145,155,180,180,180,191,191,34,52,52,153,153,163,173,173,173],"floor_reached":20,"language":"ENG","playtime":682,"items_purged":["ReplayTheSpireMod:Doomed"],"score":187,"play_id":"b70b453c-3062-4a66-8628-0554cde764c3","local_time":"20210112192120","is_ascension_mode":true,"campfire_choices":[{"data":"Zap","floor":6,"key":"SMITH"},{"floor":15,"key":"REST"}],"circlet_count":0,"master_deck":["Strike_B","Strike_B","Strike_B","Defend_B","Defend_B","Defend_B","Defend_B","Zap+1","Dualcast","Self Repair","ReplayTheSpireMod:Echoes of Time","Redo","Storm","Coolheaded","Defragment","Creative AI","Cold Snap+1","Glacier"],"relics":["Cracked Core","infinitespire:CursedDice","Garlic","ReplayTheSpireMod:CursedCoin","Empty Cage"],"acts_visited":["Exordium","TheCity"],"potions_floor_usage":[5,8,8,16,20],"damage_taken":[{"damage":1,"enemies":"Small Slimes","floor":1,"turns":3},{"damage":5,"enemies":"Jaw Worm","floor":2,"turns":4},{"damage":6,"enemies":"Cultist","floor":4,"turns":3},{"damage":18,"enemies":"Exordium Thugs","floor":5,"turns":6},{"damage":4,"enemies":"Blue Slaver","floor":7,"turns":3},{"damage":26,"enemies":"Lagavulin","floor":8,"turns":6},{"damage":13,"enemies":"Large Slime","floor":11,"turns":7},{"damage":9,"enemies":"3 Louse","floor":14,"turns":4},{"damage":25,"enemies":"Hexaghost","floor":16,"turns":8},{"damage":41,"enemies":"Spheric Guardian","floor":18,"turns":5},{"damage":19,"enemies":"Shell Parasite","floor":19,"turns":7},{"damage":44,"enemies":"Masked Bandits","floor":20,"turns":3}],"seed_played":"7515404290199593897","potions_obtained":[{"floor":0,"key":"LiquidBronze"},{"floor":0,"key":"Elixir"},{"floor":0,"key":"PotionOfCapacity"},{"floor":2,"key":"Languid Potion"},{"floor":7,"key":"Languid Potion"},{"floor":11,"key":"Venom Potion"},{"floor":18,"key":"Explosive Potion"}],"is_trial":false,"path_per_floor":["M","M","?","M","M","R","M","E","T","?","M","?","$","M","R","B",null,"M","M","?"],"character_chosen":"DEFECT","items_purchased":["ReplayTheSpireMod:CursedCoin","Defragment","Metamorphosis"],"campfire_rested":1,"item_purchase_floors":[13,13,13],"current_hp_per_floor":[74,75,57,58,47,47,50,31,31,13,34,34,34,32,54,36,75,41,29,0,0],"gold":173,"neow_bonus":"THREE_SMALL_POTIONS","is_daily":false,"chose_seed":false,"campfire_upgraded":1,"win_rate":0.0,"timestamp":1610500880,"path_taken":["M","M","?","M","M","R","M","E","T","?","M","?","?","M","R","BOSS","M","M","?"],"items_purchased_type":["Relic","Card","Card"],"build_version":"2020-12-22","purchased_purges":1,"victory":false,"max_hp_per_floor":[75,75,75,75,75,75,75,75,75,75,75,75,75,75,75,75,75,75,75,75,75],"card_choices":[{"not_picked":["Sunder","Darkness"],"picked":"Self Repair","floor":1},{"not_picked":["Barrage","Auto Shields","Panic Button"],"picked":"SKIP","floor":2},{"not_picked":["infinitespire:SealOfDarkness+","infinitespire:FinalStrike"],"picked":"ReplayTheSpireMod:Echoes of Time","floor":3},{"not_picked":["Time Bomb","Darkness","Lockon"],"picked":"SKIP","floor":4},{"not_picked":["ReplaySort","Barrage"],"picked":"Redo","floor":5},{"not_picked":["ReplayTheSpireMod:Repulse","Genetic Algorithm"],"picked":"Storm","floor":7},{"not_picked":["Sunder","Turbo","Rebound"],"picked":"SKIP","floor":8},{"not_picked":["Panic Button","Double Energy"],"picked":"Coolheaded","floor":11},{"not_picked":["Darkness","Doom and Gloom","Beam Cell"],"picked":"SKIP","floor":14},{"not_picked":["Reboot","Mirror Shield"],"picked":"Creative AI","floor":16},{"not_picked":["Hologram","Barrage"],"picked":"Cold Snap+1","floor":18},{"not_picked":["Hologram","Crystallizer"],"picked":"Glacier","floor":19}],"player_experience":158641,"relics_obtained":[{"floor":8,"key":"infinitespire:CursedDice"}],"event_choices":[{"damage_healed":0,"gold_gain":0,"player_choice":"Success","damage_taken":18,"relics_obtained":["Garlic"],"max_hp_gain":0,"max_hp_loss":0,"event_name":"Scrap Ooze","floor":10,"gold_loss":0},{"damage_healed":0,"gold_gain":0,"player_choice":"Ignored","damage_taken":0,"max_hp_gain":0,"max_hp_loss":0,"event_name":"Golden Wing","floor":12,"gold_loss":0},{"damage_healed":0,"gold_gain":0,"player_choice":"Fought Bandits","damage_taken":0,"max_hp_gain":0,"max_hp_loss":0,"event_name":"Masked Bandits","floor":20,"gold_loss":0}],"is_beta":false,"boss_relics":[{"not_picked":["Nuclear Battery","Ring of Chaos"],"picked":"Empty Cage"}],"items_purged_floors":[13],"is_endless":false,"potions_floor_spawned":[2,4,7,11,18],"killed_by":"Masked Bandits","ascension_level":1}}