{"host":"qrt7o4dq2qslzw13","time":1610545667,"event":{"mods":["AchievementEnabler","BaseMod","Colored Map","Colored Powertips","Minty Spire (QoL Compilation)","Quick Restart","StSLib","SuperFastMode"],"gold_per_floor":[118,33,45,45,61,90,90,119,170,202,202,202,202,39,39,141,141,161,361,1,1,1,1,20,20,70,82,82,94,107,119,119,219,219,231,281,298,311,311,311,341,341,367,387,414,414,427,112,112,112,112,112,66,92,92],"floor_reached":56,"language":"ENG","playtime":1447,"items_purged":["Infinite Blades+1"],"score":1273,"play_id":"ec3429dd-e34c-4d77-bc22-f15431a24dd1","local_time":"20210113084747","is_ascension_mode":false,"campfire_choices":[{"floor":7.0,"key":"REST"},{"floor":11.0,"key":"REST"},{"data":"Tools of the Trade","floor":13.0,"key":"SMITH"},{"data":"Catalyst","floor":15.0,"key":"SMITH"},{"data":"Noxious Fumes","floor":23.0,"key":"SMITH"},{"data":"Wraith Form v2","floor":28.0,"key":"SMITH"},{"floor":32.0,"key":"REST"},{"floor":40.0,"key":"REST"},{"floor":42.0,"key":"REST"},{"data":"Noxious Fumes","floor":46.0,"key":"SMITH"},{"floor":49.0,"key":"RECALL"},{"floor":52.0,"key":"DIG"}],"circlet_count":0,"master_deck":["Strike_G+1","Strike_G+1","Defend_G+1","Defend_G+1","Defend_G+1","Defend_G+1","Defend_G+1","Survivor","Neutralize","Catalyst+1","Good Instincts","Poisoned Stab","PiercingWail+1","Outmaneuver","Masterful Stab","Tools of the Trade+1","Noxious Fumes+1","Good Instincts+1","Wraith Form v2+1","Caltrops+1","Calculated Gamble+1","Backstab","Bouncing Flask+1","Noxious Fumes+1","Poisoned Stab","Bane","Deadly Poison+1","PiercingWail+1","Acrobatics+1","Crippling Poison+1","Adrenaline+1","CurseOfTheBell","Deadly Poison+1","Deflect+1","Malaise+1","Deadly Poison+1","Leg Sweep+1","Escape Plan+1","Parasite","Deadly Poison+1","Blur+1","Reflex+1","Calculated Gamble+1","Blind+1","Backflip+1","Deadly Poison+1"],"relics":["Ring of the Snake","NeowsBlessing","Shovel","Bottled Flame","War Paint","Bronze Scales","Toxic Egg 2","Bottled Tornado","Astrolabe","OrangePellets","MutagenicStrength","Potion Belt","Calling Bell","Regal Pillow","StrikeDummy","Prayer Wheel","Lizard Tail","Anchor","Nunchaku","Lantern","Mercury Hourglass","Shuriken"],"acts_visited":["Exordium","TheCity","TheBeyond","TheEnding"],"potions_floor_usage":[55,55,55,55],"damage_taken":[{"damage":0.0,"enemies":"Cultist","floor":1.0,"turns":1.0},{"damage":0.0,"enemies":"Small Slimes","floor":3.0,"turns":1.0},{"damage":0.0,"enemies":"2 Louse","floor":5.0,"turns":1.0},{"damage":33.0,"enemies":"Lagavulin","floor":6.0,"turns":9.0},{"damage":6.0,"enemies":"3 Sentries","floor":8.0,"turns":12.0},{"damage":17.0,"enemies":"Gremlin Nob","floor":10.0,"turns":4.0},{"damage":29.0,"enemies":"Slime Boss","floor":16.0,"turns":9.0},{"damage":12.0,"enemies":"Shell Parasite","floor":18.0,"turns":4.0},{"damage":7.0,"enemies":"3 Byrds","floor":24.0,"turns":4.0},{"damage":1.0,"enemies":"Snecko","floor":27.0,"turns":5.0},{"damage":9.0,"enemies":"Cultist and Chosen","floor":29.0,"turns":5.0},{"damage":3.0,"enemies":"Snake Plant","floor":30.0,"turns":3.0},{"damage":5.0,"enemies":"Shelled Parasite and Fungi","floor":31.0,"turns":5.0},{"damage":34.0,"enemies":"Champ","floor":33.0,"turns":10.0},{"damage":2.0,"enemies":"Orb Walker","floor":35.0,"turns":3.0},{"damage":4.0,"enemies":"Mind Bloom Boss Battle","floor":36.0,"turns":6.0},{"damage":0.0,"enemies":"3 Shapes","floor":37.0,"turns":4.0},{"damage":18.0,"enemies":"3 Darklings","floor":38.0,"turns":5.0},{"damage":30.0,"enemies":"Nemesis","floor":41.0,"turns":7.0},{"damage":0.0,"enemies":"Writhing Mass","floor":44.0,"turns":4.0},{"damage":3.0,"enemies":"Giant Head","floor":45.0,"turns":8.0},{"damage":1.0,"enemies":"Sphere and 2 Shapes","floor":47.0,"turns":5.0},{"damage":18.0,"enemies":"Time Eater","floor":50.0,"turns":6.0},{"damage":6.0,"enemies":"Shield and Spear","floor":54.0,"turns":8.0},{"damage":94,"enemies":"The Heart","floor":55,"turns":10}],"seed_played":"-2715312125267226770","potions_obtained":[{"floor":1.0,"key":"AttackPotion"},{"floor":3.0,"key":"SkillPotion"},{"floor":6.0,"key":"Fire Potion"},{"floor":18.0,"key":"SteroidPotion"},{"floor":25.0,"key":"GhostInAJar"},{"floor":25.0,"key":"SneckoOil"},{"floor":27.0,"key":"Weak Potion"},{"floor":29.0,"key":"FearPotion"},{"floor":38.0,"key":"Regen Potion"},{"floor":44.0,"key":"FairyPotion"},{"floor":54.0,"key":"AttackPotion"}],"is_trial":false,"path_per_floor":["M","$","M","T","M","E","R","E","T","E","R","T","R","$","R","B",null,"M","?","$","?","?","R","M","?","T","M","R","M","M","M","R","B",null,"M","?","M","M","?","R","E","R","T","M","E","R","M","$","R","B",null,"R","$","E","B",null],"character_chosen":"THE_SILENT","items_purchased":["Good Instincts","Noxious Fumes","Good Instincts+1","Bouncing Flask+1","OrangePellets","Noxious Fumes","Poisoned Stab","Blind+1","Lantern","Backflip+1"],"campfire_rested":5,"item_purchase_floors":[2,14,14,20,20,20,20,48,48,53],"current_hp_per_floor":[70,70,70,70,70,37,58,52,52,35,56,56,56,56,56,27,70,58,58,58,58,58,58,51,51,51,50,50,41,38,33,54,20,70,68,64,64,46,46,70,40,70,70,70,67,67,66,66,66,48,70,70,70,64,27],"gold":92,"neow_bonus":"THREE_ENEMY_KILL","is_daily":false,"chose_seed":false,"campfire_upgraded":5,"win_rate":0.0,"timestamp":1610545667,"path_taken":["M","?","?","?","M","E","R","E","T","E","R","?","R","$","R","BOSS","M","?","$","?","?","R","M","?","T","?","R","M","M","M","R","BOSS","M","?","M","M","?","R","E","R","T","M","E","R","M","$","R","BOSS","R","$","E","BOSS"],"items_purchased_type":["Card","Card","Card","Card","Relic","Card","Card","Card","Relic","Card"],"build_version":"2020-12-22","purchased_purges":1,"victory":true,"max_hp_per_floor":[70,70,70,70,70,70,70,70,70,70,70,70,70,70,70,70,70,70,70,70,70,70,70,70,70,70,70,70,70,70,70,70,70,70,70,70,70,70,70,70,70,70,70,70,70,70,70,70,70,70,70,70,70,70,70],"card_choices":[{"not_picked":["Slice","Deflect"],"picked":"Catalyst","floor":1.0},{"not_picked":["Escape Plan","Deflect"],"picked":"Poisoned Stab","floor":3.0},{"not_picked":["Slice","Dagger Throw"],"picked":"PiercingWail","floor":5.0},{"not_picked":["Setup","Underhanded Strike"],"picked":"Outmaneuver","floor":6.0},{"not_picked":["Dagger Spray","Deflect"],"picked":"Masterful Stab","floor":8.0},{"not_picked":["Outmaneuver+1","Slice"],"picked":"Tools of the Trade","floor":10.0},{"not_picked":["A Thousand Cuts","Grand Finale"],"picked":"Wraith Form v2","floor":16.0},{"not_picked":["PiercingWail+1","Underhanded Strike"],"picked":"Backstab","floor":18.0},{"not_picked":["Dodge and Roll+1","Choke+1"],"picked":"Bane","floor":24.0},{"not_picked":["Dagger Spray","Eviscerate"],"picked":"Deadly Poison+1","floor":27.0},{"not_picked":["Deflect+1","Eviscerate"],"picked":"PiercingWail+1","floor":29.0},{"not_picked":["Bane","Footwork"],"picked":"Acrobatics+1","floor":30.0},{"not_picked":["Prepared+1","Unload"],"picked":"Crippling Poison+1","floor":31.0},{"not_picked":["Envenom","Glass Knife"],"picked":"Adrenaline+1","floor":33.0},{"not_picked":["Backflip+1","Bane"],"picked":"Deadly Poison+1","floor":35.0},{"not_picked":["PiercingWail+1","Backflip+1"],"picked":"Deflect+1","floor":35.0},{"not_picked":["Dagger Throw+1","Infinite Blades+1"],"picked":"Malaise+1","floor":36.0},{"not_picked":["Dagger Spray+1","Outmaneuver+1","Bane"],"picked":"SKIP","floor":37.0},{"not_picked":["Finisher+1","All Out Attack+1","Underhanded Strike"],"picked":"SKIP","floor":37.0},{"not_picked":["Riddle With Holes+1","Tools of the Trade"],"picked":"Deadly Poison+1","floor":38.0},{"not_picked":["Dagger Spray+1","PiercingWail+1"],"picked":"Leg Sweep+1","floor":38.0},{"not_picked":["Prepared+1","Backflip+1"],"picked":"Escape Plan+1","floor":41.0},{"not_picked":["Slice","Cloak And Dagger+1"],"picked":"Deadly Poison+1","floor":44.0},{"not_picked":["PiercingWail+1","Dodge and Roll+1"],"picked":"Blur+1","floor":44.0},{"not_picked":["Masterful Stab+1","Outmaneuver+1","Die Die Die"],"picked":"SKIP","floor":45.0},{"not_picked":["Finisher+1","Underhanded Strike"],"picked":"Reflex+1","floor":47.0},{"not_picked":["Accuracy","Crippling Poison+1"],"picked":"Calculated Gamble+1","floor":47.0},{"not_picked":["Cloak And Dagger+1","Sucker Punch"],"picked":"Deadly Poison+1","floor":54.0}],"player_experience":540001,"relics_obtained":[{"floor":4.0,"key":"Shovel"},{"floor":6.0,"key":"Bottled Flame"},{"floor":8.0,"key":"War Paint"},{"floor":9.0,"key":"Bronze Scales"},{"floor":10.0,"key":"Toxic Egg 2"},{"floor":12.0,"key":"Bottled Tornado"},{"floor":26.0,"key":"Potion Belt"},{"floor":34.0,"key":"Regal Pillow"},{"floor":34.0,"key":"StrikeDummy"},{"floor":34.0,"key":"Prayer Wheel"},{"floor":36.0,"key":"Lizard Tail"},{"floor":41.0,"key":"Anchor"},{"floor":45.0,"key":"Nunchaku"},{"floor":52.0,"key":"Mercury Hourglass"},{"floor":54.0,"key":"Shuriken"}],"event_choices":[{"damage_healed":0.0,"max_hp_gain":0.0,"max_hp_loss":0.0,"gold_gain":200.0,"event_name":"Wheel of Change","player_choice":"Gold","floor":19.0,"gold_loss":0.0,"damage_taken":0.0},{"damage_healed":0.0,"max_hp_gain":0.0,"max_hp_loss":0.0,"gold_gain":0.0,"event_name":"Drug Dealer","player_choice":"Inject Mutagens","floor":21.0,"gold_loss":0.0,"damage_taken":0.0,"relics_obtained":["MutagenicStrength"]},{"damage_healed":0.0,"max_hp_gain":0.0,"max_hp_loss":0.0,"gold_gain":0.0,"event_name":"Back to Basics","player_choice":"Simplicity","floor":22.0,"gold_loss":0.0,"damage_taken":0.0,"cards_upgraded":["Strike_G","Strike_G","Defend_G","Defend_G","Defend_G","Defend_G"]},{"damage_healed":0.0,"max_hp_gain":0.0,"max_hp_loss":0.0,"gold_gain":0.0,"event_name":"Lab","player_choice":"Got Potions","floor":25.0,"gold_loss":0.0,"damage_taken":0.0},{"damage_healed":0.0,"max_hp_gain":0.0,"max_hp_loss":0.0,"gold_gain":0.0,"event_name":"MindBloom","player_choice":"Fight","floor":36.0,"gold_loss":0.0,"damage_taken":0.0},{"damage_healed":0.0,"max_hp_gain":0.0,"max_hp_loss":0.0,"gold_gain":0.0,"event_name":"Tomb of Lord Red Mask","player_choice":"Ignored","floor":39.0,"gold_loss":0.0,"damage_taken":0.0}],"is_beta":false,"boss_relics":[{"not_picked":["Fusion Hammer","SacredBark"],"picked":"Astrolabe"},{"not_picked":["Runic Pyramid","Runic Dome"],"picked":"Calling Bell"}],"items_purged_floors":[48],"is_endless":false,"potions_floor_spawned":[1,3,6,18,27,29,38,44,45,54],"ascension_level":0}}