{"host":"daa8jqyg4gqfaysm","time":1610524181,"event":{"mods":["BaseMod","Colored Powertips","Minty Spire (QoL Compilation)","StSLib"],"gold_per_floor":[118,43,3,3,3,33,33,48,71,91,101,130,150,166,166,240,240,220,37,37,37,37],"floor_reached":21,"language":"ENG","playtime":694,"items_purged":["Strike_G"],"score":428,"play_id":"17688580-ae13-4fa5-a432-778029b3c5a8","local_time":"20210113154941","is_ascension_mode":true,"campfire_choices":[{"floor":15.0,"key":"REST"}],"circlet_count":0,"master_deck":["AscendersBane","Strike_G","Strike_G","Strike_G","Defend_G","Defend_G","Defend_G","Defend_G","Defend_G+1","Survivor","Neutralize","Terror+1","Infinite Blades","Dodge and Roll","Predator","Deflect","Blade Dance","Glass Knife","Leg Sweep","Malaise","Dash","Phantasmal Killer","Well Laid Plans+1","Shame"],"relics":["Ring of the Snake","NeowsBlessing","Dream Catcher","Centennial Puzzle","Smiling Mask","Frozen Egg 2","Black Star","Question Card"],"acts_visited":["Exordium","TheCity"],"potions_floor_usage":[21],"damage_taken":[{"damage":0.0,"enemies":"Small Slimes","floor":1.0,"turns":1.0},{"damage":0.0,"enemies":"Gremlin Nob","floor":6.0,"turns":1.0},{"damage":0.0,"enemies":"2 Louse","floor":8.0,"turns":1.0},{"damage":0.0,"enemies":"Jaw Worm","floor":10.0,"turns":3.0},{"damage":12.0,"enemies":"Red Slaver","floor":11.0,"turns":5.0},{"damage":16.0,"enemies":"3 Sentries","floor":12.0,"turns":10.0},{"damage":0.0,"enemies":"Large Slime","floor":13.0,"turns":5.0},{"damage":1.0,"enemies":"3 Louse","floor":14.0,"turns":4.0},{"damage":32.0,"enemies":"Slime Boss","floor":16.0,"turns":13.0},{"damage":3.0,"enemies":"2 Thieves","floor":18.0,"turns":4.0},{"damage":35,"enemies":"Masked Bandits","floor":21,"turns":4}],"seed_played":"2881702548915382739","potions_obtained":[{"floor":1.0,"key":"LiquidBronze"},{"floor":11.0,"key":"DuplicationPotion"},{"floor":14.0,"key":"SpeedPotion"},{"floor":18.0,"key":"Dexterity Potion"}],"is_trial":false,"path_per_floor":["M","?","$","?","?","E","?","M","T","M","M","E","M","M","R","B",null,"M","$","?","?"],"character_chosen":"THE_SILENT","items_purchased":["Infinite Blades","Well Laid Plans+1","Fire Potion"],"campfire_rested":1,"item_purchase_floors":[3,19,19],"current_hp_per_floor":[59,59,59,39,21,21,43,43,43,43,31,15,15,14,33,1,50,47,47,47,12,12],"gold":37,"neow_bonus":"THREE_ENEMY_KILL","is_daily":false,"chose_seed":false,"campfire_upgraded":0,"win_rate":0.0,"timestamp":1610524181,"path_taken":["M","?","$","?","?","E","?","?","T","M","M","E","M","M","R","BOSS","M","$","?","?"],"items_purchased_type":["Card","Card","Potion"],"build_version":"2020-12-22","purchased_purges":1,"victory":false,"max_hp_per_floor":[66,66,66,66,66,66,66,66,66,66,66,66,66,66,66,66,66,66,66,66,66,66],"card_choices":[{"not_picked":["Heel Hook","Finisher"],"picked":"Terror","floor":1.0},{"not_picked":["Poisoned Stab","Tactician"],"picked":"Dodge and Roll","floor":6.0},{"not_picked":["Backflip","Bane"],"picked":"Predator","floor":8.0},{"not_picked":["Catalyst","Poisoned Stab"],"picked":"Deflect","floor":10.0},{"not_picked":["Predator","Calculated Gamble"],"picked":"Blade Dance","floor":11.0},{"not_picked":["All Out Attack","Backflip"],"picked":"Glass Knife","floor":12.0},{"not_picked":["Outmaneuver","Acrobatics"],"picked":"Leg Sweep","floor":13.0},{"not_picked":["Bane","Blur"],"picked":"Malaise","floor":14.0},{"not_picked":["Caltrops+1","Outmaneuver"],"picked":"Dash","floor":15.0},{"not_picked":["Venomology","Corpse Explosion"],"picked":"Phantasmal Killer","floor":16.0},{"not_picked":["Outmaneuver","Poisoned Stab","Dagger Throw"],"picked":"SKIP","floor":18.0}],"player_experience":810555,"relics_obtained":[{"floor":6.0,"key":"Centennial Puzzle"},{"floor":9.0,"key":"Smiling Mask"},{"floor":12.0,"key":"Frozen Egg 2"}],"event_choices":[{"cards_removed":["Strike_G"],"damage_healed":0.0,"max_hp_gain":0.0,"max_hp_loss":0.0,"gold_gain":0.0,"event_name":"The Cleric","player_choice":"Card Removal","floor":2.0,"gold_loss":75.0,"damage_taken":0.0},{"damage_healed":0.0,"max_hp_gain":0.0,"max_hp_loss":0.0,"gold_gain":0.0,"event_name":"Shining Light","player_choice":"Entered Light","floor":4.0,"gold_loss":0.0,"damage_taken":20.0,"cards_upgraded":["Terror","Defend_G"]},{"damage_healed":0.0,"max_hp_gain":0.0,"max_hp_loss":0.0,"gold_gain":0.0,"event_name":"Scrap Ooze","player_choice":"Success","floor":5.0,"gold_loss":0.0,"damage_taken":18.0,"relics_obtained":["Dream Catcher"]},{"damage_healed":22.0,"max_hp_gain":0.0,"max_hp_loss":0.0,"gold_gain":0.0,"event_name":"Big Fish","player_choice":"Banana","floor":7.0,"gold_loss":0.0,"damage_taken":0.0},{"damage_healed":0.0,"max_hp_gain":0.0,"max_hp_loss":0.0,"gold_gain":0.0,"event_name":"Addict","player_choice":"Stole Relic","floor":20.0,"gold_loss":0.0,"damage_taken":0.0,"relics_obtained":["Question Card"],"cards_obtained":["Shame"]},{"damage_healed":0,"gold_gain":0,"player_choice":"Fought Bandits","damage_taken":0,"max_hp_gain":0,"max_hp_loss":0,"event_name":"Masked Bandits","floor":21,"gold_loss":0}],"is_beta":false,"boss_relics":[{"not_picked":["Tiny House","Calling Bell"],"picked":"Black Star"}],"items_purged_floors":[19],"is_endless":false,"potions_floor_spawned":[1,11,14,18],"killed_by":"Masked Bandits","ascension_level":20}}