{"host":"5ddwedapke4fsx0r","time":1610564140,"event":{"mods":["BaseMod","Better Third Choice","Downfall","Infinite Spire","Minty Spire (QoL Compilation)","Replay The Spire","Shade Mod","StSLib","The Cursed","The Servant 0.9.4"],"gold_per_floor":[99,118,118,12,24,56,56,56,7,7,27,27,56,156,175,274,274,274,292,377,75,91,126,150,250,261,261,278,297,324,324,342,438,438,438,538,549,560,571,602,625,625,651,651,669,686,686,686,705,705],"floor_reached":51,"language":"ENG","playtime":5107,"items_purged":[],"score":921,"play_id":"d18d481e-797b-4a4d-a92f-886a2b057567","local_time":"20210113195540","is_ascension_mode":true,"campfire_choices":[{"floor":1,"key":"DIG"},{"data":"Slimebound:SplitSpecialist","floor":8,"key":"SMITH"},{"data":"Replay:SS_hec_2","floor":10,"key":"SMITH"},{"data":"Slimebound:LivingWall","floor":12,"key":"SMITH"},{"floor":18,"key":"DIG"},{"floor":27,"key":"RECALL"},{"data":"Slimebound:AcidTongue","floor":35,"key":"SMITH"},{"data":"Slimebound:SelfFormingGoo","floor":42,"key":"SMITH"},{"data":"Slimebound:Grow","floor":47,"key":"SMITH"}],"circlet_count":0,"master_deck":["Slimebound:Strike_Slimebound","Slimebound:Strike_Slimebound","Slimebound:Strike_Slimebound","Slimebound:Tackle","Slimebound:Defend_Slimebound","Slimebound:Defend_Slimebound","Slimebound:Defend_Slimebound+1","Slimebound:Split","Slimebound:CorrosiveSpit","Slimebound:SplitSpecialist+1","Slimebound:SplitMire","Replay:SS_hec_2+1","Slimebound:RainOfGoop","Slimebound:AcidTongue+1","Slimebound:DouseInSlime","Slimebound:Repurpose+1","Slimebound:LivingWall+1","Slimebound:Repurpose","Slimebound:TagTeam","Slimebound:SplitLeeching+1","Slimebound:GoopSpray+1","Slimebound:LeechEnergy","Slimebound:HauntingLick+1","Slimebound:MinionMaster","Slimebound:SplitLeeching+1","Slimebound:LeechingTouch+1","Slimebound:Schlurp","Slimebound:WasteNot","Slimebound:RallyTheTroops","Writhe","Slimebound:OneTwoCombo","Slimebound:SlimeBrawl","Slimebound:SamplingLick","Writhe","Slimebound:Split","Good Instincts","Slimebound:LeechingTouch+1","Slimebound:LivingWall","Slimebound:MassFeed","Slimebound:RejuvenatingLick+1","Slimebound:SelfFormingGoo+1","Slimebound:Nibble+1","Slimebound:SplitMire","Slimebound:Grow+1","Slimebound:LeadByExample+1"],"relics":["Slimebound:AbsorbEndCombat","Pen Nib","Omamori","Bottled Lightning","StrikeDummy","Nunchaku","Black Star","Pantograph","Calipers","Strawberry","Orichalcum","War Paint","Bronze Scales","infinitespire:BottledMercury","Replay:Ancient Bell","Bag of Marbles","Gremlin Horn","Replay:Multitool","downfall:GremlinSack","Pet Ghost","Singing Bowl","ReplayTheSpireMod:TigerMarble","Blood Vial","Bottled Flame","Cursed Key","ReplayTheSpireMod:Ring of Exchange"],"acts_visited":["Exordium","TheCity","TheBeyond"],"potions_floor_usage":[13,16,22,23,28,29,30,32,39,40,45,49],"damage_taken":[{"damage":15,"enemies":"Jaw Worm","floor":2,"turns":3},{"damage":16,"enemies":"downfall:FleeingMerchant","floor":4,"turns":4},{"damage":12,"enemies":"Cultist","floor":5,"turns":4},{"damage":16,"enemies":"Replay:BlueRogue","floor":6,"turns":5},{"damage":28,"enemies":"downfall:FleeingMerchant","floor":9,"turns":4},{"damage":12,"enemies":"Small Slimes","floor":11,"turns":2},{"damage":12,"enemies":"Lagavulin","floor":13,"turns":5},{"damage":17,"enemies":"Exordium Thugs","floor":15,"turns":5},{"damage":49,"enemies":"downfall:Defect","floor":16,"turns":7},{"damage":12,"enemies":"Shell Parasite","floor":19,"turns":5},{"damage":30,"enemies":"downfall:FleeingMerchant","floor":21,"turns":4},{"damage":25,"enemies":"Snake Plant","floor":22,"turns":5},{"damage":36,"enemies":"Gremlin Leader","floor":23,"turns":8},{"damage":26,"enemies":"Cultist and Chosen","floor":26,"turns":4},{"damage":12,"enemies":"Chosen and Byrds","floor":28,"turns":6},{"damage":26,"enemies":"Snecko","floor":29,"turns":4},{"damage":39,"enemies":"Book of Stabbing","floor":30,"turns":5},{"damage":19,"enemies":"Cultist and Chosen","floor":32,"turns":7},{"damage":41,"enemies":"downfall:Ironclad","floor":33,"turns":10},{"damage":30,"enemies":"downfall:Ironclad","floor":36,"turns":4},{"damage":16,"enemies":"Orb Walker","floor":37,"turns":4},{"damage":13,"enemies":"3 Shapes","floor":38,"turns":4},{"damage":57,"enemies":"Writhing Mass","floor":39,"turns":7},{"damage":16,"enemies":"R_Hoarder","floor":40,"turns":7},{"damage":32,"enemies":"Reptomancer","floor":43,"turns":4},{"damage":23,"enemies":"Spire Growth","floor":45,"turns":4},{"damage":24,"enemies":"Transient","floor":46,"turns":5},{"damage":20,"enemies":"Maw","floor":49,"turns":6},{"damage":55,"enemies":"downfall:Watcher","floor":50,"turns":6}],"seed_played":"-1220299944924767720","potions_obtained":[{"floor":2,"key":"Toxic Potion"},{"floor":5,"key":"Slimebound:SlimedPotion"},{"floor":11,"key":"Adrenaline Potion"},{"floor":15,"key":"LifebloodPotion"},{"floor":16,"key":"Regen Potion"},{"floor":22,"key":"FearPotion"},{"floor":26,"key":"Languid Potion"},{"floor":29,"key":"Elixir"},{"floor":30,"key":"LifebloodPotion"},{"floor":32,"key":"Doom Potion"},{"floor":36,"key":"AttackPotion"},{"floor":40,"key":"Energy Potion"},{"floor":43,"key":"LiquidMemories"},{"floor":46,"key":"AttackPotion"}],"is_trial":false,"path_per_floor":["R","M","?","$","M","E","T","R","$","R","M","R","E","?","M","B",null,"R","M","?","$","M","E","T","?","M","R","M","M","E","T","M","B",null,"R","?","M","M","M","E","T","R","E","AVR","M","M","R","?","M","B",null],"character_chosen":"SLIMEBOUND","items_purchased":["Replay:SS_hec_2","Slimebound:Repurpose","Calipers"],"campfire_rested":0,"item_purchase_floors":[4,9,21],"current_hp_per_floor":[60,53,53,53,60,60,60,60,52,52,58,58,60,60,60,33,60,60,60,48,44,53,56,56,56,62,62,67,67,54,54,55,50,67,67,53,67,67,51,67,67,67,67,67,67,67,67,67,67,59],"gold":705,"neow_bonus":"RANDOM_COMMON_RELIC","is_daily":false,"chose_seed":false,"campfire_upgraded":6,"win_rate":0.0,"timestamp":1610564140,"path_taken":["R","M","?","$","?","E","T","R","$","R","M","R","E","?","M","BOSS","R","M","?","$","M","E","T","?","M","R","?","M","E","?","M","BOSS","R","?","M","?","M","E","T","R","E","AVR","M","M","R","?","M","BOSS"],"items_purchased_type":["Card","Card","Relic"],"build_version":"2020-12-22","purchased_purges":0,"victory":true,"max_hp_per_floor":[60,60,60,60,60,60,60,60,60,60,60,60,60,60,60,60,60,60,60,60,60,60,67,67,67,67,67,67,67,67,67,67,67,67,67,67,67,67,67,67,67,67,67,67,67,67,67,67,67,67],"card_choices":[{"not_picked":["Slimebound:MegaLick","Slimebound:SplitMire"],"picked":"Slimebound:SplitSpecialist","floor":2},{"not_picked":["Slimebound:SplitBruiser","Slimebound:RollThrough"],"picked":"Slimebound:SplitMire","floor":4},{"not_picked":["Slimebound:SplitAcid","Slimebound:Nibble"],"picked":"Slimebound:RainOfGoop","floor":5},{"not_picked":["Slimebound:GoopTackle","Slimebound:FinishingTackle"],"picked":"Slimebound:AcidTongue","floor":6},{"not_picked":["Slimebound:GoopTackle","Slimebound:ComboTackle"],"picked":"Slimebound:DouseInSlime","floor":9},{"not_picked":["Slimebound:DisruptingSlam","Slimebound:GrowthPunch"],"picked":"Slimebound:LivingWall","floor":11},{"not_picked":["Slimebound:LeadByExample","Slimebound:Equalize"],"picked":"Slimebound:Repurpose","floor":13},{"not_picked":["Slimebound:ViciousTackle","Slimebound:RollThrough","Slimebound:FirmFortitude"],"picked":"SKIP","floor":15},{"not_picked":["Slimebound:LeechLife","Slimebound:Darklings"],"picked":"Slimebound:TagTeam","floor":16},{"not_picked":["Slimebound:RejuvenatingLick","Slimebound:Equalize"],"picked":"Slimebound:SplitLeeching+1","floor":19},{"not_picked":["Slimebound:LeechingTouch+1","Slimebound:ViciousTackle"],"picked":"Slimebound:GoopSpray+1","floor":21},{"not_picked":["Slimebound:BestDefense","Slimebound:FinishingTackle+1"],"picked":"Slimebound:LeechEnergy","floor":22},{"not_picked":["Slimebound:Gluttony","Slimebound:SplitMire+1"],"picked":"Slimebound:HauntingLick+1","floor":23},{"not_picked":["Slimebound:Replication","Slimebound:BestDefense"],"picked":"Slimebound:MinionMaster","floor":26},{"not_picked":["Slimebound:LeadByExample","Slimebound:RainOfGoop"],"picked":"Slimebound:SplitLeeching+1","floor":28},{"not_picked":["Slimebound:GoopTackle","Slimebound:SlimeSpikes"],"picked":"Slimebound:LeechingTouch+1","floor":29},{"not_picked":["Slimebound:Grow","Slimebound:FinishingTackle+1"],"picked":"Slimebound:Schlurp","floor":30},{"not_picked":["Slimebound:Equalize","Slimebound:PressTheAttack+1"],"picked":"Slimebound:WasteNot","floor":32},{"not_picked":["Slimebound:Darklings","Slimebound:DuplicatedForm"],"picked":"Slimebound:RallyTheTroops","floor":33},{"not_picked":["ReplayTheSpireMod:IOU","hexamod:Haunted"],"picked":"Clumsy","floor":34},{"not_picked":["Shame","ReplayTheSpireMod:Restless Dread"],"picked":"Decay","floor":34},{"not_picked":["Replay:UnknownCurse","ReplayTheSpireMod:Splinters"],"picked":"Writhe","floor":34},{"not_picked":["Slimebound:ComboTackle+1","Slimebound:FirmFortitude"],"picked":"Slimebound:LeechingTouch+1","floor":36},{"not_picked":["Slimebound:Chomp+1","Slimebound:LeechEnergy+1"],"picked":"Slimebound:LivingWall","floor":37},{"not_picked":["Slimebound:DisruptingSlam+1","Slimebound:SamplingLick+1"],"picked":"Slimebound:MassFeed","floor":38},{"not_picked":["Slimebound:SlimeSpikes","Slimebound:LeechingTouch+1"],"picked":"Slimebound:RejuvenatingLick+1","floor":39},{"not_picked":["Slimebound:SlimeSpikes+1","Slimebound:SlimeSlap"],"picked":"Slimebound:SelfFormingGoo","floor":40},{"not_picked":["Slimebound:GrowthPunch+1","Slimebound:SplitLeeching"],"picked":"Slimebound:Nibble+1","floor":43},{"not_picked":["Slimebound:LeechingTouch","Slimebound:GoopTackle+1"],"picked":"Slimebound:SplitMire","floor":45},{"not_picked":["Slimebound:SlimeSpikes+1","Slimebound:FirmFortitude"],"picked":"Slimebound:Grow","floor":46},{"not_picked":["Slimebound:HauntingLick+1","Slimebound:LeechEnergy+1"],"picked":"Slimebound:LeadByExample+1","floor":49}],"player_experience":414245,"relics_obtained":[{"floor":1,"key":"Omamori"},{"floor":6,"key":"Bottled Lightning"},{"floor":7,"key":"StrikeDummy"},{"floor":13,"key":"Nunchaku"},{"floor":18,"key":"Pantograph"},{"floor":23,"key":"Strawberry"},{"floor":23,"key":"Orichalcum"},{"floor":30,"key":"War Paint"},{"floor":30,"key":"Bronze Scales"},{"floor":31,"key":"infinitespire:BottledMercury"},{"floor":36,"key":"downfall:GremlinSack"},{"floor":40,"key":"Pet Ghost"},{"floor":40,"key":"Singing Bowl"},{"floor":41,"key":"ReplayTheSpireMod:TigerMarble"},{"floor":43,"key":"Blood Vial"},{"floor":43,"key":"Bottled Flame"},{"floor":48,"key":"ReplayTheSpireMod:Ring of Exchange"}],"event_choices":[{"cards_removed":["Slimebound:Defend_Slimebound"],"damage_healed":0,"gold_gain":0,"player_choice":"Purged","damage_taken":0,"max_hp_gain":0,"max_hp_loss":0,"event_name":"Purifier","floor":3,"gold_loss":0},{"damage_healed":0,"gold_gain":100,"player_choice":"Gold","damage_taken":0,"max_hp_gain":0,"max_hp_loss":0,"event_name":"Wheel of Change","floor":14,"gold_loss":0}],"is_beta":false,"boss_relics":[{"not_picked":["Slimebound:TarBlob","Runic Pyramid"],"picked":"Black Star"},{"not_picked":["Coffee Dripper","ReplayTheSpireMod:SealedPack"],"picked":"Replay:Ancient Bell"},{"not_picked":["Art of War","Akabeko"],"picked":"Bag of Marbles"},{"not_picked":["Meat on the Bone","Question Card"],"picked":"Gremlin Horn"},{"not_picked":["FossilizedHelix","Replay:Arrowhead"],"picked":"Replay:Multitool"}],"items_purged_floors":[],"is_endless":false,"potions_floor_spawned":[2,5,11,15,16,22,26,29,30,32,36,40,43,46],"ascension_level":1}}