{"host":"zgdag062zrknap1a","time":1610503351,"event":{"mods":["AchievementEnabler","Act Like it!","Aspiration","Bard","BaseMod","BetterRewards","Colored Map","Colored Powertips","Conspire","Downfall","Gensokyo","Hallownest","Hermit","Highlight Path","Hubris","Infinite Spire","Jorbs\u0027s Wanderer Trilogy","Marisa????????","Minty Spire (QoL Compilation)","Quick Restart","Rare Cards Sparkle","Replay The Spire","Shop Mod","StSLib","The Bug Knight","The Cursed","The Hierophant","The Necromancer","The Runesmith","The Servant 0.9.4"],"gold_per_floor":[112,124,134,0,15,44,44,44,44,44,44,44,64,74,74,178,178,194,204,114,127,127,127,143,143,180,198,198,198,215,215,234,240,240],"floor_reached":33,"language":"ENG","playtime":2220,"items_purged":["Defend_B"],"score":328,"play_id":"dcf7a46a-2ff7-4625-ad10-664778350cc3","local_time":"20210112180231","is_ascension_mode":false,"campfire_choices":[{"floor":8.0,"key":"RECALL"},{"data":"Sunder","floor":11.0,"key":"SMITH"},{"data":"Double Energy","floor":15.0,"key":"SMITH"},{"data":"Meteor Strike","floor":25,"key":"SMITH"},{"data":"Fusion","floor":31,"key":"SMITH"}],"circlet_count":0,"master_deck":["Strike_B+1","Strike_B+1","Defend_B","Defend_B","Defend_B","Zap","Dualcast","Conserve Battery","Sunder+1","Turbo","Double Energy+1","Meteor Strike+1","Fusion+1","Conserve Battery","Reinforced Body","Conserve Battery","hubris:DoWhile"],"relics":["Cracked Core","Happy Flower","PreservedInsect","Thread and Needle","Simple Rune","MealTicket","Hallownest:DreamNailRelic","aspiration:BursterCore","Hallownest:StagBellRelic1","hubris:MobiusCoin","Orichalcum"],"acts_visited":["Exordium","Hallownest:Greenpath"],"potions_floor_usage":[27],"damage_taken":[{"damage":0.0,"enemies":"Hallownest:2_Baldur","floor":1.0,"turns":3.0},{"damage":0.0,"enemies":"Hallownest:monsterHuskGuard","floor":2.0,"turns":4.0},{"damage":0.0,"enemies":"2_ Uuma","floor":3.0,"turns":3.0},{"damage":0.0,"enemies":"Hallownest:monsterMossCharger","floor":5.0,"turns":2.0},{"damage":0.0,"enemies":"Hallownest:eliteCrystalGuardian","floor":6.0,"turns":3.0},{"damage":3.0,"enemies":"Hallownest:monsterMarmu","floor":7.0,"turns":5.0},{"damage":0.0,"enemies":"Hallownest:MossCreep_and_Mosskin","floor":13.0,"turns":5.0},{"damage":1.0,"enemies":"Hallownest:2_Tiktiks_1_Baldur_1_Crawlid","floor":14.0,"turns":4.0},{"damage":0.0,"enemies":"Hallownest:BossBrokenVessel","floor":16.0,"turns":8.0},{"damage":6.0,"enemies":"Hallownest:2_Mistakes","floor":18.0,"turns":11.0},{"damage":0.0,"enemies":"Hallownest:Flukemon_and_Top","floor":19.0,"turns":6.0},{"damage":19.0,"enemies":"Hallownest:monsterMisterMushroom","floor":21.0,"turns":6.0},{"damage":19,"enemies":"Hallownest:3_Mistakes","floor":24,"turns":8},{"damage":7,"enemies":"Hallownest:Glutton_and_Coward","floor":26,"turns":4},{"damage":4,"enemies":"Hallownest:2_Husk_Sentries","floor":27,"turns":3},{"damage":0,"enemies":"Hallownest:monsterMisterMushroom","floor":30,"turns":6},{"damage":9,"enemies":"Hallownest:2_Flukemon","floor":32,"turns":8},{"damage":5,"enemies":"conspire:MimicChest","floor":33,"turns":4}],"seed_played":"-7131741507341196713","potions_obtained":[{"floor":1.0,"key":"Weak Potion"},{"floor":5.0,"key":"Weak Potion"},{"floor":6.0,"key":"PowerPotion"},{"floor":24,"key":"SneckoOil"},{"floor":26,"key":"FearPotion"},{"floor":27,"key":"SmokeBomb"},{"floor":32,"key":"Energy Potion"}],"is_trial":false,"path_per_floor":["M","M","M","?","M","E","?","R","T","$","R","?","M","M","R","B",null,"M","M","?","M","PTL","PTL","M","R","M","M","T","AVR","M","R","M","?"],"character_chosen":"DEFECT","items_purchased":["Happy Flower","Conserve Battery","Sunder","PreservedInsect","Thread and Needle","Adrenaline Potion"],"campfire_rested":0,"item_purchase_floors":[0,0,0,0,0,0],"current_hp_per_floor":[40,40,40,40,40,40,37,37,37,52,52,52,52,51,51,51,75,69,69,69,50,50,50,31,31,24,20,20,20,20,20,11,6,6],"gold":240,"neow_bonus":"","is_daily":false,"chose_seed":false,"campfire_upgraded":4,"win_rate":0.0,"timestamp":1610503351,"path_taken":["M","?","M","?","M","E","?","R","T","$","R","?","M","M","R","BOSS","M","?","?","M","PTL","PTL","M","R","M","M","T","AVR","M","R","M","?"],"items_purchased_type":["Relic","Card","Card","Relic","Relic","Potion"],"build_version":"2020-12-22","purchased_purges":1,"victory":false,"max_hp_per_floor":[75,75,75,75,75,75,75,75,75,75,75,75,75,75,75,75,75,75,75,75,75,75,75,75,75,75,75,75,75,75,75,75,75,75],"card_choices":[{"not_picked":["Go for the Eyes","Steam","Beam Cell"],"picked":"SKIP","floor":1.0},{"not_picked":["Panic Button","Skim"],"picked":"Turbo","floor":2.0},{"not_picked":["conspire:SharedLibrary","ReplayTheSpireMod:Repulse","Beam Cell"],"picked":"SKIP","floor":3.0},{"not_picked":["Compile Driver","FIFO Queue"],"picked":"Double Energy","floor":5.0},{"not_picked":["Streamline","Stack","Sweeping Beam"],"picked":"SKIP","floor":6.0},{"not_picked":["Cold Snap","Coolheaded","ReplayGash"],"picked":"SKIP","floor":13.0},{"not_picked":["Aggregate","Hologram","Streamline"],"picked":"SKIP","floor":14.0},{"not_picked":["Reboot","Thunder Strike"],"picked":"Meteor Strike","floor":16.0},{"not_picked":["Beam Cell","Glacier","Rip and Tear"],"picked":"SKIP","floor":18.0},{"not_picked":["Ball Lightning+1","Leap"],"picked":"Fusion","floor":19.0},{"not_picked":["Mirror Shield","Go for the Eyes"],"picked":"Conserve Battery","floor":21.0},{"not_picked":["Stack","Steam","Tempest+1"],"picked":"SKIP","floor":24},{"not_picked":["Hologram","conspire:SharedLibrary","Turbo"],"picked":"SKIP","floor":26},{"not_picked":["Redo","Consume"],"picked":"Reinforced Body","floor":27},{"not_picked":["Barrage","ReplayTheSpireMod:GoodbyeWorld"],"picked":"Conserve Battery","floor":30},{"not_picked":["Ball Lightning","Fusion"],"picked":"hubris:DoWhile","floor":32}],"player_experience":382092,"relics_obtained":[{"floor":6.0,"key":"MealTicket"},{"floor":28,"key":"hubris:MobiusCoin"}],"event_choices":[],"is_beta":false,"boss_relics":[{"not_picked":["Fusion Hammer","Kintsugi"],"picked":"aspiration:BursterCore"}],"items_purged_floors":[29],"is_endless":false,"potions_floor_spawned":[1,5,6,24,26,27,32],"killed_by":"conspire:MimicChest","ascension_level":0}}