{"host":"a1eatafr7pisesky","time":1610552271,"event":{"mods":["AchievementEnabler","BaseMod","Colored Map","Keyboard Shortcuts","Minty Spire (QoL Compilation)","Say the Spire","StSLib","SuperFastMode","everything is the same but u backflip on backflip"],"gold_per_floor":[112,124,49,61,61,79,110,110,133,133,147,160,172,172,172,271,271,290,34,34,53,53,53,81,81,81,95,95,108,121,121,121,224,224,238,257,257,271,283,310,321,321,321,335,348,348,223,242,242,242,242],"floor_reached":50,"language":"KOR","playtime":1132,"items_purged":["Defend_P","Defend_P","Strike_P"],"score":834,"play_id":"32014cdf-a57e-4bcf-909c-6e404fb90047","local_time":"20210114003751","is_ascension_mode":true,"campfire_choices":[{"data":"1","floor":8.0,"key":"LIFT"},{"data":"2","floor":10.0,"key":"LIFT"},{"floor":15.0,"key":"REST"},{"data":"3","floor":23.0,"key":"LIFT"},{"floor":25.0,"key":"REST"},{"data":"Scrawl","floor":32.0,"key":"SMITH"},{"data":"Eruption","floor":42,"key":"SMITH"},{"data":"TalkToTheHand","floor":46,"key":"SMITH"},{"floor":49,"key":"RECALL"}],"circlet_count":0,"master_deck":["Strike_P","Eruption+1","Vigilance","FlurryOfBlows","Blasphemy","Tantrum","DeusExMachina","CutThroughFate","Vengeance","Scrawl+1","Meditate","EmptyBody","FlurryOfBlows","TalkToTheHand+1","TalkToTheHand","Vault+1"],"relics":["PureWater","Girya","Nunchaku","Bag of Marbles","Empty Cage","Orrery","Regal Pillow","PreservedInsect","Busted Crown","Happy Flower"],"acts_visited":["Exordium","TheCity","TheBeyond"],"potions_floor_usage":[50,50,50,50,50,50,50],"damage_taken":[{"damage":7.0,"enemies":"Cultist","floor":1.0,"turns":3.0},{"damage":5.0,"enemies":"2 Louse","floor":2.0,"turns":3.0},{"damage":0.0,"enemies":"Jaw Worm","floor":4.0,"turns":1.0},{"damage":2.0,"enemies":"Gremlin Gang","floor":6.0,"turns":2.0},{"damage":0.0,"enemies":"3 Sentries","floor":7.0,"turns":3.0},{"damage":0.0,"enemies":"3 Louse","floor":11.0,"turns":1.0},{"damage":0.0,"enemies":"Large Slime","floor":12.0,"turns":2.0},{"damage":0.0,"enemies":"Gremlin Gang","floor":13.0,"turns":1.0},{"damage":26.0,"enemies":"Slime Boss","floor":16.0,"turns":6.0},{"damage":24.0,"enemies":"Chosen","floor":18.0,"turns":2.0},{"damage":5.0,"enemies":"Shell Parasite","floor":21.0,"turns":2.0},{"damage":0.0,"enemies":"Gremlin Leader","floor":24.0,"turns":2.0},{"damage":0.0,"enemies":"Centurion and Healer","floor":27.0,"turns":2.0},{"damage":10.0,"enemies":"Snecko","floor":29.0,"turns":3.0},{"damage":0.0,"enemies":"Shelled Parasite and Fungi","floor":30.0,"turns":2.0},{"damage":54.0,"enemies":"Automaton","floor":33.0,"turns":5.0},{"damage":0.0,"enemies":"Orb Walker","floor":35.0,"turns":2.0},{"damage":0.0,"enemies":"3 Darklings","floor":36.0,"turns":2.0},{"damage":0.0,"enemies":"Jaw Worm Horde","floor":38.0,"turns":1.0},{"damage":0.0,"enemies":"Writhing Mass","floor":39.0,"turns":4.0},{"damage":11.0,"enemies":"Reptomancer","floor":40.0,"turns":3.0},{"damage":0,"enemies":"Maw","floor":41,"turns":4},{"damage":0,"enemies":"3 Darklings","floor":44,"turns":1},{"damage":0,"enemies":"Sphere and 2 Shapes","floor":45,"turns":2},{"damage":0,"enemies":"Maw","floor":48,"turns":3},{"damage":87,"enemies":"Awakened One","floor":50,"turns":4}],"seed_played":"-2088892368637157309","potions_obtained":[{"floor":2.0,"key":"Explosive Potion"},{"floor":4.0,"key":"Dexterity Potion"},{"floor":6.0,"key":"BlessingOfTheForge"},{"floor":16.0,"key":"EssenceOfSteel"},{"floor":18.0,"key":"GamblersBrew"},{"floor":27.0,"key":"StancePotion"},{"floor":33.0,"key":"PowerPotion"},{"floor":35.0,"key":"Dexterity Potion"},{"floor":38.0,"key":"EntropicBrew"}],"is_trial":false,"path_per_floor":["M","M","$","M","$","M","E","R","T","R","M","M","M","?","R","B",null,"M","$","?","M","$","R","E","R","T","M","?","M","M","?","R","B",null,"M","M","?","M","M","E","M","R","T","M","M","R","$","M","R","B"],"character_chosen":"WATCHER","items_purchased":["Orrery"],"campfire_rested":2,"item_purchase_floors":[19],"current_hp_per_floor":[40,35,35,35,35,33,33,33,33,33,33,33,33,33,54,28,61,37,37,37,32,32,32,32,68,68,68,68,58,58,58,58,4,55,55,55,55,55,55,44,44,44,44,44,44,44,44,44,44,0,0],"gold":242,"neow_bonus":"ONE_RARE_RELIC","is_daily":false,"chose_seed":false,"campfire_upgraded":3,"win_rate":0.0,"timestamp":1610552271,"path_taken":["M","M","$","M","?","M","E","R","T","R","M","M","?","?","R","BOSS","M","$","?","M","$","R","E","R","T","?","?","M","M","?","R","BOSS","M","?","?","M","M","E","M","R","T","?","M","R","$","M","R","BOSS"],"items_purchased_type":["Relic"],"build_version":"2020-12-22","purchased_purges":3,"victory":false,"max_hp_per_floor":[72,72,72,72,72,72,72,72,72,72,72,72,72,72,72,72,72,72,72,72,72,72,72,72,72,72,72,72,72,72,72,72,72,72,72,72,72,72,72,72,72,72,72,72,72,72,72,72,72,72,72],"card_choices":[{"not_picked":["SashWhip","EmptyFist"],"picked":"FlurryOfBlows","floor":1.0},{"not_picked":["Evaluate","WheelKick"],"picked":"Blasphemy","floor":2.0},{"not_picked":["EmptyFist","Prostrate"],"picked":"Tantrum","floor":4.0},{"not_picked":["EmptyBody","CarveReality"],"picked":"DeusExMachina","floor":6.0},{"not_picked":["Evaluate","Halt","Prostrate"],"picked":"SKIP","floor":7.0},{"not_picked":["Halt","ReachHeaven"],"picked":"CutThroughFate","floor":11.0},{"not_picked":["FollowUp","JustLucky","Evaluate"],"picked":"SKIP","floor":12.0},{"not_picked":["FollowUp","CutThroughFate"],"picked":"Vengeance","floor":13.0},{"not_picked":["ConjureBlade","Devotion"],"picked":"Scrawl","floor":16.0},{"not_picked":["Sanctity","Crescendo","JustLucky+1"],"picked":"SKIP","floor":18.0},{"not_picked":["Perseverance","Evaluate"],"picked":"Meditate","floor":19.0},{"not_picked":["ThirdEye","Weave"],"picked":"EmptyBody","floor":19.0},{"not_picked":["Alpha","SashWhip"],"picked":"FlurryOfBlows","floor":19.0},{"not_picked":["Evaluate","Sanctity+1","FollowUp"],"picked":"SKIP","floor":21.0},{"not_picked":["Crescendo","PathToVictory+1"],"picked":"TalkToTheHand","floor":24.0},{"not_picked":["EmptyBody","Consecrate+1","MasterReality"],"picked":"SKIP","floor":27.0},{"not_picked":["Perseverance+1","Collect","Consecrate"],"picked":"SKIP","floor":29.0},{"not_picked":["Perseverance+1","Collect","Consecrate"],"picked":"SKIP","floor":29.0},{"not_picked":["Collect","TalkToTheHand","Halt"],"picked":"SKIP","floor":30.0},{"not_picked":["Judgement","Wish"],"picked":"Vault","floor":33.0},{"not_picked":["WreathOfFlame"],"picked":"SKIP","floor":35.0},{"not_picked":["FlyingSleeves"],"picked":"SKIP","floor":36.0},{"not_picked":["CutThroughFate+1"],"picked":"SKIP","floor":38.0},{"not_picked":["SashWhip"],"picked":"SKIP","floor":39.0},{"not_picked":["Sanctity"],"picked":"SKIP","floor":40.0},{"not_picked":["Prostrate"],"picked":"SKIP","floor":41},{"not_picked":["Consecrate+1"],"picked":"SKIP","floor":44},{"not_picked":["BattleHymn+1"],"picked":"SKIP","floor":45},{"not_picked":["Sanctity+1"],"picked":"SKIP","floor":48}],"player_experience":312793,"relics_obtained":[{"floor":7.0,"key":"Nunchaku"},{"floor":9.0,"key":"Bag of Marbles"},{"floor":24.0,"key":"Regal Pillow"},{"floor":26.0,"key":"PreservedInsect"},{"floor":40.0,"key":"Happy Flower"}],"event_choices":[{"damage_healed":0.0,"max_hp_gain":0.0,"max_hp_loss":0.0,"gold_gain":0.0,"event_name":"Liars Game","player_choice":"Ignored","floor":14.0,"gold_loss":0.0,"damage_taken":0.0},{"damage_healed":0.0,"max_hp_gain":0.0,"max_hp_loss":0.0,"gold_gain":0.0,"cards_transformed":["Strike_P"],"event_name":"Transmorgrifier","player_choice":"Transformed","floor":20.0,"gold_loss":0.0,"damage_taken":0.0,"cards_obtained":["TalkToTheHand"]},{"damage_healed":0.0,"max_hp_gain":0.0,"max_hp_loss":0.0,"gold_gain":0.0,"event_name":"Cursed Tome","player_choice":"Ignored","floor":28.0,"gold_loss":0.0,"damage_taken":0.0},{"cards_removed":["Strike_P"],"damage_healed":0.0,"max_hp_gain":0.0,"max_hp_loss":0.0,"gold_gain":0.0,"event_name":"Purifier","player_choice":"Purged","floor":31.0,"gold_loss":0.0,"damage_taken":0.0},{"damage_healed":0.0,"max_hp_gain":0.0,"max_hp_loss":0.0,"gold_gain":0.0,"event_name":"Accursed Blacksmith","player_choice":"Forge","floor":37.0,"gold_loss":0.0,"damage_taken":0.0,"cards_upgraded":["Vault"]}],"is_beta":false,"boss_relics":[{"not_picked":["Fusion Hammer","Pandora\u0027s Box"],"picked":"Empty Cage"},{"not_picked":["Calling Bell","Astrolabe"],"picked":"Busted Crown"}],"items_purged_floors":[3,19,47],"is_endless":false,"potions_floor_spawned":[2,4,6,16,18,27,33,35,38,39,44,45,48],"killed_by":"Awakened One","ascension_level":9}}