{"host":"wvwkddos141hgtsy","time":1610577074,"event":{"mods":["AchievementEnabler","Act Like it!","Aspiration","Bard","BaseMod","Beaked The Cultist","Better Altar","Better Match","Better Note","Better Sensory Stone","Better Skull","Better Third Choice","BetterRewards","CCEM","Clawfect","Colored Map","Conspire","Downfall","GifTheSpireLib","Googly Eyes","Halation","Hallownest","Hermit","Highlight Path","Hubris","Hunter ??","Infinite Spire","Jedi Mod","Jorbs\u0027s Wanderer Trilogy","Mad Scientist","Marisa????????","Mimic Mod","Minty Spire (QoL Compilation)","Permanent Neow","Replay The Spire","Shade Mod","Shop Mod","Spicy Shops","StSLib","Stuff the Spire","The Administrix","The Blackbeard","The Bug Knight","The Construct","The Cursed","The Disciple","The Gatherer","The Hierophant","The IronCluck","The Jungle","The Mystic","The Necromancer","The Problem Sleuth","The Runesmith","The Servant 0.9.4","The Spell Scribe","The Witch","Unceasing Turn Reminder","[IsaacMod]????","everything is the same but u backflip on backflip","slay the spire mod where everything is the same but ironclad has a cowboy hat"],"gold_per_floor":[109,109,123,127,93,93,104,104,104,132,132,151,145,163,163,161,161],"floor_reached":16,"language":"ENG","playtime":1509,"items_purged":[],"score":104,"play_id":"117fcffe-84eb-49ac-a788-e5c6898cff6f","local_time":"20210113173114","is_ascension_mode":false,"campfire_choices":[{"data":"hierophant:ChurchCoffers","floor":6,"key":"SMITH"},{"data":"hierophant:PassingBell","floor":8,"key":"SMITH"},{"data":"hierophant:Endure","floor":11,"key":"SMITH"},{"data":"hierophant:Encroach","floor":15,"key":"SMITH"}],"circlet_count":0,"master_deck":["hierophant:Strike_Hierophant","hierophant:Strike_Hierophant","hierophant:Strike_Hierophant","hierophant:Punish","hierophant:Defend_Hierophant","hierophant:Defend_Hierophant","hierophant:Defend_Hierophant","hierophant:Defend_Hierophant","hierophant:ChurchCoffers+1","hierophant:Shelter","hierophant:MorningPrayer","hierophant:Encroach+1","hierophant:PassingBell+1","hierophant:HolyVerse","hierophant:Endure+1","hierophant:RepressedViolence","hierophant:HolyVerse","hierophant:RepressedViolence"],"relics":["hierophant:PropheticMaskRelic","HushsDoor","Odd Mushroom","infinitespire:Midas Blood","BloodDonationMachine"],"acts_visited":["Exordium"],"potions_floor_usage":[16,16,16],"damage_taken":[{"damage":3,"enemies":"Small Slimes","floor":1,"turns":3},{"damage":0,"enemies":"2 Louse","floor":3,"turns":3},{"damage":6,"enemies":"Jaw Worm","floor":4,"turns":5},{"damage":2,"enemies":"Looter","floor":5,"turns":4},{"damage":0,"enemies":"Exordium Wildlife","floor":7,"turns":3},{"damage":0,"enemies":"The Mushroom Lair","floor":10,"turns":4},{"damage":3,"enemies":"Gremlin Nob","floor":12,"turns":4},{"damage":10,"enemies":"Exordium Thugs","floor":13,"turns":4},{"damage":0,"enemies":"Blue Slaver","floor":14,"turns":3},{"damage":63,"enemies":"Slime Boss","floor":16,"turns":12}],"seed_played":"-2417876235889139733","potions_obtained":[{"floor":1,"key":"conspire:TimeTravelPotion"},{"floor":10,"key":"jedi:tentaclejuice"},{"floor":12,"key":"Swift Potion"}],"is_trial":false,"path_per_floor":["M","?","M","M","M","R","M","R","T","?","R","E","M","M","R","B"],"character_chosen":"HIEROPHANT","items_purchased":[],"campfire_rested":0,"item_purchase_floors":[],"current_hp_per_floor":[72,72,72,66,64,64,64,64,64,64,64,61,51,51,51,0,0],"gold":161,"neow_bonus":"REMOVE_CARD","is_daily":false,"chose_seed":false,"campfire_upgraded":4,"win_rate":0.0,"timestamp":1610577074,"path_taken":["M","?","M","M","M","R","M","R","T","?","R","E","M","M","R","BOSS"],"items_purchased_type":[],"build_version":"2020-12-22","purchased_purges":0,"victory":false,"max_hp_per_floor":[75,75,75,75,75,75,75,75,75,75,75,75,75,75,75,75,75],"card_choices":[{"not_picked":["hierophant:ConvertCurrency","hierophant:Remorse"],"picked":"hierophant:Shelter","floor":1},{"not_picked":["Bomb","hierophant:CursedGold"],"picked":"hierophant:MorningPrayer","floor":3},{"not_picked":["hierophant:ThreeLashes","hierophant:Cornucopia"],"picked":"hierophant:Encroach","floor":4},{"not_picked":["hierophant:SealAway","hierophant:Purify"],"picked":"hierophant:PassingBell","floor":5},{"not_picked":["hierophant:CoinFling","hierophant:Alms"],"picked":"hierophant:HolyVerse","floor":7},{"not_picked":["hierophant:HammerAndAnvil","hierophant:Dazzle"],"picked":"hierophant:Endure","floor":10},{"not_picked":["hierophant:Remorse","hierophant:ThreeLashes"],"picked":"hierophant:RepressedViolence","floor":12},{"not_picked":["hierophant:Blessing","hierophant:HammerAndAnvil"],"picked":"hierophant:HolyVerse","floor":13},{"not_picked":["hierophant:CursedGold","hierophant:Remorse"],"picked":"hierophant:RepressedViolence","floor":14}],"player_experience":418257,"relics_obtained":[{"floor":10,"key":"Odd Mushroom"},{"floor":12,"key":"infinitespire:Midas Blood"}],"event_choices":[{"damage_healed":0,"gold_gain":0,"player_choice":"Fought Mushrooms","damage_taken":0,"max_hp_gain":0,"max_hp_loss":0,"event_name":"Mushrooms","floor":10,"gold_loss":0}],"is_beta":false,"boss_relics":[],"items_purged_floors":[],"is_endless":false,"potions_floor_spawned":[1,10,12,14],"killed_by":"Slime Boss","ascension_level":0}}