{"host":"tnsigirk6wurdark","time":1610525760,"event":{"mods":["BaseMod","Colored Map","Colored Powertips","Highlight Path","Minty Spire (QoL Compilation)","Quick Restart","Relic Sorter","StSLib","Synergy Search"],"gold_per_floor":[110,110,110,18,18,28,59,69,96,96,142,142,176,176,176,261,261,287,287,312,337,356,356,356],"floor_reached":23,"language":"ENG","playtime":1066,"items_purged":[],"score":352,"play_id":"7bfa5b63-9bf9-4e93-9825-3e5a3626deec","local_time":"20210113081600","is_ascension_mode":true,"campfire_choices":[{"floor":10,"key":"REST"},{"floor":12,"key":"REST"},{"floor":15,"key":"REST"}],"circlet_count":0,"master_deck":["AscendersBane","Strike_G","Strike_G","Strike_G","Strike_G","Defend_G","Defend_G+1","Defend_G","Defend_G","Defend_G","Survivor","Neutralize","Backflip+1","Burst","Good Instincts","Poisoned Stab","Bouncing Flask","Bouncing Flask","Deadly Poison","Quick Slash","Bullet Time","Backflip","Dagger Spray","Footwork","Well Laid Plans"],"relics":["Fusion Hammer","Sozu","Lantern","Eternal Feather","CeramicFish","Bronze Scales","War Paint"],"acts_visited":["Exordium","TheCity"],"potions_floor_usage":[11,13,16],"damage_taken":[{"damage":0,"enemies":"2 Louse","floor":1,"turns":3},{"damage":4,"enemies":"Jaw Worm","floor":6,"turns":5},{"damage":35,"enemies":"3 Sentries","floor":7,"turns":14},{"damage":0,"enemies":"Small Slimes","floor":8,"turns":3},{"damage":15,"enemies":"Gremlin Gang","floor":11,"turns":4},{"damage":3,"enemies":"Gremlin Nob","floor":13,"turns":3},{"damage":29,"enemies":"The Guardian","floor":16,"turns":7},{"damage":0,"enemies":"Chosen","floor":18,"turns":4},{"damage":11,"enemies":"Shell Parasite","floor":20,"turns":3},{"damage":27,"enemies":"Snecko","floor":21,"turns":5},{"damage":18,"enemies":"Chosen and Byrds","floor":22,"turns":5},{"damage":4,"enemies":"Book of Stabbing","floor":23,"turns":2}],"seed_played":"1222697567998587689","potions_obtained":[{"floor":7,"key":"Ancient Potion"},{"floor":8,"key":"ColorlessPotion"},{"floor":13,"key":"Energy Potion"}],"is_trial":false,"path_per_floor":["M","?","?","$","T","M","E","M","T","R","M","R","E","?","R","B",null,"M","?","M","M","M","E"],"character_chosen":"THE_SILENT","items_purchased":["Good Instincts"],"campfire_rested":3,"item_purchase_floors":[4],"current_hp_per_floor":[59,59,59,59,59,55,20,20,20,48,33,61,58,32,63,34,58,58,58,47,20,2,0,0],"gold":356,"neow_bonus":"BOSS_RELIC","is_daily":false,"chose_seed":false,"campfire_upgraded":0,"win_rate":0.0,"timestamp":1610525760,"path_taken":["M","?","?","?","?","M","E","M","T","R","M","R","E","?","R","BOSS","M","?","?","M","M","E"],"items_purchased_type":["Card"],"build_version":"2020-12-22","purchased_purges":0,"victory":false,"max_hp_per_floor":[66,66,66,66,66,66,66,66,66,66,66,66,66,66,66,66,66,66,66,66,66,66,66,66],"card_choices":[{"not_picked":["Dagger Spray","Crippling Poison"],"picked":"Backflip","floor":1},{"not_picked":["Reflex","Flying Knee"],"picked":"Poisoned Stab","floor":6},{"not_picked":["Eviscerate","Choke"],"picked":"Bouncing Flask","floor":7},{"not_picked":["Acrobatics","PiercingWail"],"picked":"Bouncing Flask","floor":8},{"not_picked":["Crippling Poison","Well Laid Plans"],"picked":"Deadly Poison","floor":11},{"not_picked":["Dodge and Roll","Unload"],"picked":"Quick Slash","floor":13},{"not_picked":["Doppelganger","After Image"],"picked":"Bullet Time","floor":16},{"not_picked":["Dagger Throw","Outmaneuver"],"picked":"Backflip","floor":18},{"not_picked":["Flying Knee","Bane"],"picked":"Dagger Spray","floor":20},{"not_picked":["Deadly Poison+1","Slice"],"picked":"Footwork","floor":21},{"not_picked":["Underhanded Strike","Terror"],"picked":"Well Laid Plans","floor":22}],"player_experience":701309,"relics_obtained":[{"floor":5,"key":"Eternal Feather"},{"floor":7,"key":"Lantern"},{"floor":9,"key":"CeramicFish"},{"floor":13,"key":"Bronze Scales"}],"event_choices":[{"damage_healed":0,"gold_gain":0,"cards_transformed":["Strike_G"],"player_choice":"Change","damage_taken":0,"max_hp_gain":0,"max_hp_loss":0,"event_name":"Living Wall","floor":2,"gold_loss":0,"cards_obtained":["Burst"]},{"damage_healed":0,"gold_gain":0,"player_choice":"Ignored","damage_taken":0,"max_hp_gain":0,"max_hp_loss":0,"event_name":"Shining Light","floor":3,"gold_loss":0},{"damage_healed":0,"gold_gain":0,"player_choice":"Success","damage_taken":26,"relics_obtained":["War Paint"],"max_hp_gain":0,"max_hp_loss":0,"event_name":"Scrap Ooze","floor":14,"gold_loss":0},{"damage_healed":0,"gold_gain":0,"player_choice":"Got Potions","damage_taken":0,"max_hp_gain":0,"max_hp_loss":0,"event_name":"Lab","floor":19,"gold_loss":0}],"is_beta":false,"boss_relics":[{"not_picked":["Philosopher\u0027s Stone","Runic Dome"],"picked":"Sozu"}],"items_purged_floors":[],"is_endless":false,"potions_floor_spawned":[7,8,13,18,20],"killed_by":"Book of Stabbing","ascension_level":15}}