{"host":"l84l8xigz5v5foa2","time":1610553868,"event":{"mods":["2.2 Compatiblity","AchievementEnabler","BaseMod","Better Note","Better Vampires","Card Filter","Colored Map","DeckTracker","Downfall","Gremlin Skip","Highlight Path","Keyboard Shortcuts","Minty Spire (QoL Compilation)","Permanent Neow","Quick Restart","Relic Filter","Relic Stats","StSLib","SuperFastMode","Transform Curses","Unknown Chances"],"gold_per_floor":[99,116,126,126,226,226,226,0,0,19,33,33,67,84,104,181,181,31,42,57,75,6,6,6,19,19,19,53,53,38,71,90,169,169,169,189,189,189,202,230,230,230,425,425,350,371,371,382,395,395,395,421,13,13,13],"floor_reached":56,"language":"ENG","playtime":3255,"items_purged":["hexamod:Strike","Bite","hexamod:Sear+1"],"score":2653,"play_id":"a7cc2b29-77ed-4d4e-b3c5-1c73c8dfaaca","local_time":"20210114010428","is_ascension_mode":true,"campfire_choices":[{"data":"hexamod:Float","floor":1.0,"key":"SMITH"},{"data":"hexamod:FastForward","floor":6.0,"key":"SMITH"},{"floor":9.0,"key":"RECALL"},{"floor":12.0,"key":"REST"},{"data":"hexamod:Rewind","floor":18.0,"key":"SMITH"},{"data":"hexamod:GhostOfSpirePast","floor":35,"key":"SMITH"},{"data":"Mayhem","floor":45,"key":"SMITH"},{"data":"hexamod:HexaLevel","floor":47,"key":"SMITH"},{"data":"expansioncontent:CaCaw","floor":54,"key":"SMITH"}],"circlet_count":0,"master_deck":["AscendersBane","hexamod:Defend+1","hexamod:Defend+1","hexamod:Defend+1","hexamod:Defend+1","hexamod:Float+1","hexamod:FastForward+1","hexamod:HauntingEcho+1","hexamod:SpectersWail+1","hexamod:GhostShield+1","hexamod:AdvancingGuard","hexamod:Rewind+1","hexamod:HeatMetal+1","hexamod:TimeOfNeed+1","hexamod:SwordOfDarkness+1","hexamod:RecurringNightmare+1","hexamod:RetreatToShadows+1","hexamod:SuperheatedStrike+1","hexamod:ShieldOfDarkness+1","hexamod:GhostShield+1","Flash of Steel+1","hexamod:StepThrough+1","hexamod:GhostOfSpireFuture+1","hexamod:TimeWarp+1","Bite","Bite+1","hexamod:GhostOfSpirePast+1","hexamod:NightmareGuise+1","hexamod:ApocalypticArmor+1","hexamod:HexaLevel+1","hexamod:ThirdSeal","hexamod:SixthSeal","hexamod:Incineration+1","hexamod:ThermalTransfer+1","hexamod:AdvancingGuard+1","hexamod:TimeWarp+1","Mayhem+1","hexamod:RainOfEmbers+1","hexamod:GhostOfSpirePast+1","expansioncontent:CaCaw+1"],"relics":["hexamod:SpiritBrand","TungstenRod","Question Card","Oddly Smooth Stone","Membership Card","Singing Bowl","Sozu","downfall:HeartBlessingRed","downfall:HeartBlessingGreen","Enchiridion","Mummified Hand","Shuriken","Nunchaku","expansioncontent:StudyCardRelic","downfall:HeartBlessingBlue","hexamod:TheBrokenSeal","Bag of Preparation","champ:DuelingGlove","HandDrill"],"acts_visited":["Exordium","TheCity","TheBeyond","TheEnding"],"potions_floor_usage":[],"damage_taken":[{"damage":0.0,"enemies":"Cultist","floor":2.0,"turns":3.0},{"damage":0.0,"enemies":"2 Louse","floor":3.0,"turns":3.0},{"damage":0.0,"enemies":"downfall:FleeingMerchant","floor":8.0,"turns":4.0},{"damage":0.0,"enemies":"Jaw Worm","floor":10.0,"turns":2.0},{"damage":0.0,"enemies":"3 Louse","floor":11.0,"turns":3.0},{"damage":0.0,"enemies":"Lagavulin","floor":13.0,"turns":7.0},{"damage":0.0,"enemies":"2 Fungi Beasts","floor":14.0,"turns":3.0},{"damage":7.0,"enemies":"3 Louse","floor":15.0,"turns":4.0},{"damage":18.0,"enemies":"downfall:Silent","floor":16.0,"turns":12.0},{"damage":0.0,"enemies":"3 Byrds","floor":19.0,"turns":4.0},{"damage":8.0,"enemies":"Spheric Guardian","floor":20.0,"turns":5.0},{"damage":6.0,"enemies":"3 Cultists","floor":21.0,"turns":5.0},{"damage":0.0,"enemies":"downfall:FleeingMerchant","floor":22.0,"turns":4.0},{"damage":0.0,"enemies":"Centurion and Healer","floor":25.0,"turns":6.0},{"damage":16.0,"enemies":"Slavers","floor":28.0,"turns":5.0},{"damage":0.0,"enemies":"downfall:FleeingMerchant","floor":30.0,"turns":4.0},{"damage":5.0,"enemies":"Gremlin Leader","floor":31.0,"turns":5.0},{"damage":0.0,"enemies":"Snake Plant","floor":32.0,"turns":4.0},{"damage":0,"enemies":"downfall:Watcher","floor":33,"turns":8},{"damage":8,"enemies":"Orb Walker","floor":36,"turns":4},{"damage":0,"enemies":"3 Darklings","floor":39,"turns":8},{"damage":23,"enemies":"Sphere and 2 Shapes","floor":40,"turns":7},{"damage":0,"enemies":"downfall:FleeingMerchant","floor":43,"turns":4},{"damage":2,"enemies":"Maw","floor":46,"turns":6},{"damage":0,"enemies":"3 Darklings","floor":48,"turns":6},{"damage":28,"enemies":"Spire Growth","floor":49,"turns":7},{"damage":2,"enemies":"downfall:Ironclad","floor":50,"turns":7},{"damage":0,"enemies":"downfall:CharBossMerchant","floor":52,"turns":7},{"damage":2,"enemies":"downfall:NeowBoss","floor":55,"turns":14}],"seed_played":"-7699214886485827281","potions_obtained":[{"floor":3.0,"key":"champ:CounterPotion"},{"floor":13.0,"key":"AttackPotion"},{"floor":15.0,"key":"FearPotion"}],"is_trial":false,"path_per_floor":["R","M","M","?","?","R","T","$","R","M","M","R","E","M","M","B",null,"R","M","M","M","$","?","T","M","?","?","E","?","$","E","M","B",null,"R","M","?","?","M","M","T","?","$","?","R","M","R","M","M","B",null,"E","$","R","B",null],"character_chosen":"THE_SPIRIT","items_purchased":["Membership Card","Flash of Steel","Mayhem","hexamod:GhostOfSpirePast","champ:DuelingGlove","expansioncontent:CaCaw","HandDrill"],"campfire_rested":1,"item_purchase_floors":[8,22,43,53,53,53,53],"current_hp_per_floor":[42,42,42,27,27,27,27,27,27,27,27,45,45,47,42,26,58,58,60,52,48,48,28,28,28,28,28,20,20,24,25,33,41,62,62,60,60,54,71,62,62,62,66,66,76,101,101,105,79,82,101,110,110,110,111],"gold":13,"neow_bonus":"ONE_RARE_RELIC","is_daily":false,"chose_seed":false,"campfire_upgraded":7,"win_rate":0.0,"timestamp":1610553868,"path_taken":["R","M","?","?","?","R","T","$","R","M","M","R","E","M","M","BOSS","R","M","M","M","$","?","T","M","?","?","E","?","?","E","M","BOSS","R","M","?","?","M","M","T","?","$","?","R","M","R","M","M","BOSS","E","$","R","BOSS"],"items_purchased_type":["Relic","Card","Card","Card","Relic","Card","Relic"],"build_version":"2020-12-22","purchased_purges":3,"victory":true,"max_hp_per_floor":[63,63,63,63,63,63,63,63,63,63,63,63,63,65,67,69,69,69,71,71,73,73,73,73,73,73,59,63,63,63,65,69,69,69,69,73,73,73,75,77,77,77,77,77,87,101,101,105,107,107,107,111,111,111,111],"relic_stats":{"Sozu":12,"Nunchaku":[19],"Singing Bowl":42,"counters":[29,161],"Mummified Hand":[136],"Shuriken":[42],"Bag of Preparation":[2],"HandDrill":[4],"Question Card":57,"obtain_stats":[{"champ:DuelingGlove":53,"Singing Bowl":13,"downfall:HeartBlessingRed":18,"Oddly Smooth Stone":7,"Enchiridion":23,"hexamod:TheBrokenSeal":46,"downfall:HeartBlessingGreen":18,"expansioncontent:StudyCardRelic":34,"Bag of Preparation":52,"Question Card":4,"Sozu":17,"Nunchaku":31,"Mummified Hand":24,"Shuriken":28,"downfall:HeartBlessingBlue":45,"HandDrill":53,"Membership Card":8,"hexamod:SpiritBrand":0,"TungstenRod":0},{"champ:DuelingGlove":28,"Singing Bowl":6,"downfall:HeartBlessingRed":9,"Oddly Smooth Stone":2,"Enchiridion":13,"hexamod:TheBrokenSeal":24,"downfall:HeartBlessingGreen":9,"expansioncontent:StudyCardRelic":19,"Bag of Preparation":28,"Question Card":2,"Sozu":9,"Nunchaku":17,"Mummified Hand":13,"Shuriken":15,"downfall:HeartBlessingBlue":23,"HandDrill":28,"Membership Card":3,"hexamod:SpiritBrand":0,"TungstenRod":0},{"champ:DuelingGlove":147,"Singing Bowl":22,"downfall:HeartBlessingRed":41,"Oddly Smooth Stone":6,"Enchiridion":59,"hexamod:TheBrokenSeal":120,"downfall:HeartBlessingGreen":41,"expansioncontent:StudyCardRelic":91,"Bag of Preparation":147,"Question Card":6,"Sozu":41,"Nunchaku":79,"Mummified Hand":59,"Shuriken":70,"downfall:HeartBlessingBlue":114,"HandDrill":147,"Membership Card":10,"hexamod:SpiritBrand":0,"TungstenRod":0}],"TungstenRod":34},"card_choices":[{"not_picked":["hexamod:HeatCrush","hexamod:Hexaguard"],"picked":"hexamod:FastForward","floor":2.0},{"not_picked":["hexamod:SwordOfDarkness","hexamod:NightmareGuise"],"picked":"hexamod:HauntingEcho","floor":3.0},{"not_picked":["hexamod:GhostShield","hexamod:HauntingEcho","hexamod:NightmareStrike"],"picked":"hexamod:SpectersWail","floor":8.0},{"not_picked":["hexamod:ThermalTransfer","hexamod:ShieldOfDarkness","hexamod:ChargedBarrage"],"picked":"hexamod:GhostShield","floor":10.0},{"not_picked":["hexamod:HeatMetal","hexamod:FlamesFromBeyond","hexamod:Firestarter"],"picked":"hexamod:ThirdSeal","floor":11.0},{"not_picked":["hexamod:HeatShield","hexamod:RecurringNightmare","hexamod:PhantomFireball"],"picked":"hexamod:SixthSeal","floor":13.0},{"not_picked":["hexamod:FastForward","hexamod:RainOfEmbers","hexamod:GhostLash"],"picked":"hexamod:AdvancingGuard","floor":13.0},{"not_picked":["hexamod:DynamicBlow","hexamod:FlamesFromBeyond","hexamod:HeatShield","hexamod:NightmareStrike"],"picked":"Singing Bowl","floor":14.0},{"not_picked":["hexamod:RetreatToShadows","hexamod:Hexaguard","hexamod:SwordOfDarkness"],"picked":"hexamod:Rewind","floor":14.0},{"not_picked":["hexamod:FlamesFromBeyond","hexamod:Again","hexamod:SwordOfDarkness"],"picked":"hexamod:HeatMetal","floor":15.0},{"not_picked":["hexamod:GhostLash","hexamod:BacktrackSmack","hexamod:RecurringNightmare","hexamod:SwordOfDarkness"],"picked":"Singing Bowl","floor":15.0},{"not_picked":["hexamod:UnleashSpirits","hexamod:VolcanoVisage","hexamod:SixthSeal"],"picked":"hexamod:TimeOfNeed","floor":16.0},{"not_picked":["hexamod:CrushingStance","hexamod:WildfireWeapon","hexamod:SearingWound","hexamod:EmpoweringStance"],"picked":"Singing Bowl","floor":16.0},{"not_picked":["hexamod:HeatShield","hexamod:FastForward+1","hexamod:EmpoweredFlame","hexamod:AdvancingGuard"],"picked":"Singing Bowl","floor":19.0},{"not_picked":["hexamod:Firestarter","hexamod:GhostShield+1","hexamod:HauntingEcho"],"picked":"hexamod:SwordOfDarkness+1","floor":19.0},{"not_picked":["hexamod:EmpoweredFlame","hexamod:HeatCrush+1","hexamod:GhostflameBarrier"],"picked":"hexamod:RecurringNightmare","floor":20.0},{"not_picked":["hexamod:InspiringFlames","hexamod:ChargedBarrage","hexamod:GhostflameInferno"],"picked":"hexamod:RetreatToShadows","floor":20.0},{"not_picked":["hexamod:ThermalTransfer","hexamod:AdvancingGuard","hexamod:GhostShield","hexamod:RetreatToShadows"],"picked":"Singing Bowl","floor":21.0},{"not_picked":["hexamod:SoulSteal","hexamod:PhantomFireball+1","hexamod:BacktrackSmack+1"],"picked":"hexamod:SuperheatedStrike+1","floor":21.0},{"not_picked":["hexamod:GhostLash","hexamod:ThermalTransfer","hexamod:SpectersWail+1"],"picked":"hexamod:ShieldOfDarkness","floor":22.0},{"not_picked":["hexamod:SpectersWail+1","hexamod:CrushingStance","hexamod:Firestarter"],"picked":"hexamod:GhostShield+1","floor":22.0},{"not_picked":["hexamod:SuperheatedStrike","hexamod:FastForward","hexamod:Rewind"],"picked":"hexamod:StepThrough","floor":25.0},{"not_picked":["hexamod:Hexaguard","hexamod:DynamicBlow","hexamod:BacktrackSmack"],"picked":"hexamod:GhostOfSpireFuture+1","floor":25.0},{"not_picked":["hexamod:ChargedBarrage","hexamod:RetreatToShadows","hexamod:HauntingEcho","hexamod:CrushingStance"],"picked":"Singing Bowl","floor":28.0},{"not_picked":["hexamod:InspiringFlames","hexamod:GhostOfSpireFuture","hexamod:EmpoweredFlame","hexamod:GhostOfSpirePresent"],"picked":"Singing Bowl","floor":28.0},{"not_picked":["hexamod:RainOfEmbers","hexamod:GhostflameBarrier","hexamod:SpectralAdrenaline"],"picked":"hexamod:GhostOfSpirePast","floor":30.0},{"not_picked":["hexamod:HeatMetal+1","hexamod:GhostLash","hexamod:SecondSeal"],"picked":"hexamod:NightmareGuise+1","floor":30.0},{"not_picked":["hexamod:ShieldOfDarkness","hexamod:RadiantFlame","hexamod:NightmareGuise+1","hexamod:CatchUp"],"picked":"Singing Bowl","floor":31.0},{"not_picked":["hexamod:Firestarter","hexamod:ThermalTransfer","hexamod:CatchUp"],"picked":"hexamod:ApocalypticArmor","floor":31.0},{"not_picked":["hexamod:SpectralSpark","hexamod:FastForward","hexamod:AdvancingGuard","hexamod:Hexaguard"],"picked":"Singing Bowl","floor":32.0},{"not_picked":["hexamod:HauntingEcho","hexamod:ThermalTransfer","hexamod:NightmareGuise","hexamod:BacktrackSmack"],"picked":"Singing Bowl","floor":32.0},{"not_picked":["hexamod:WildfireWeapon","hexamod:SixthSeal","hexamod:SearingWound"],"picked":"hexamod:FifthSeal","floor":33},{"not_picked":["hexamod:VolcanoVisage","hexamod:GhostflameInferno","hexamod:SixthSeal"],"picked":"hexamod:HexaLevel","floor":33},{"not_picked":["hexamod:FourthSeal","hexamod:SixthSeal","hexamod:FirstSeal"],"picked":"hexamod:ThirdSeal","floor":36},{"not_picked":["hexamod:HexaLevel","hexamod:InspiringFlames+1","hexamod:NightmareStrike+1","hexamod:GhostLash"],"picked":"Singing Bowl","floor":36},{"not_picked":["hexamod:Firestarter+1","hexamod:BurningTouch","hexamod:ThermalTransfer+1","hexamod:Hexaguard"],"picked":"Singing Bowl","floor":36},{"not_picked":["hexamod:Again","hexamod:RadiantFlame","hexamod:NightmareStrike","hexamod:SwordOfDarkness"],"picked":"Singing Bowl","floor":39},{"not_picked":["hexamod:PhantomFireball","hexamod:SoulSteal","hexamod:NightmareStrike+1"],"picked":"hexamod:SixthSeal","floor":39},{"not_picked":["hexamod:SixthSeal","hexamod:FourthSeal","hexamod:FirstSeal"],"picked":"hexamod:SecondSeal","floor":39},{"not_picked":["hexamod:BacktrackSmack","hexamod:SpectersWail+1","hexamod:RetreatToShadows"],"picked":"hexamod:Incineration","floor":39},{"not_picked":["hexamod:ThirdSeal","hexamod:SecondSeal","hexamod:SixthSeal"],"picked":"hexamod:FourthSeal","floor":40},{"not_picked":["hexamod:FastForward","hexamod:HauntingEcho","hexamod:BurningTouch+1","hexamod:GhostOfSpireFuture"],"picked":"Singing Bowl","floor":40},{"not_picked":["hexamod:GhostOfSpirePresent","hexamod:SpectersWail","hexamod:GhostflameBarrier+1"],"picked":"hexamod:ThermalTransfer+1","floor":40},{"not_picked":["hexamod:InspiringFlames+1","hexamod:GhostOfSpireFuture","hexamod:ShieldOfDarkness"],"picked":"hexamod:AdvancingGuard+1","floor":40},{"not_picked":["hexamod:GhostShield","hexamod:HauntingEcho","hexamod:SwordOfDarkness+1"],"picked":"hexamod:TimeWarp","floor":43},{"not_picked":["hexamod:NightmareGuise+1","hexamod:FastForward","hexamod:Firestarter","hexamod:BacktrackSmack"],"picked":"Singing Bowl","floor":46},{"not_picked":["hexamod:AdvancingGuard","hexamod:HeatMetal","hexamod:GhostLash","hexamod:GhostflameBarrier"],"picked":"Singing Bowl","floor":46},{"not_picked":["hexamod:GhostOfSpirePresent+1","hexamod:HeatShield","hexamod:DynamicBlow","hexamod:GhostOfSpireFuture"],"picked":"Singing Bowl","floor":48},{"not_picked":["hexamod:GhostLash","hexamod:SpectralAdrenaline+1","hexamod:GhostShield","hexamod:NecessarySacrifice"],"picked":"Singing Bowl","floor":48},{"not_picked":["hexamod:NightmareStrike","hexamod:ShieldOfDarkness","hexamod:FastForward+1","hexamod:FifthSeal"],"picked":"Singing Bowl","floor":49},{"not_picked":["hexamod:ChargedBarrage","hexamod:GhostflameBarrier","hexamod:ThermalTransfer"],"picked":"hexamod:RainOfEmbers+1","floor":49},{"not_picked":["hexamod:Again+1","hexamod:BacktrackSmack","hexamod:SoulSteal+1","hexamod:SuperheatedStrike"],"picked":"Singing Bowl","floor":52},{"not_picked":["hexamod:HauntingEcho","hexamod:Firestarter","hexamod:PhantomFireball","hexamod:InspiringFlames"],"picked":"Singing Bowl","floor":52}],"player_experience":3165725,"relics_obtained":[{"floor":7.0,"key":"Oddly Smooth Stone"},{"floor":13.0,"key":"Singing Bowl"},{"floor":23.0,"key":"Enchiridion"},{"floor":24.0,"key":"Mummified Hand"},{"floor":28.0,"key":"Shuriken"},{"floor":31.0,"key":"Nunchaku"},{"floor":52,"key":"Bag of Preparation"}],"event_choices":[{"damage_healed":0.0,"max_hp_gain":0.0,"max_hp_loss":0.0,"gold_gain":0.0,"event_name":"Scrap Ooze","player_choice":"Success","floor":4.0,"gold_loss":0.0,"damage_taken":18.0,"relics_obtained":["Question Card"]},{"damage_healed":0.0,"max_hp_gain":0.0,"max_hp_loss":0.0,"gold_gain":0.0,"event_name":"The Library","player_choice":"Read","floor":26.0,"gold_loss":0.0,"damage_taken":0.0,"cards_obtained":["hexamod:TimeWarp"]},{"damage_healed":0.0,"max_hp_gain":0.0,"max_hp_loss":14.0,"gold_gain":0.0,"event_name":"Vampires","player_choice":"Became a vampire","floor":27.0,"gold_loss":0.0,"damage_taken":0.0,"cards_obtained":["Bite","Bite","Bite"]},{"damage_healed":0,"gold_gain":0,"player_choice":"Got Potions","damage_taken":0,"max_hp_gain":0,"max_hp_loss":0,"event_name":"Lab","floor":44,"gold_loss":0}],"is_beta":false,"boss_relics":[{"not_picked":["Empty Cage","SacredBark"],"picked":"Sozu"},{"not_picked":["Busted Crown","SlaversCollar"],"picked":"expansioncontent:StudyCardRelic"}],"items_purged_floors":[8,43,53],"is_endless":false,"potions_floor_spawned":[3,13,15,19,21,28,31,39,40,49,52],"ascension_level":20}}