{"host":"50per11302020","time":1610579208,"event":{"mods":["AchievementEnabler","BaseMod","Colored Map","Minty Spire (QoL Compilation)","Relic Stats","StSLib"],"gold_per_floor":[114,114,130,95,95,95,120,40,40,57,67,67,77,102,102,174,174,185,25,75,91,91,91,6,6,30,65,88,102,102,102,102,102,102],"floor_reached":33,"language":"ENG","playtime":1576,"items_purged":[],"score":528,"play_id":"e75dd031-0592-408c-85d3-973d746314d6","local_time":"20210113150648","is_ascension_mode":true,"campfire_choices":[{"floor":6,"key":"DIG"},{"floor":12,"key":"REST"},{"data":"Footwork","floor":15,"key":"SMITH"},{"floor":23,"key":"DIG"},{"floor":25,"key":"DIG"},{"floor":30,"key":"DIG"},{"floor":32,"key":"REST"}],"circlet_count":0,"master_deck":["AscendersBane","Strike_G","Strike_G","Strike_G","Strike_G","Strike_G","Defend_G","Defend_G","Defend_G","Defend_G","Defend_G","Survivor","Neutralize","Clumsy","Poisoned Stab","Bane","Footwork+1","Noxious Fumes","Corpse Explosion","Wraith Form v2","CurseOfTheBell","Shame","Noxious Fumes+1"],"relics":["Ring of the Snake","Turnip","Shovel","Sundial","Du-Vu Doll","Toy Ornithopter","Smiling Mask","Calling Bell","MealTicket","Frozen Egg 2","CaptainsWheel","Bronze Scales","Happy Flower","Snake Skull","PreservedInsect","Strawberry","Pen Nib","Ancient Tea Set","Ninja Scroll"],"acts_visited":["Exordium","TheCity"],"potions_floor_usage":[7,14,16,18,27,29],"damage_taken":[{"damage":21,"enemies":"Jaw Worm","floor":1,"turns":9},{"damage":3,"enemies":"2 Louse","floor":3,"turns":3},{"damage":32,"enemies":"Lagavulin","floor":7,"turns":10},{"damage":3,"enemies":"Small Slimes","floor":10,"turns":3},{"damage":7,"enemies":"Looter","floor":11,"turns":4},{"damage":0,"enemies":"Large Slime","floor":13,"turns":4},{"damage":8,"enemies":"Gremlin Nob","floor":14,"turns":3},{"damage":20,"enemies":"The Guardian","floor":16,"turns":12},{"damage":5,"enemies":"Shell Parasite","floor":18,"turns":7},{"damage":7,"enemies":"Chosen","floor":21,"turns":6},{"damage":44,"enemies":"Book of Stabbing","floor":27,"turns":4},{"damage":3,"enemies":"Snake Plant","floor":29,"turns":4},{"damage":60,"enemies":"Automaton","floor":33,"turns":6}],"seed_played":"2446576637154485453","potions_obtained":[{"floor":3,"key":"CunningPotion"},{"floor":10,"key":"Poison Potion"},{"floor":11,"key":"DuplicationPotion"},{"floor":14,"key":"PowerPotion"},{"floor":18,"key":"PowerPotion"},{"floor":21,"key":"PowerPotion"},{"floor":29,"key":"FearPotion"}],"is_trial":false,"path_per_floor":["M","?","M","?","?","R","E","$","T","M","M","R","M","E","R","B",null,"M","$","?","M","?","R","$","R","T","E","T","M","R","?","R","B"],"character_chosen":"THE_SILENT","items_purchased":["Noxious Fumes","Bronze Scales","Noxious Fumes+1"],"campfire_rested":2,"item_purchase_floors":[8,19,24],"current_hp_per_floor":[38,12,9,25,47,47,15,15,15,12,5,24,24,21,21,6,51,51,66,66,59,59,59,66,66,73,34,34,36,36,36,57,0,0],"gold":102,"neow_bonus":"ONE_RARE_RELIC","is_daily":false,"chose_seed":false,"campfire_upgraded":1,"win_rate":0.0,"timestamp":1610579208,"path_taken":["M","?","M","?","?","R","E","$","T","M","M","R","M","E","R","BOSS","M","$","?","M","?","R","$","R","T","E","?","?","R","?","R","BOSS"],"items_purchased_type":["Card","Relic","Card"],"build_version":"2020-12-18","purchased_purges":0,"victory":false,"max_hp_per_floor":[66,66,66,66,66,66,66,66,66,66,66,66,66,66,66,66,66,66,66,66,66,66,66,66,66,73,73,73,73,73,73,73,73,73],"relic_stats":{"Happy Flower":[4],"counters":[13,75],"Snake Skull":[22],"PreservedInsect":43,"Pen Nib":[1],"Smiling Mask":0,"Shovel":4,"Sundial":[8],"Bronze Scales":[69],"MealTicket":22,"Turnip":[14],"obtain_stats":[{"Happy Flower":22,"Snake Skull":23,"PreservedInsect":25,"Pen Nib":27,"Frozen Egg 2":17,"Smiling Mask":14,"Ancient Tea Set":28,"Du-Vu Doll":7,"Calling Bell":17,"CaptainsWheel":17,"Shovel":2,"Sundial":6,"Ninja Scroll":30,"Bronze Scales":19,"Strawberry":26,"MealTicket":17,"Turnip":0,"Toy Ornithopter":9,"Ring of the Snake":0},{"Happy Flower":10,"Snake Skull":10,"PreservedInsect":10,"Pen Nib":11,"Frozen Egg 2":8,"Smiling Mask":7,"Ancient Tea Set":11,"Du-Vu Doll":3,"Calling Bell":8,"CaptainsWheel":8,"Shovel":1,"Sundial":2,"Ninja Scroll":12,"Bronze Scales":9,"Strawberry":10,"MealTicket":8,"Turnip":0,"Toy Ornithopter":3,"Ring of the Snake":0},{"Happy Flower":61,"Snake Skull":61,"PreservedInsect":61,"Pen Nib":65,"Frozen Egg 2":48,"Smiling Mask":36,"Ancient Tea Set":65,"Du-Vu Doll":22,"Calling Bell":48,"CaptainsWheel":48,"Shovel":9,"Sundial":12,"Ninja Scroll":69,"Bronze Scales":55,"Strawberry":61,"MealTicket":48,"Turnip":0,"Toy Ornithopter":22,"Ring of the Snake":0}],"Toy Ornithopter":25,"Ring of the Snake":[26]},"card_choices":[{"not_picked":["Deflect","Blade Dance"],"picked":"Poisoned Stab","floor":1},{"not_picked":["Blade Dance","Accuracy"],"picked":"Bane","floor":3},{"not_picked":["Dodge and Roll","Crippling Poison"],"picked":"Footwork","floor":7},{"not_picked":["Flying Knee","Prepared","Outmaneuver"],"picked":"SKIP","floor":10},{"not_picked":["Backstab","Prepared"],"picked":"Corpse Explosion","floor":11},{"not_picked":["Backflip","Outmaneuver","Prepared"],"picked":"SKIP","floor":13},{"not_picked":["Reflex","Escape Plan","Underhanded Strike"],"picked":"SKIP","floor":14},{"not_picked":["Unload","Bullet Time"],"picked":"Wraith Form v2","floor":16},{"not_picked":["Outmaneuver","Slice","PiercingWail"],"picked":"SKIP","floor":18},{"not_picked":["Dagger Throw","Outmaneuver","Cloak And Dagger"],"picked":"SKIP","floor":21},{"not_picked":["Flying Knee","Bane+1","Poisoned Stab+1"],"picked":"SKIP","floor":27},{"not_picked":["Crippling Poison","Expertise+1","Dodge and Roll"],"picked":"SKIP","floor":29}],"player_experience":195466,"relics_obtained":[{"floor":6,"key":"Sundial"},{"floor":7,"key":"Du-Vu Doll"},{"floor":9,"key":"Toy Ornithopter"},{"floor":14,"key":"Smiling Mask"},{"floor":17,"key":"MealTicket"},{"floor":17,"key":"Frozen Egg 2"},{"floor":17,"key":"CaptainsWheel"},{"floor":23,"key":"Snake Skull"},{"floor":25,"key":"PreservedInsect"},{"floor":26,"key":"Strawberry"},{"floor":27,"key":"Pen Nib"},{"floor":28,"key":"Ancient Tea Set"},{"floor":30,"key":"Ninja Scroll"}],"event_choices":[{"damage_healed":0,"gold_gain":0,"player_choice":"Success","damage_taken":26,"relics_obtained":["Shovel"],"max_hp_gain":0,"max_hp_loss":0,"event_name":"Scrap Ooze","floor":2,"gold_loss":0},{"damage_healed":16,"gold_gain":0,"player_choice":"Healed","damage_taken":0,"max_hp_gain":0,"max_hp_loss":0,"event_name":"The Cleric","floor":4,"gold_loss":35},{"damage_healed":22,"gold_gain":0,"player_choice":"Banana","damage_taken":0,"max_hp_gain":0,"max_hp_loss":0,"event_name":"Big Fish","floor":5,"gold_loss":0},{"damage_healed":0,"gold_gain":50,"player_choice":"Stole From Cult","damage_taken":0,"max_hp_gain":0,"max_hp_loss":0,"event_name":"Nest","floor":20,"gold_loss":0},{"damage_healed":0,"gold_gain":0,"player_choice":"Stole Relic","damage_taken":0,"relics_obtained":["Happy Flower"],"max_hp_gain":0,"max_hp_loss":0,"event_name":"Addict","floor":22,"gold_loss":0,"cards_obtained":["Shame"]},{"damage_healed":0,"gold_gain":0,"player_choice":"Ignored","damage_taken":0,"max_hp_gain":0,"max_hp_loss":0,"event_name":"Beggar","floor":31,"gold_loss":0}],"is_beta":true,"boss_relics":[{"not_picked":["Pandora\u0027s Box","Coffee Dripper"],"picked":"Calling Bell"}],"items_purged_floors":[],"is_endless":false,"potions_floor_spawned":[3,10,11,13,14,18,21,29],"killed_by":"Automaton","ascension_level":19}}