{"host":"4rvakrj1idbgia3f","time":1610537208,"event":{"mods":["BaseMod","Colored Map","Colored Powertips","DeckTracker","Highlight Path","Minty Spire (QoL Compilation)","Random Character Button","StSLib"],"gold_per_floor":[118,118,133,3,78,113,113,139,190,72,72,72,122,137,137,210,210,223,223,223,271,284,284,309,4,56,56,56,70,70,80,80,154,154,164,164,164,183,195,195,210,210,210,210,210],"floor_reached":44,"language":"JPN","playtime":1985,"items_purged":["Defend_P"],"score":914,"play_id":"0b417f48-8012-4236-8a62-ed0635727386","local_time":"20210113202648","is_ascension_mode":true,"campfire_choices":[{"data":"Vigilance","floor":7.0,"key":"SMITH"},{"data":"Wallop","floor":11.0,"key":"SMITH"},{"data":"CutThroughFate","floor":15.0,"key":"SMITH"},{"data":"LikeWater","floor":23.0,"key":"SMITH"},{"data":"Devotion","floor":27.0,"key":"SMITH"},{"data":"TalkToTheHand","floor":30.0,"key":"SMITH"},{"floor":32.0,"key":"REST"},{"data":"Devotion","floor":40,"key":"SMITH"},{"floor":42,"key":"REST"}],"circlet_count":0,"master_deck":["AscendersBane","Strike_P","Strike_P","Defend_P","Defend_P","Eruption+1","Vigilance+1","CutThroughFate+1","Perseverance","Wallop+1","EmptyBody","DeceiveReality","Judgement+1","Wireheading","ClearTheMind","DevaForm","LikeWater+1","TalkToTheHand+1","Devotion+1","FlurryOfBlows","Nirvana","Nirvana","J.A.X.","EmptyFist","Weave","Devotion+1","DeusExMachina+1","Crescendo+1","Wallop+1","WheelKick+1","ThirdEye","Consecrate+1"],"relics":["PureWater","NeowsBlessing","Happy Flower","Mummified Hand","Centennial Puzzle","Black Star","Omamori","Lantern","The Courier","OrangePellets","Vajra","Astrolabe","Juzu Bracelet"],"acts_visited":["Exordium","TheCity","TheBeyond"],"potions_floor_usage":[39,39],"damage_taken":[{"damage":0.0,"enemies":"Jaw Worm","floor":1.0,"turns":1.0},{"damage":0.0,"enemies":"Cultist","floor":3.0,"turns":1.0},{"damage":0.0,"enemies":"3 Sentries","floor":6.0,"turns":2.0},{"damage":5.0,"enemies":"Gremlin Nob","floor":8.0,"turns":3.0},{"damage":1.0,"enemies":"Small Slimes","floor":14.0,"turns":2.0},{"damage":9.0,"enemies":"The Guardian","floor":16.0,"turns":12.0},{"damage":0.0,"enemies":"Spheric Guardian","floor":18.0,"turns":2.0},{"damage":6.0,"enemies":"3 Byrds","floor":22.0,"turns":4.0},{"damage":6.0,"enemies":"Gremlin Leader","floor":24.0,"turns":9.0},{"damage":9.0,"enemies":"Centurion and Healer","floor":29.0,"turns":4.0},{"damage":2.0,"enemies":"Snecko","floor":31.0,"turns":5.0},{"damage":21.0,"enemies":"Automaton","floor":33.0,"turns":8.0},{"damage":5.0,"enemies":"Orb Walker","floor":35.0,"turns":4.0},{"damage":0.0,"enemies":"3 Shapes","floor":38.0,"turns":4.0},{"damage":22,"enemies":"Jaw Worm Horde","floor":39,"turns":6},{"damage":41,"enemies":"3 Darklings","floor":41,"turns":6},{"damage":77,"enemies":"Reptomancer","floor":44,"turns":2}],"seed_played":"8274782497566972324","potions_obtained":[{"floor":1.0,"key":"Weak Potion"},{"floor":3.0,"key":"EssenceOfSteel"},{"floor":24.0,"key":"Energy Potion"},{"floor":31.0,"key":"DistilledChaos"},{"floor":33.0,"key":"Regen Potion"},{"floor":38.0,"key":"Block Potion"}],"is_trial":false,"path_per_floor":["M","?","M","$","?","E","R","E","T","$","R","?","?","M","R","B",null,"M","?","?","T","M","R","E","$","T","R","?","M","R","M","R","B",null,"M","?","T","M","M","R","M","R","T","E"],"character_chosen":"WATCHER","items_purchased":["Wallop","EmptyBody","Wireheading","FlurryOfBlows","Nirvana","OrangePellets","Nirvana"],"campfire_rested":2,"item_purchase_floors":[4,4,10,25,25,25,25],"current_hp_per_floor":[61,61,61,61,50,50,50,45,45,45,45,45,45,44,44,35,60,60,41,41,41,35,35,29,29,29,29,29,20,20,18,39,18,59,54,54,54,54,46,46,5,26,26,0,0],"gold":210,"neow_bonus":"THREE_ENEMY_KILL","is_daily":false,"chose_seed":false,"campfire_upgraded":7,"win_rate":0.0,"timestamp":1610537208,"path_taken":["M","?","?","$","?","E","R","E","T","$","R","?","?","M","R","BOSS","M","?","?","?","M","R","E","?","T","R","?","M","R","M","R","BOSS","M","?","?","M","M","R","M","R","T","E"],"items_purchased_type":["Card","Card","Card","Card","Card","Relic","Card"],"build_version":"2020-12-22","purchased_purges":1,"victory":false,"max_hp_per_floor":[68,68,68,68,68,68,68,68,68,68,68,68,68,68,68,68,68,68,73,73,73,73,73,73,73,73,73,73,73,73,73,73,73,73,73,73,73,73,73,73,73,73,73,73,73],"card_choices":[{"not_picked":["WindmillStrike","CrushJoints"],"picked":"CutThroughFate","floor":1.0},{"not_picked":["SashWhip","FollowUp"],"picked":"Perseverance","floor":3.0},{"not_picked":["ForeignInfluence","SashWhip"],"picked":"DeceiveReality","floor":6.0},{"not_picked":["SashWhip","Study"],"picked":"Judgement","floor":8.0},{"not_picked":["Wallop","PathToVictory"],"picked":"ClearTheMind","floor":14.0},{"not_picked":["Scrawl","Vault"],"picked":"DevaForm","floor":16.0},{"not_picked":["Protect","JustLucky"],"picked":"LikeWater","floor":18.0},{"not_picked":["ClearTheMind","Conclude"],"picked":"TalkToTheHand","floor":22.0},{"not_picked":["SandsOfTime","JustLucky"],"picked":"Devotion","floor":24.0},{"not_picked":["Evaluate","Nirvana"],"picked":"EmptyFist","floor":29.0},{"not_picked":["Prostrate+1","FlyingSleeves"],"picked":"Weave","floor":31.0},{"not_picked":["Ragnarok","LessonLearned"],"picked":"Devotion","floor":33.0},{"not_picked":["Evaluate","Meditate"],"picked":"WheelKick+1","floor":35.0},{"not_picked":["EmptyFist","Swivel+1"],"picked":"ThirdEye","floor":38.0},{"not_picked":["ClearTheMind","CarveReality"],"picked":"Consecrate+1","floor":39},{"not_picked":["FollowUp","Pray","Protect"],"picked":"SKIP","floor":41}],"player_experience":2015949,"relics_obtained":[{"floor":6.0,"key":"Happy Flower"},{"floor":8.0,"key":"Mummified Hand"},{"floor":9.0,"key":"Centennial Puzzle"},{"floor":21.0,"key":"Omamori"},{"floor":24.0,"key":"Lantern"},{"floor":24.0,"key":"The Courier"},{"floor":26.0,"key":"Vajra"},{"floor":43,"key":"Juzu Bracelet"}],"event_choices":[{"damage_healed":0.0,"max_hp_gain":0.0,"max_hp_loss":0.0,"gold_gain":0.0,"event_name":"Upgrade Shrine","player_choice":"Upgraded","floor":2.0,"gold_loss":0.0,"damage_taken":0.0,"cards_upgraded":["Eruption"]},{"damage_healed":0.0,"max_hp_gain":0.0,"max_hp_loss":0.0,"gold_gain":75.0,"event_name":"World of Goop","player_choice":"Gather Gold","floor":5.0,"gold_loss":0.0,"damage_taken":11.0},{"damage_healed":0.0,"max_hp_gain":0.0,"max_hp_loss":0.0,"gold_gain":0.0,"event_name":"Living Wall","player_choice":"Grow","floor":12.0,"gold_loss":0.0,"damage_taken":0.0,"cards_upgraded":["Judgement"]},{"damage_healed":0.0,"max_hp_gain":0.0,"max_hp_loss":0.0,"gold_gain":50.0,"event_name":"Golden Shrine","player_choice":"Pray","floor":13.0,"gold_loss":0.0,"damage_taken":0.0},{"damage_healed":0.0,"max_hp_gain":5.0,"max_hp_loss":0.0,"gold_gain":0.0,"event_name":"Forgotten Altar","player_choice":"Shed Blood","floor":19.0,"gold_loss":0.0,"damage_taken":24.0},{"damage_healed":0.0,"max_hp_gain":0.0,"max_hp_loss":0.0,"gold_gain":0.0,"event_name":"Cursed Tome","player_choice":"Ignored","floor":20.0,"gold_loss":0.0,"damage_taken":0.0},{"damage_healed":0.0,"max_hp_gain":0.0,"max_hp_loss":0.0,"gold_gain":0.0,"event_name":"Drug Dealer","player_choice":"Obtain J.A.X.","floor":28.0,"gold_loss":0.0,"damage_taken":0.0,"cards_obtained":["J.A.X."]},{"damage_healed":0.0,"max_hp_gain":0.0,"max_hp_loss":0.0,"gold_gain":0.0,"event_name":"Mysterious Sphere","player_choice":"Ignored","floor":36.0,"gold_loss":0.0,"damage_taken":0.0}],"is_beta":false,"boss_relics":[{"not_picked":["Pandora\u0027s Box","VioletLotus"],"picked":"Black Star"},{"not_picked":["Tiny House","Busted Crown"],"picked":"Astrolabe"}],"items_purged_floors":[10],"is_endless":false,"potions_floor_spawned":[1,3,24,31,33,38],"killed_by":"Reptomancer","ascension_level":20}}