{"host":"nzm1i0l8mrsm8hd2","time":1610555496,"event":{"mods":["Act Like it!","Arknights The Spire","Aspiration","BaseMod","Better Third Choice","Challenge The Spire","Conspire","Friendly Minions","Gensokyo","Jedi Mod","Minty Spire (QoL Compilation)","Pale of the Ancients","Quick Restart","RumiaBox-露米娅的神秘盒子","Spicy Shops","StSLib","The Jungle","TheHeartMod","Yohane!"],"gold_per_floor":[110,110,110,127,13,46,360,373,397,397,409,422,352,370,370,473,473,485,485,485,505,314,325,641,673,673,685,685,234,249,515,515,521,521,535,554,494,507,51,51,51,61,61,73,92,92,92,109,109,109,109],"floor_reached":50,"language":"ZHS","playtime":3011,"items_purged":["ats:Strike V","ats:Strike C","ats:Defend","ats:Emotion Absorption","ats:Defend"],"score":547,"play_id":"dcd09666-8129-40a8-9f3c-a35d894cf488","local_time":"20210114003136","is_ascension_mode":false,"campfire_choices":[{"data":"ats:Healing Strengthening","floor":10.0,"key":"SMITH"},{"data":"ats:Ambush","floor":15.0,"key":"SMITH"},{"data":"ats:Demon Strength","floor":32.0,"key":"SMITH"},{"data":"ats:Part Time Job","floor":40.0,"key":"SMITH"},{"data":"ats:True Silver Slash","floor":47.0,"key":"SMITH"},{"data":"ats:Blood Oath","floor":49,"key":"SMITH"}],"circlet_count":0,"master_deck":["ats:Strike G+1","ats:Armor Crushing Shot+1","ats:Defend","ats:Shadow Raid","Clumsy","ats:Ambush+1","ats:Healing Strengthening+1","ats:Soul Rend","ats:Wolf Pack","ats:Song Of Battle","Gensokyo:FourOfAKind","Gensokyo:FourOfAKind","Gensokyo:FourOfAKind","Gensokyo:FourOfAKind","ats:Part Time Job+1","ats:Soul Rend","ats:Blood Oath+1","ats:Demon Strength+1","Parasite","ats:True Silver Slash+1","ats:Roar Of Ursus","ats:Sword Rain+1","ats:Thorns+1","Gensokyo:CustomPotion","ats:Chain Hook+1"],"relics":["ats:Sanity","NeowsBlessing","Gensokyo:NagashiBinaDoll","Bird Faced Urn","Bird Faced Urn","ats:Originium","Gremlin Horn","aspiration:FrozenJewel","Coffee Dripper","Gensokyo:DirgeOfMelancholy","Baka2","Gensokyo:Companionship","conspire:DeflatedDodgeball","Toxic Egg 2","jedi:cryingmask","Mummified Hand","Lantern","Snecko Eye","Turnip","ats:Military Tradition"],"acts_visited":["Exordium","Gensokyo:Gensokyo","Gensokyo:Gensokyoer"],"potions_floor_usage":[],"damage_taken":[{"damage":0.0,"enemies":"Gensokyo:Python","floor":1.0,"turns":1.0},{"damage":0.0,"enemies":"Gensokyo:2_Kodama","floor":4.0,"turns":1.0},{"damage":4.0,"enemies":"Gensokyo:Mamizou","floor":6.0,"turns":5.0},{"damage":42.0,"enemies":"Gensokyo:3_Fairies","floor":7.0,"turns":10.0},{"damage":14.0,"enemies":"Gensokyo:VengefulSpirit","floor":8.0,"turns":8.0},{"damage":4.0,"enemies":"Gensokyo:CorruptedTreant","floor":11.0,"turns":4.0},{"damage":4.0,"enemies":"Gensokyo:Gryphon_and_Rabbit","floor":12.0,"turns":6.0},{"damage":12.0,"enemies":"Gensokyo:LivingMonolith","floor":14.0,"turns":4.0},{"damage":39.0,"enemies":"Gensokyo:Kokoro","floor":16.0,"turns":13.0},{"damage":0.0,"enemies":"Gensokyo:CosmicMonolith","floor":18.0,"turns":4.0},{"damage":28.0,"enemies":"Gensokyo:AngelMirror","floor":21.0,"turns":4.0},{"damage":54.0,"enemies":"Gensokyo:Swordslinger","floor":23.0,"turns":6.0},{"damage":18.0,"enemies":"Gensokyo:Monolith_and_Dog","floor":24.0,"turns":9.0},{"damage":44.0,"enemies":"Gensokyo:Tenshi","floor":25.0,"turns":3.0},{"damage":55.0,"enemies":"Gensokyo:3_Gloops","floor":27.0,"turns":8.0},{"damage":10.0,"enemies":"Gensokyo:Wraith","floor":30.0,"turns":4.0},{"damage":0.0,"enemies":"Gensokyo:Monolith_and_Dog","floor":31.0,"turns":6.0},{"damage":30.0,"enemies":"Gensokyo:Kaguya","floor":33.0,"turns":12.0},{"damage":0.0,"enemies":"Gensokyo:AncientGuardian","floor":35.0,"turns":5.0},{"damage":3.0,"enemies":"Gensokyo:3_Bats","floor":36.0,"turns":2.0},{"damage":55.0,"enemies":"Gensokyo:Sharpion","floor":38.0,"turns":4.0},{"damage":0.0,"enemies":"Gensokyo:Dusk_and_Dawn","floor":42.0,"turns":4.0},{"damage":31.0,"enemies":"Gensokyo:SeedOfUnknown","floor":44.0,"turns":5.0},{"damage":12.0,"enemies":"Gensokyo:3_Boulders","floor":45.0,"turns":3.0},{"damage":0,"enemies":"Gensokyo:Dusk_and_Dawn","floor":48,"turns":2},{"damage":61,"enemies":"Gensokyo:Shinki","floor":50,"turns":5}],"seed_played":"3180972213402635609","potions_obtained":[{"floor":1.0,"key":"Ancient Potion"},{"floor":7.0,"key":"jedi:StrikingPotion"},{"floor":14.0,"key":"Dexterity Potion"},{"floor":16.0,"key":"jedi:wingpotion"},{"floor":23.0,"key":"Energy Potion"},{"floor":30.0,"key":"Fire Potion"}],"is_trial":false,"path_per_floor":["M","?","?","M","COS","E","M","M","T","R","M","M","?","M","R","B",null,"M","?","?","M","COS","M","M","E","T","M","?","$","M","M","R","B",null,"M","M","?","M","$","R","$","M","T","M","M","?","R","M","R","B"],"character_chosen":"DOCTOR_CLASS","items_purchased":["Mummified Hand","Lantern","Turnip"],"campfire_rested":0,"item_purchase_floors":[29,29,39],"current_hp_per_floor":[72,72,58,58,58,54,60,64,64,64,72,72,72,60,60,29,72,72,51,51,41,41,33,44,22,22,47,32,32,51,57,57,50,57,57,57,57,57,57,57,57,57,57,57,57,57,57,57,57,0,0],"gold":109,"neow_bonus":"THREE_ENEMY_KILL","is_daily":false,"chose_seed":false,"campfire_upgraded":6,"win_rate":0.0,"timestamp":1610555496,"path_taken":["M","?","?","M","COS","E","M","M","T","R","M","?","?","M","R","BOSS","M","?","?","M","COS","M","M","E","T","?","?","$","M","?","R","BOSS","M","M","?","M","$","R","?","?","T","M","M","?","R","M","R","BOSS"],"items_purchased_type":["Relic","Relic","Relic"],"build_version":"2020-12-22","purchased_purges":5,"victory":false,"max_hp_per_floor":[72,72,72,72,72,72,72,72,72,72,72,72,72,72,72,72,72,72,51,51,51,51,51,51,51,51,51,51,51,51,57,57,57,57,57,57,57,57,57,57,57,57,57,57,57,57,57,57,57,57,57],"card_choices":[{"not_picked":["ats:Beaten Up","ats:Explosion Area Strengthen"],"picked":"ats:Shadow Raid","floor":1.0},{"not_picked":["ats:Apocalypse","ats:Childhood Dance","ats:Spore Proliferation"],"picked":"SKIP","floor":4.0},{"not_picked":["ats:Flexible Camouflage","ats:Demon Strength"],"picked":"ats:Ambush","floor":6.0},{"not_picked":["ats:Shell Defense","ats:Closed Bolt Burst Fire"],"picked":"ats:Healing Strengthening","floor":7.0},{"not_picked":["ats:Fractured Body","ats:Wolf Pack"],"picked":"ats:Soul Rend","floor":7.0},{"not_picked":["ats:Encircling Forest","ats:Shell Defense","ats:Childhood Dance"],"picked":"SKIP","floor":8.0},{"not_picked":["ats:Hammer On","ats:Leaping Hammer","ats:Directed Diagnosis"],"picked":"SKIP","floor":11.0},{"not_picked":["ats:Red Shift","ats:Powerful Strike","ats:Explosion Area Strengthen"],"picked":"SKIP","floor":12.0},{"not_picked":["ats:Flexible Camouflage","ats:Healing Drone","ats:Charging Defense"],"picked":"SKIP","floor":14.0},{"not_picked":["ats:Nebulous Foxfire","ats:Disruption Kick"],"picked":"ats:Wolf Pack","floor":16.0},{"not_picked":["ats:Assault Order","ats:Poison Spread"],"picked":"ats:Song Of Battle","floor":18.0},{"not_picked":["ats:Cat Scratch","ats:Hook Shot"],"picked":"ats:Part Time Job","floor":21.0},{"not_picked":["ats:Curse Doll","ats:Thermite Blade","ats:Explosion Area Strengthen"],"picked":"SKIP","floor":23.0},{"not_picked":["ats:Volcano","ats:True Silver Slash"],"picked":"ats:Soul Rend","floor":24.0},{"not_picked":["ats:Assault Order","ats:Childhood Dance"],"picked":"ats:Blood Oath","floor":24.0},{"not_picked":["ats:Hammer On","ats:Ambush"],"picked":"ats:Demon Strength","floor":24.0},{"not_picked":["ats:Childhood Dance","ats:Overload","ats:Consecutive Shot Auto"],"picked":"SKIP","floor":24.0},{"not_picked":["ats:Poison Spread","ats:Flame Of Heaven","ats:Cat Scratch"],"picked":"SKIP","floor":24.0},{"not_picked":["ats:Leaping Hammer","ats:Revitalization","ats:Ignite"],"picked":"SKIP","floor":25.0},{"not_picked":["ats:Explosion Area Strengthen","ats:Assault Order+1","ats:Consecutive Shot Auto"],"picked":"SKIP","floor":27.0},{"not_picked":["ats:Flexible Camouflage+1","ats:Powerful Strike","ats:Apocalypse+1"],"picked":"SKIP","floor":30.0},{"not_picked":["ats:Mental Burst","ats:Thermite Blade","ats:Consecutive Shot Auto"],"picked":"SKIP","floor":31.0},{"not_picked":["ats:Volcano","ats:Fractured Body+1"],"picked":"ats:True Silver Slash","floor":33.0},{"not_picked":["ats:Curse Doll+1","ats:Flexible Camouflage+1"],"picked":"ats:Sword Rain+1","floor":35.0},{"not_picked":["ats:Cat Scratch","ats:Ignite"],"picked":"ats:Thorns+1","floor":36.0},{"not_picked":["ats:Powerful Strike","ats:Apocalypse+1","ats:Ignite"],"picked":"SKIP","floor":38.0},{"not_picked":["ats:Assault Order+1","ats:Flexible Camouflage+1","ats:Ignite"],"picked":"SKIP","floor":42.0},{"not_picked":["ats:Explosion Area Strengthen+1","ats:Leaping Hammer+1"],"picked":"ats:Chain Hook+1","floor":44.0},{"not_picked":["ats:Ignite+1","ats:Hook Shot+1","ats:Rapid Magazine+1"],"picked":"SKIP","floor":45.0},{"not_picked":["ats:Revitalization+1","ats:Fractured Body+1","ats:Childhood Dance+1"],"picked":"SKIP","floor":48}],"player_experience":571643,"relics_obtained":[{"floor":1.0,"key":"Baka"},{"floor":4.0,"key":"Bird Faced Urn"},{"floor":4.0,"key":"Bird Faced Urn"},{"floor":6.0,"key":"ats:Originium"},{"floor":6.0,"key":"Gremlin Horn"},{"floor":21.0,"key":"Baka2"},{"floor":25.0,"key":"ats:Originium"},{"floor":25.0,"key":"conspire:DeflatedDodgeball"},{"floor":26.0,"key":"Toxic Egg 2"},{"floor":43.0,"key":"ats:Military Tradition"}],"event_choices":[],"is_beta":false,"boss_relics":[{"not_picked":["Runic Dome","Philosopher\u0027s Stone"],"picked":"Coffee Dripper"},{"not_picked":["aspiration:RitualDagger","aspiration:WatcherSkillbook"],"picked":"Snecko Eye"}],"items_purged_floors":[29,29,39,39,39],"is_endless":false,"potions_floor_spawned":[1,7,14,16,18,23,30,36,38,42],"killed_by":"Gensokyo:Shinki","ascension_level":0}}