{"host":"4ek4eq5z32z3zgvw","time":1610510304,"event":{"mods":["2.2 Compatiblity","AchievementEnabler","Act Like it!","AlwaysNeverKeys","Aspiration","BaseMod","Better Match","Better Note","Better Sensory Stone","Better Third Choice","BetterRewards","Block Reminder","Colored Map","Colored Powertips","DeckTracker","Defuse TimeMaze Blight","Downfall","Energized Spire","Halation","Hubris","Infinite Spire","Minty Spire (QoL Compilation)","Permanent Neow","Quick Restart","Rare Cards Sparkle","Relic Filter","Relic Sorter","Replay The Spire","Shop Mod","Spikes Relics","StSLib","SuperFastMode","Synergy Search","Unceasing Turn Reminder","UnlockEverythingMod","egg","vexMod"],"gold_per_floor":[11,11,11,29,49,49,49,80,155,166,166,0,0,17,17,92,92,104,104,120,35,117,143,143,143,143,170,170,170,170,170],"floor_reached":30,"language":"ENG","playtime":1080,"items_purged":["Strike_B"],"score":628,"play_id":"a3e942ed-81b3-4d63-98d5-8977a75311ba","local_time":"20210112215824","is_ascension_mode":true,"campfire_choices":[{"data":"Echo Form","floor":6,"key":"SMITH"},{"floor":11,"key":"REST"},{"data":"Fission","floor":15,"key":"SMITH"},{"floor":24,"key":"REST"},{"floor":28,"key":"REST"}],"circlet_count":0,"master_deck":["AscendersBane","Strike_B","Strike_B","Defend_B","Defend_B","Defend_B","Defend_B","Zap+1","Dualcast","Echo Form+1","Beam Cell","Glacier","Crystallizer","Electrodynamics","Injury","Fission+1","Panic Button","Conserve Battery","Storm+1","Time Bomb","Mirror Shield","Panic Button","Amplify","Turbo"],"relics":["Cracked Core","halation:Gekota","Frozen Egg 2","Dead Branch","Iron Hammer","hubris:ScarierMask","RollingBoulder","Replay:Wax Seal","halation:SwordOfLegend","Girya","aspiration:SeaSaltIceCream","aspiration:Nostalgia","hexamod:SpiritBrand","Nilry\u0027s Codex"],"acts_visited":["Exordium","TheCity"],"potions_floor_usage":[10,16,16,23,30],"damage_taken":[{"damage":0,"enemies":"2 Louse","floor":1,"turns":3},{"damage":0,"enemies":"Cultist","floor":4,"turns":4},{"damage":2,"enemies":"Small Slimes","floor":5,"turns":4},{"damage":14,"enemies":"Lagavulin","floor":8,"turns":10},{"damage":0,"enemies":"Blue Slaver","floor":10,"turns":1},{"damage":0,"enemies":"Looter","floor":14,"turns":1},{"damage":0,"enemies":"Slime Boss","floor":16,"turns":5},{"damage":2,"enemies":"2 Thieves","floor":18,"turns":3},{"damage":10,"enemies":"Chosen","floor":20,"turns":5},{"damage":47,"enemies":"Book of Stabbing","floor":23,"turns":5},{"damage":15,"enemies":"Slavers","floor":27,"turns":3},{"damage":22,"enemies":"Book of Stabbing","floor":30,"turns":5}],"seed_played":"2366314392060934355","potions_obtained":[{"floor":5,"key":"sneckomod:MuddlingPotion"},{"floor":10,"key":"Explosive Potion"},{"floor":14,"key":"BlessingOfTheForge"},{"floor":20,"key":"ColorlessPotion"},{"floor":23,"key":"Swift Potion"}],"is_trial":false,"path_per_floor":["M","$","?","M","M","R","?","E","T","M","R","$","?","M","R","B",null,"M","?","M","?","T","E","R","AVR","T","E","R","?","E"],"character_chosen":"DEFECT","items_purchased":["Panic Button","Conserve Battery","Storm+1"],"campfire_rested":3,"item_purchase_floors":[12,12,12],"current_hp_per_floor":[64,64,64,64,62,62,62,48,48,48,69,69,69,69,69,69,71,69,69,59,59,59,12,33,33,33,18,42,21,0,0],"gold":170,"neow_bonus":"THREE_RARE_CARDS","is_daily":false,"chose_seed":false,"campfire_upgraded":2,"win_rate":0.0,"timestamp":1610510304,"path_taken":["M","$","?","M","?","R","?","E","T","M","R","$","?","M","R","BOSS","M","?","?","?","?","E","R","AVR","T","E","R","?","E"],"items_purchased_type":["Card","Card","Card"],"build_version":"2020-12-22","purchased_purges":1,"victory":false,"max_hp_per_floor":[71,71,71,71,71,71,71,71,71,71,71,71,71,71,71,71,71,71,71,71,71,71,71,71,71,71,71,71,71,71,71],"card_choices":[{"not_picked":["Fission","ReplayTheSpireMod:Fabricate Wheel"],"picked":"Echo Form","floor":0},{"not_picked":["Gash","Leap"],"picked":"Beam Cell","floor":1},{"not_picked":["Steam","Coolheaded"],"picked":"Crystallizer","floor":4},{"not_picked":["Redo","Coolheaded"],"picked":"Electrodynamics","floor":5},{"not_picked":["Go for the Eyes","ReplaySolidLightProjector"],"picked":"Fission","floor":8},{"not_picked":["ReplayTheSpireMod:Repulse","Cold Snap","Streamline"],"picked":"SKIP","floor":10},{"not_picked":["Streamline","Coolheaded"],"picked":"Time Bomb","floor":14},{"not_picked":["ReplayRNGCard","Buffer+1"],"picked":"Mirror Shield","floor":16},{"not_picked":["Cold Snap+1","Compile Driver+1"],"picked":"Panic Button","floor":18},{"not_picked":["Sweeping Beam","BasicCrystalCard"],"picked":"Amplify","floor":20},{"not_picked":["Sweeping Beam","Beam Cell+1","Turbo"],"picked":"SKIP","floor":23},{"not_picked":["Cold Snap","Conserve Battery","Turbo"],"picked":"SKIP","floor":27},{"not_picked":["Cold Snap","Conserve Battery"],"picked":"Turbo","floor":27}],"player_experience":596911,"relics_obtained":[{"floor":8,"key":"Dead Branch"},{"floor":9,"key":"Iron Hammer"},{"floor":22,"key":"halation:Gekota"},{"floor":23,"key":"Replay:Wax Seal"},{"floor":26,"key":"Girya"},{"floor":27,"key":"aspiration:SeaSaltIceCream"},{"floor":29,"key":"Nilry\u0027s Codex"}],"event_choices":[{"damage_healed":0,"gold_gain":0,"cards_transformed":["Strike_B"],"player_choice":"Transformed","damage_taken":0,"max_hp_gain":0,"max_hp_loss":0,"event_name":"Transmorgrifier","floor":3,"gold_loss":0,"cards_obtained":["Glacier"]},{"damage_healed":0,"gold_gain":0,"player_choice":"Forge","damage_taken":0,"max_hp_gain":0,"max_hp_loss":0,"event_name":"Accursed Blacksmith","floor":19,"gold_loss":0,"cards_upgraded":["Zap"]},{"damage_healed":0,"gold_gain":0,"player_choice":"Obtained Relic","damage_taken":0,"relics_obtained":["RollingBoulder"],"max_hp_gain":0,"max_hp_loss":0,"event_name":"Addict","floor":21,"gold_loss":85},{"damage_healed":0,"gold_gain":0,"player_choice":"Obtained Book","damage_taken":21,"max_hp_gain":0,"max_hp_loss":0,"event_name":"Cursed Tome","floor":29,"gold_loss":0}],"is_beta":false,"boss_relics":[{"not_picked":["vexMod:CursedCompass","energizedSpire:DeadBattery"],"picked":"hubris:ScarierMask"}],"items_purged_floors":[25],"is_endless":false,"potions_floor_spawned":[5,10,14,20,23],"killed_by":"Book of Stabbing","ascension_level":20}}