{"host":"8pjvbxl6xo882v42","time":1610557459,"event":{"mods":["AchievementEnabler","BaseMod","Minty Spire (QoL Compilation)","Replay The Spire","StSLib","The Cursed"],"gold_per_floor":[111,111,111,27,52,52,87,87,87,12,31,70,70,84,84,173,173,187,187,187],"floor_reached":19,"language":"FRA","playtime":721,"items_purged":["Defend_R"],"score":370,"play_id":"694f0331-2032-4512-bee4-137170f554b4","local_time":"20210113180419","is_ascension_mode":true,"campfire_choices":[{"floor":6,"key":"REST"},{"floor":8,"key":"REST"},{"floor":13,"key":"REST"},{"data":"Uppercut","floor":15,"key":"SMITH"}],"circlet_count":0,"master_deck":["AscendersBane","Strike_R","Strike_R","Strike_R","Strike_R","Strike_R","Defend_R","Bash","Heavy Blade","Uppercut+1","Disarm","Pommel Strike","Perfected Strike","Anger","Double Tap","Cleave"],"relics":["Electric Blood","ReplayTheSpireMod:Spearhead","Golden Idol","Orichalcum","Gremlin Horn","Toy Ornithopter","Empty Cage"],"acts_visited":["Exordium","TheCity"],"potions_floor_usage":[16],"damage_taken":[{"damage":10,"enemies":"2 Louse","floor":1,"turns":2},{"damage":8,"enemies":"Jaw Worm","floor":5,"turns":2},{"damage":30,"enemies":"Lagavulin","floor":7,"turns":4},{"damage":4,"enemies":"Small Slimes","floor":11,"turns":2},{"damage":8,"enemies":"Gremlin Nob","floor":12,"turns":3},{"damage":4,"enemies":"Exordium Wildlife","floor":14,"turns":3},{"damage":51,"enemies":"The Guardian","floor":16,"turns":7},{"damage":19,"enemies":"3 Byrds","floor":18,"turns":5},{"damage":34,"enemies":"Masked Bandits","floor":19,"turns":3}],"seed_played":"-1847077988193355109","potions_obtained":[{"floor":1,"key":"PowerPotion"},{"floor":7,"key":"Languid Potion"},{"floor":16,"key":"Strength Potion"}],"is_trial":false,"path_per_floor":["M","?","?","$","M","R","E","R","T","$","M","E","R","M","R","B",null,"M","?"],"character_chosen":"IRONCLAD","items_purchased":["Uppercut"],"campfire_rested":3,"item_purchase_floors":[4],"current_hp_per_floor":[58,47,47,47,39,59,29,49,49,49,45,37,57,53,53,7,53,34,0,0],"gold":187,"neow_bonus":"BOSS_RELIC","is_daily":false,"chose_seed":false,"campfire_upgraded":1,"win_rate":0.0,"timestamp":1610557459,"path_taken":["M","?","?","$","M","R","E","R","T","$","M","E","R","M","R","BOSS","M","?"],"items_purchased_type":["Card"],"build_version":"2020-12-22","purchased_purges":1,"victory":false,"max_hp_per_floor":[75,75,68,68,68,68,68,68,68,68,68,68,68,68,68,68,68,68,68,68],"card_choices":[{"not_picked":["ReplayTheSpireMod:Corrosion Curse","Second Wind"],"picked":"Heavy Blade","floor":1},{"not_picked":["Second Wind","Battle Trance"],"picked":"Disarm","floor":5},{"not_picked":["Bloodletting","Power Through","Rupture"],"picked":"SKIP","floor":7},{"not_picked":["Warcry","True Grit"],"picked":"Pommel Strike","floor":11},{"not_picked":["Havoc","Spot Weakness"],"picked":"Perfected Strike","floor":12},{"not_picked":["Second Wind","Warcry"],"picked":"Anger","floor":14},{"not_picked":["Juggernaut","Corruption"],"picked":"Double Tap","floor":16},{"not_picked":["Perfected Strike","Flame Barrier"],"picked":"Cleave","floor":18}],"player_experience":316932,"relics_obtained":[{"floor":7,"key":"Orichalcum"},{"floor":9,"key":"Gremlin Horn"},{"floor":12,"key":"Toy Ornithopter"}],"event_choices":[{"damage_healed":0,"gold_gain":0,"player_choice":"Success","damage_taken":11,"relics_obtained":["ReplayTheSpireMod:Spearhead"],"max_hp_gain":0,"max_hp_loss":0,"event_name":"Scrap Ooze","floor":2,"gold_loss":0},{"damage_healed":0,"gold_gain":0,"player_choice":"Lose Max HP","damage_taken":0,"relics_obtained":["Golden Idol"],"max_hp_gain":0,"max_hp_loss":7,"event_name":"Golden Idol","floor":3,"gold_loss":0},{"damage_healed":0,"gold_gain":0,"player_choice":"Fought Bandits","damage_taken":0,"max_hp_gain":0,"max_hp_loss":0,"event_name":"Masked Bandits","floor":19,"gold_loss":0}],"is_beta":false,"boss_relics":[{"not_picked":["Runic Pyramid","Mark of Pain"],"picked":"Empty Cage"}],"items_purged_floors":[10],"is_endless":false,"potions_floor_spawned":[1,7,16],"killed_by":"Masked Bandits","ascension_level":17}}