{"host":"78azdv0oxplymbah","time":1610529255,"event":{"mods":["Arknights The Spire","BaseMod","Decade(王小明)","DeckTracker","Highlight Path","KinomotoSakuraMod(木之本樱)","Minty Spire (QoL Compilation)","MostiFishMod","Quick Restart","Relic Stats","Remove Card Discount Mod","Replay The Spire","Spicy Shops","StSLib","Td1madao Mod","The Marked","The Servant 0.9.4","【功能Mod】混沌之环修复补丁","【遗物卡牌】REMEMod"],"gold_per_floor":[110,110,185,197,372,372,399,415,415,415,415,427,427,440,440,440,440],"floor_reached":16,"language":"ZHS","playtime":478,"items_purged":[],"score":100,"play_id":"5de884e9-3237-4aa6-916e-e81b8ca663a8","local_time":"20210113171415","is_ascension_mode":false,"campfire_choices":[{"data":"BasicCrystalCard","floor":6,"key":"SMITH"},{"floor":10,"key":"REST"},{"floor":15,"key":"REST"}],"circlet_count":0,"master_deck":["Strike_B","Strike_B","Strike_B","Strike_B+1","Defend_B","Defend_B","Defend_B+1","Defend_B","Zap","Dualcast","REME_PuzzleBox","BasicCrystalCard","BasicCrystalCard+1","Doubt","Cold Snap","Panic Button","Static Discharge","Darkness"],"relics":["Cracked Core","DaveBox","REME_ComplimentaryCards","Membership Card","SynthV:TestCard","Chameleon Ring","Simple Rune","Kunai","Golden Idol"],"acts_visited":["Exordium"],"potions_floor_usage":[7,16],"damage_taken":[{"damage":0,"enemies":"Small Slimes","floor":1,"turns":3},{"damage":9,"enemies":"2 Louse","floor":4,"turns":3},{"damage":51,"enemies":"3 Sentries","floor":7,"turns":11},{"damage":6,"enemies":"Jaw Worm","floor":8,"turns":2},{"damage":13,"enemies":"2 Fungi Beasts","floor":12,"turns":6},{"damage":9,"enemies":"Looter","floor":14,"turns":4},{"damage":32,"enemies":"The Guardian","floor":16,"turns":2}],"seed_played":"6883557727924170104","potions_obtained":[{"floor":1,"key":"SkillPotion"},{"floor":8,"key":"Elixir"},{"floor":12,"key":"Fire Potion"}],"is_trial":false,"path_per_floor":["M","?","?","M","?","R","E","M","T","R","?","M","?","M","R","B"],"character_chosen":"DEFECT","items_purchased":[],"campfire_rested":2,"item_purchase_floors":[],"current_hp_per_floor":[82,82,71,62,62,62,11,5,5,29,29,16,16,7,29,0,0],"gold":440,"neow_bonus":"TEN_PERCENT_HP_BONUS","is_daily":false,"chose_seed":false,"campfire_upgraded":1,"win_rate":0.0,"timestamp":1610529255,"path_taken":["M","?","?","M","?","R","E","M","T","R","?","M","?","?","R","BOSS"],"items_purchased_type":[],"build_version":"2020-12-22","purchased_purges":0,"victory":false,"max_hp_per_floor":[82,82,82,82,82,82,82,82,82,82,82,82,76,76,76,76,76],"relic_stats":{"counters":[7,31],"Golden Idol":3,"Kunai":[0],"obtain_stats":[{"SynthV:TestCard":1,"Chameleon Ring":2,"DaveBox":0,"Golden Idol":13,"Simple Rune":7,"Membership Card":0,"Kunai":9,"Cracked Core":0,"REME_ComplimentaryCards":0},{"SynthV:TestCard":1,"Chameleon Ring":1,"DaveBox":0,"Golden Idol":5,"Simple Rune":3,"Membership Card":0,"Kunai":4,"Cracked Core":0,"REME_ComplimentaryCards":0},{"SynthV:TestCard":3,"Chameleon Ring":3,"DaveBox":0,"Golden Idol":25,"Simple Rune":17,"Membership Card":0,"Kunai":19,"Cracked Core":0,"REME_ComplimentaryCards":0}]},"card_choices":[{"not_picked":["Loop","Sweeping Beam"],"picked":"BasicCrystalCard","floor":1},{"not_picked":["Reprogram","ReplayGash","Leap","Redo"],"picked":"BasicCrystalCard","floor":4},{"not_picked":["Stack","ReplayTheSpireMod:Repulse","Scrape","Amplify"],"picked":"Cold Snap","floor":7},{"not_picked":["Rebound","Double Energy","Barrage","Auto Shields"],"picked":"Panic Button","floor":8},{"not_picked":["ReplaySort","Compile Driver","REME_Whirling","Hologram"],"picked":"Static Discharge","floor":12},{"not_picked":["Ball Lightning","Barrage","Static Discharge","Redo"],"picked":"Darkness","floor":14}],"player_experience":10803,"relics_obtained":[{"floor":1,"key":"SynthV:TestCard"},{"floor":7,"key":"Simple Rune"},{"floor":9,"key":"Kunai"}],"event_choices":[{"damage_healed":0,"gold_gain":0,"player_choice":"Box","damage_taken":0,"relics_obtained":["Chameleon Ring"],"max_hp_gain":0,"max_hp_loss":0,"event_name":"Big Fish","floor":2,"gold_loss":0,"cards_obtained":["Regret"]},{"damage_healed":0,"gold_gain":75,"player_choice":"Gather Gold","damage_taken":11,"max_hp_gain":0,"max_hp_loss":0,"event_name":"World of Goop","floor":3,"gold_loss":0},{"damage_healed":0,"gold_gain":175,"player_choice":"AGREE","damage_taken":0,"max_hp_gain":0,"max_hp_loss":0,"event_name":"Liars Game","floor":5,"gold_loss":0,"cards_obtained":["Doubt"]},{"cards_removed":["Regret"],"damage_healed":0,"gold_gain":0,"player_choice":"Forget","damage_taken":0,"max_hp_gain":0,"max_hp_loss":0,"event_name":"Living Wall","floor":11,"gold_loss":0},{"damage_healed":0,"gold_gain":0,"player_choice":"Lose Max HP","damage_taken":0,"relics_obtained":["Golden Idol"],"max_hp_gain":0,"max_hp_loss":6,"event_name":"Golden Idol","floor":13,"gold_loss":0}],"is_beta":false,"boss_relics":[],"items_purged_floors":[],"is_endless":false,"potions_floor_spawned":[1,8,12],"killed_by":"The Guardian","ascension_level":0}}