{"host":"15dd7v8o90xso62x","time":1610566514,"event":{"mods":["BaseMod","Minty Spire (QoL Compilation)","Quick Restart","StSLib","SuperFastMode"],"gold_per_floor":[114,114,114,58,58,83,83,101,125,50,50,50,50],"floor_reached":12,"language":"KOR","playtime":142,"items_purged":[],"score":198,"play_id":"0eac8129-5f8d-40be-8aa0-14e08030f1c1","local_time":"20210114043514","is_ascension_mode":true,"campfire_choices":[{"data":"Cloak And Dagger","floor":7,"key":"SMITH"}],"circlet_count":0,"master_deck":["AscendersBane","Strike_G","Strike_G","Strike_G","Strike_G","Defend_G","Defend_G","Defend_G","Defend_G","Survivor","Neutralize","Blade Dance","Cloak And Dagger+1","Infinite Blades","Dagger Throw"],"relics":["Ring of the Snake","NeowsBlessing","Strawberry","Blue Candle","Anchor","HornCleat"],"acts_visited":["Exordium"],"potions_floor_usage":[],"damage_taken":[{"damage":0,"enemies":"Jaw Worm","floor":1,"turns":1},{"damage":0,"enemies":"Gremlin Nob","floor":6,"turns":1},{"damage":0,"enemies":"Small Slimes","floor":8,"turns":1},{"damage":42,"enemies":"Lagavulin","floor":12,"turns":8}],"seed_played":"-3963476539658963732","potions_obtained":[{"floor":6,"key":"SpeedPotion"}],"is_trial":false,"path_per_floor":["M","?","?","$","?","E","R","M","T","?","T","E"],"character_chosen":"THE_SILENT","items_purchased":["Cloak And Dagger"],"campfire_rested":0,"item_purchase_floors":[4],"current_hp_per_floor":[59,55,48,48,53,53,53,53,53,53,53,11,11],"gold":50,"neow_bonus":"THREE_ENEMY_KILL","is_daily":false,"chose_seed":false,"campfire_upgraded":1,"win_rate":0.0,"timestamp":1610566514,"path_taken":["M","?","?","$","?","E","R","M","T","?","?","E"],"items_purchased_type":["Card"],"build_version":"2020-12-22","purchased_purges":0,"victory":false,"max_hp_per_floor":[66,73,73,73,78,78,78,78,78,78,78,78,78],"card_choices":[{"not_picked":["Quick Slash","Acrobatics"],"picked":"Blade Dance","floor":1},{"not_picked":["Distraction","Underhanded Strike"],"picked":"Infinite Blades","floor":6},{"not_picked":["Deadly Poison","Acrobatics"],"picked":"Dagger Throw","floor":8}],"player_experience":1033102,"relics_obtained":[{"floor":6,"key":"Blue Candle"},{"floor":9,"key":"Anchor"},{"floor":11,"key":"HornCleat"}],"event_choices":[{"damage_healed":0,"gold_gain":0,"player_choice":"Success","damage_taken":11,"relics_obtained":["Strawberry"],"max_hp_gain":0,"max_hp_loss":0,"event_name":"Scrap Ooze","floor":2,"gold_loss":0},{"cards_removed":["Defend_G"],"damage_healed":0,"gold_gain":0,"player_choice":"Card Removal","damage_taken":7,"max_hp_gain":0,"max_hp_loss":0,"event_name":"Golden Wing","floor":3,"gold_loss":0},{"damage_healed":0,"gold_gain":0,"player_choice":"Donut","damage_taken":0,"max_hp_gain":5,"max_hp_loss":0,"event_name":"Big Fish","floor":5,"gold_loss":0},{"cards_removed":["Strike_G"],"damage_healed":0,"gold_gain":0,"player_choice":"Card Removal","damage_taken":0,"max_hp_gain":0,"max_hp_loss":0,"event_name":"The Cleric","floor":10,"gold_loss":75}],"is_beta":false,"boss_relics":[],"items_purged_floors":[],"is_endless":false,"potions_floor_spawned":[6],"killed_by":"Lagavulin","ascension_level":20}}