{"host":"p5xt3w0m112lpjco","time":1610515782,"event":{"mods":["BaseMod","Colored Powertips","Hermit","Minty Spire (QoL Compilation)","Rare Cards Sparkle","StSLib","The Vixen"],"gold_per_floor":[117,132,132,151,175,205,218,284,284,284,313,389,433,456,456,661,661,697,194,220,243,243,243,243,278,278,322,12,53,108,144,144,359,359,403,423,452,193,193,193,247,247,247,292,292,315,401,436,436,446],"floor_reached":51,"language":"ENG","playtime":5179,"items_purged":[],"score":728,"play_id":"82175f90-d847-4e72-ac10-d7debf25361c","local_time":"20210113002942","is_ascension_mode":false,"campfire_choices":[{"data":"hermit:Dive","floor":15,"key":"SMITH"},{"data":"hermit:Roulette","floor":23,"key":"SMITH"},{"data":"hermit:BigShot","floor":32,"key":"SMITH"},{"floor":40,"key":"RECALL"},{"floor":42,"key":"REST"},{"floor":45,"key":"REST"},{"floor":49,"key":"REST"}],"circlet_count":0,"master_deck":["hermit:Strike_Hermit+1","hermit:Strike_Hermit+1","hermit:Defend_Hermit+1","hermit:Defend_Hermit+1","hermit:Defend_Hermit+1","hermit:Defend_Hermit+1","hermit:Snapshot","hermit:Covet+1","hermit:ItchyTrigger","hermit:WideOpen","hermit:Scavenge","hermit:Ricochet","hermit:BigShot","hermit:DeadOrAlive","hermit:TrackingShot","hermit:Dive+1","hermit:Glare","hermit:Magnum","hermit:Maintenance+1","hermit:BigShot+1","hermit:Scavenge","hermit:Roulette+1","hermit:Glare+1","hermit:Snipe"],"relics":["SacredBark","Meat on the Bone","Bag of Preparation","War Paint","Golden Idol","hermit:RyeStalk","Odd Mushroom","Philosopher\u0027s Stone","Matryoshka","Eternal Feather","Letter Opener","Pantograph","CaptainsWheel","Bag of Marbles","Bottled Tornado","Fusion Hammer","Pear","Ancient Tea Set","The Courier","MealTicket"],"acts_visited":["Exordium","TheCity","TheBeyond"],"potions_floor_usage":[5,8,12,16,18,21,21,27,33,37,44,47,47,50],"damage_taken":[{"damage":0,"enemies":"Small Slimes","floor":1,"turns":3},{"damage":0,"enemies":"2 Louse","floor":2,"turns":3},{"damage":11,"enemies":"Jaw Worm","floor":4,"turns":3},{"damage":0,"enemies":"Lots of Slimes","floor":5,"turns":1},{"damage":18,"enemies":"3 Sentries","floor":6,"turns":8},{"damage":0,"enemies":"Looter","floor":7,"turns":1},{"damage":9,"enemies":"Lagavulin","floor":8,"turns":5},{"damage":0,"enemies":"3 Louse","floor":11,"turns":2},{"damage":41,"enemies":"3 Sentries","floor":12,"turns":9},{"damage":13,"enemies":"The Mushroom Lair","floor":13,"turns":3},{"damage":0,"enemies":"Exordium Thugs","floor":14,"turns":3},{"damage":20,"enemies":"Hexaghost","floor":16,"turns":16},{"damage":14,"enemies":"3 Byrds","floor":18,"turns":3},{"damage":10,"enemies":"Spheric Guardian","floor":20,"turns":7},{"damage":0,"enemies":"Snake Plant","floor":21,"turns":2},{"damage":1,"enemies":"Snecko","floor":25,"turns":4},{"damage":25,"enemies":"Book of Stabbing","floor":27,"turns":5},{"damage":4,"enemies":"Cultist and Chosen","floor":29,"turns":8},{"damage":17,"enemies":"Shelled Parasite and Fungi","floor":31,"turns":5},{"damage":41,"enemies":"Automaton","floor":33,"turns":14},{"damage":5,"enemies":"3 Shapes","floor":35,"turns":3},{"damage":0,"enemies":"Orb Walker","floor":36,"turns":2},{"damage":4,"enemies":"Writhing Mass","floor":37,"turns":4},{"damage":47,"enemies":"Nemesis","floor":41,"turns":9},{"damage":0,"enemies":"4 Shapes","floor":44,"turns":5},{"damage":8,"enemies":"Jaw Worm Horde","floor":46,"turns":5},{"damage":17,"enemies":"Reptomancer","floor":47,"turns":8},{"damage":18,"enemies":"Transient","floor":48,"turns":5},{"damage":42,"enemies":"Awakened One","floor":50,"turns":12}],"seed_played":"2403686590435231948","potions_obtained":[{"floor":4,"key":"Explosive Potion"},{"floor":5,"key":"BlessingOfTheForge"},{"floor":7,"key":"SpeedPotion"},{"floor":8,"key":"hermit:Eclipse"},{"floor":12,"key":"SpeedPotion"},{"floor":13,"key":"Explosive Potion"},{"floor":25,"key":"LiquidBronze"},{"floor":27,"key":"AttackPotion"},{"floor":29,"key":"Fire Potion"},{"floor":31,"key":"DuplicationPotion"},{"floor":37,"key":"FairyPotion"},{"floor":44,"key":"Strength Potion"},{"floor":46,"key":"Block Potion"},{"floor":48,"key":"CultistPotion"}],"is_trial":false,"path_per_floor":["M","M","?","M","M","E","M","E","T","?","M","E","?","M","R","B",null,"M","$","M","M","?","R","?","M","T","E","$","M","T","M","R","B",null,"M","M","M","$","?","R","E","R","T","M","R","M","E","M","R","B",null],"character_chosen":"HERMIT","items_purchased":["Matryoshka","hermit:BigShot","DistilledChaos","EssenceOfSteel","hermit:Scavenge","CaptainsWheel","Pear"],"campfire_rested":3,"item_purchase_floors":[19,19,19,19,19,28,38],"current_hp_per_floor":[75,75,75,64,64,46,46,49,49,49,49,20,19,31,31,23,69,55,55,45,45,45,45,45,44,44,31,31,39,39,34,46,40,69,64,64,60,70,70,79,44,79,79,79,79,71,54,48,79,49],"gold":446,"neow_bonus":"BOSS_RELIC","is_daily":false,"chose_seed":false,"campfire_upgraded":3,"win_rate":0.0,"timestamp":1610515782,"path_taken":["M","M","?","M","M","E","M","E","T","?","M","E","?","M","R","BOSS","M","$","M","M","?","R","?","M","T","E","$","M","?","M","R","BOSS","M","M","M","?","?","R","E","R","T","M","R","M","E","M","R","BOSS"],"items_purchased_type":["Relic","Card","Potion","Potion","Card","Relic","Relic"],"build_version":"2020-12-22","purchased_purges":0,"victory":true,"max_hp_per_floor":[75,75,75,75,75,75,75,75,75,69,69,69,69,69,69,69,69,69,69,69,69,69,69,69,69,69,69,69,69,69,69,69,69,69,69,69,69,79,79,79,79,79,79,79,79,79,79,79,79,79],"card_choices":[{"not_picked":["hermit:Desperado","hermit:PistolWhip"],"picked":"hermit:ItchyTrigger","floor":1},{"not_picked":["hermit:Quickdraw","hermit:LuckOfTheDraw"],"picked":"hermit:WideOpen","floor":2},{"not_picked":["hermit:PistolWhip","hermit:Reprieve","hermit:Showdown"],"picked":"SKIP","floor":4},{"not_picked":["hermit:Dive","hermit:SprayPray"],"picked":"hermit:Ricochet","floor":5},{"not_picked":["hermit:Dive","hermit:HoleUp"],"picked":"hermit:BigShot","floor":6},{"not_picked":["hermit:Headshot","hermit:Glare"],"picked":"hermit:DeadOrAlive","floor":7},{"not_picked":["hermit:BodyArmor","hermit:Headshot"],"picked":"hermit:TrackingShot","floor":8},{"not_picked":["hermit:Scavenge","hermit:CursedWeapon","hermit:Misfire"],"picked":"SKIP","floor":11},{"not_picked":["hermit:Headshot","hermit:HoleUp"],"picked":"hermit:Dive","floor":12},{"not_picked":["hermit:ItchyTrigger","hermit:FinalCanter"],"picked":"hermit:Glare","floor":14},{"not_picked":["hermit:FatalDesire","hermit:Dissolve"],"picked":"hermit:Magnum","floor":16},{"not_picked":["hermit:HighCaliber+1","hermit:Ricochet"],"picked":"hermit:Maintenance+1","floor":18},{"not_picked":["hermit:Misfire","hermit:PistolWhip","hermit:HighCaliber+1"],"picked":"SKIP","floor":20},{"not_picked":["hermit:TrackingShot","hermit:LoneWolf"],"picked":"hermit:Roulette","floor":21},{"not_picked":["hermit:HighCaliber","hermit:Ricochet","hermit:CalledShot"],"picked":"SKIP","floor":25},{"not_picked":["hermit:DeadMansHand","hermit:Shortfuse","hermit:Desperado"],"picked":"SKIP","floor":27},{"not_picked":["hermit:Feint","hermit:DeadMansHand","hermit:Coalescence+1"],"picked":"SKIP","floor":29},{"not_picked":["hermit:BodyArmor","hermit:CalledShot","hermit:Dive+1"],"picked":"SKIP","floor":31},{"not_picked":["hermit:ShadowCloak","hermit:Combo"],"picked":"hermit:Glare+1","floor":35},{"not_picked":["hermit:ItchyTrigger+1","hermit:Midnight+1","hermit:Manifest"],"picked":"SKIP","floor":36},{"not_picked":["hermit:Determination+1","hermit:LuckOfTheDraw"],"picked":"hermit:Snipe","floor":37},{"not_picked":["hermit:Feint+1","hermit:Misfire","hermit:TrackingShot"],"picked":"SKIP","floor":41},{"not_picked":["hermit:SprayPray","hermit:HoleUp+1","hermit:Snipe"],"picked":"SKIP","floor":44},{"not_picked":["hermit:LowProfile","hermit:Shortfuse+1","hermit:HighCaliber"],"picked":"SKIP","floor":46},{"not_picked":["hermit:HoleUp","hermit:LowProfile+1","hermit:HighCaliber"],"picked":"SKIP","floor":47},{"not_picked":["hermit:BigShot+1","hermit:CursedWeapon+1","hermit:TakeAim+1"],"picked":"SKIP","floor":48}],"player_experience":845993,"relics_obtained":[{"floor":6,"key":"Meat on the Bone"},{"floor":8,"key":"Bag of Preparation"},{"floor":9,"key":"War Paint"},{"floor":12,"key":"hermit:RyeStalk"},{"floor":13,"key":"Odd Mushroom"},{"floor":26,"key":"Eternal Feather"},{"floor":26,"key":"Letter Opener"},{"floor":27,"key":"Pantograph"},{"floor":30,"key":"Bag of Marbles"},{"floor":30,"key":"Bottled Tornado"},{"floor":41,"key":"Ancient Tea Set"},{"floor":43,"key":"The Courier"},{"floor":47,"key":"MealTicket"}],"event_choices":[{"damage_healed":0,"gold_gain":0,"cards_transformed":["hermit:Strike_Hermit"],"player_choice":"Change","damage_taken":0,"max_hp_gain":0,"max_hp_loss":0,"event_name":"Living Wall","floor":3,"gold_loss":0,"cards_obtained":["hermit:Scavenge"]},{"damage_healed":0,"gold_gain":0,"player_choice":"Lose Max HP","damage_taken":0,"relics_obtained":["Golden Idol"],"max_hp_gain":0,"max_hp_loss":6,"event_name":"Golden Idol","floor":10,"gold_loss":0},{"damage_healed":0,"gold_gain":0,"player_choice":"Fought Mushrooms","damage_taken":0,"max_hp_gain":0,"max_hp_loss":0,"event_name":"Mushrooms","floor":13,"gold_loss":0},{"damage_healed":0,"gold_gain":0,"player_choice":"Ignored","damage_taken":0,"max_hp_gain":0,"max_hp_loss":0,"event_name":"Ghosts","floor":22,"gold_loss":0},{"damage_healed":0,"gold_gain":0,"player_choice":"Simplicity","damage_taken":0,"max_hp_gain":0,"max_hp_loss":0,"event_name":"Back to Basics","floor":24,"gold_loss":0,"cards_upgraded":["hermit:Strike_Hermit","hermit:Strike_Hermit","hermit:Strike_Hermit","hermit:Defend_Hermit","hermit:Defend_Hermit","hermit:Defend_Hermit"]},{"cards_removed":["hermit:Strike_Hermit"],"damage_healed":0,"gold_gain":0,"player_choice":"Removed Attack","damage_taken":0,"max_hp_gain":0,"max_hp_loss":0,"event_name":"Falling","floor":39,"gold_loss":0}],"is_beta":false,"boss_relics":[{"not_picked":["hermit:DentedPlate","Ectoplasm"],"picked":"Philosopher\u0027s Stone"},{"not_picked":["SlaversCollar","Black Star"],"picked":"Fusion Hammer"}],"items_purged_floors":[],"is_endless":false,"potions_floor_spawned":[4,5,7,8,12,13,25,27,29,31,37,44,46,48],"ascension_level":0}}