{"host":"l60rmjjsfi0fipmi","time":1610576105,"event":{"mods":["BaseMod","Colored Map","DeckTracker","Hermit","Highlight Path","Jorbs\u0027s Wanderer Trilogy","Minty Spire (QoL Compilation)","StSLib","The Cursed"],"gold_per_floor":[118,131,50,60,60,60,87,87,110,119,150,150,175,175,175,175,175],"floor_reached":16,"language":"ENG","playtime":564,"items_purged":[],"score":124,"play_id":"49a971c7-88e7-4710-a1e6-1867bf5d7180","local_time":"20210113171505","is_ascension_mode":true,"campfire_choices":[{"data":"Infernal Blade","floor":6,"key":"SMITH"},{"floor":8,"key":"REST"},{"floor":15,"key":"REST"}],"circlet_count":0,"master_deck":["Strike_R","Strike_R","Strike_R","Strike_R","Strike_R","Defend_R","Defend_R","Defend_R","Defend_R","Bash","Perfected Strike","Clothesline","Infernal Blade+1","Shrug It Off","Dropkick","Parasite","Flex"],"relics":["Burning Blood","NeowsBlessing","Singing Bowl","Bird Faced Urn","CeramicFish","Happy Flower"],"acts_visited":["Exordium"],"potions_floor_usage":[7,11],"damage_taken":[{"damage":0,"enemies":"Cultist","floor":1,"turns":1},{"damage":0,"enemies":"2 Louse","floor":2,"turns":1},{"damage":0,"enemies":"Small Slimes","floor":4,"turns":1},{"damage":77,"enemies":"Lagavulin","floor":7,"turns":10},{"damage":47,"enemies":"3 Sentries","floor":11,"turns":13},{"damage":8,"enemies":"3 Louse","floor":13,"turns":2},{"damage":76,"enemies":"The Guardian","floor":16,"turns":12}],"seed_played":"7157926441613265999","potions_obtained":[{"floor":1,"key":"BloodPotion"},{"floor":2,"key":"DuplicationPotion"}],"is_trial":false,"path_per_floor":["M","M","$","M","T","R","E","R","T","?","E","?","M","?","R","B"],"character_chosen":"IRONCLAD","items_purchased":["Infernal Blade"],"campfire_rested":2,"item_purchase_floors":[3],"current_hp_per_floor":[80,80,80,80,80,80,25,49,49,69,30,30,28,28,52,0,0],"gold":175,"neow_bonus":"THREE_ENEMY_KILL","is_daily":false,"chose_seed":false,"campfire_upgraded":1,"win_rate":0.0,"timestamp":1610576105,"path_taken":["M","M","$","M","?","R","E","R","T","?","E","?","M","?","R","BOSS"],"items_purchased_type":["Card"],"build_version":"2020-12-22","purchased_purges":0,"victory":false,"max_hp_per_floor":[80,80,80,80,80,80,80,80,80,80,82,82,82,82,82,82,82],"card_choices":[{"not_picked":["Disarm","Intimidate"],"picked":"Perfected Strike","floor":1},{"not_picked":["Pommel Strike","True Grit"],"picked":"Clothesline","floor":2},{"not_picked":["True Grit","Clash"],"picked":"Shrug It Off","floor":4},{"not_picked":["Thunderclap","Clash"],"picked":"Dropkick","floor":7},{"not_picked":["Barricade","True Grit","Limit Break"],"picked":"Singing Bowl","floor":11},{"not_picked":["Sentinel","Carnage"],"picked":"Flex","floor":13}],"player_experience":381888,"relics_obtained":[{"floor":5,"key":"Singing Bowl"},{"floor":7,"key":"Bird Faced Urn"},{"floor":9,"key":"CeramicFish"},{"floor":11,"key":"Happy Flower"}],"event_choices":[{"damage_healed":20,"gold_gain":0,"player_choice":"Healed and dodged fight","damage_taken":0,"max_hp_gain":0,"max_hp_loss":0,"event_name":"Mushrooms","floor":10,"gold_loss":0,"cards_obtained":["Parasite"]},{"damage_healed":0,"gold_gain":0,"player_choice":"Fled","damage_taken":0,"max_hp_gain":0,"max_hp_loss":0,"event_name":"Scrap Ooze","floor":12,"gold_loss":0},{"damage_healed":0,"gold_gain":0,"player_choice":"Ignored","damage_taken":0,"max_hp_gain":0,"max_hp_loss":0,"event_name":"Liars Game","floor":14,"gold_loss":0}],"is_beta":false,"boss_relics":[],"items_purged_floors":[],"is_endless":false,"potions_floor_spawned":[1,2],"killed_by":"The Guardian","ascension_level":3}}