{"host":"091y6d77ht7dl3wb","time":1610534035,"event":{"mods":["AchievementEnabler","BaseMod","Colored Map","Minty Spire (QoL Compilation)","Rare Cards Sparkle","StSLib"],"gold_per_floor":[109,187,262,273,291,291,291,291,291,291,324,343,359,359,359,464,464,476,137,148,166,166,166,200,200,247,337,356,356,375,385,385,482,482,500,520,179,179,193,209,209,254,300,300,320,320,330,349,349,349,349],"floor_reached":50,"language":"KOR","playtime":2374,"items_purged":[],"score":516,"play_id":"2699445f-3466-4cfa-81d7-b226e75af19b","local_time":"20210113193355","daily_mods":["Draft","Allstar","Heirloom","Time Dilation"],"is_ascension_mode":false,"campfire_choices":[{"data":"Blizzard","floor":6,"key":"SMITH"},{"floor":8,"key":"REST"},{"data":"Cold Snap","floor":10,"key":"SMITH"},{"data":"Cold Snap","floor":15,"key":"SMITH"},{"data":"Creative AI","floor":23,"key":"SMITH"},{"data":"Apotheosis","floor":25,"key":"SMITH"},{"floor":29,"key":"REST"},{"floor":32,"key":"REST"},{"floor":41,"key":"REST"},{"floor":44,"key":"REST"},{"floor":46,"key":"REST"},{"floor":49,"key":"REST"}],"circlet_count":0,"master_deck":["Barrage+1","Go for the Eyes","Gash","Ball Lightning","Rebound","Conserve Battery","Conserve Battery+1","Cold Snap+1","Leap","Compile Driver+1","Go for the Eyes","BootSequence","Conserve Battery","Glacier","Cold Snap+1","Sunder+1","Go for the Eyes","Blizzard+1","Capacitor","Sunder","Creative AI+1","Glacier","Apotheosis+1","Redo","Recycle","Storm","Fusion","Redo","Ball Lightning","Multi-Cast","Ball Lightning","Redo+1","Storm","Bandage Up"],"relics":["Unceasing Top","Dead Branch","Emotion Chip","Whetstone","Omamori","Runic Pyramid","Bronze Scales","Bottled Tornado","Toy Ornithopter","Sozu","Anchor","Sling","Happy Flower","Blood Vial"],"acts_visited":["Exordium","TheCity","TheBeyond"],"potions_floor_usage":[16,20,20,24,24,28,33],"damage_taken":[{"damage":0,"enemies":"Jaw Worm","floor":1,"turns":3},{"damage":0,"enemies":"Small Slimes","floor":4,"turns":3},{"damage":0,"enemies":"2 Louse","floor":5,"turns":2},{"damage":3,"enemies":"Gremlin Nob","floor":11,"turns":4},{"damage":0,"enemies":"Lots of Slimes","floor":12,"turns":4},{"damage":0,"enemies":"2 Fungi Beasts","floor":13,"turns":3},{"damage":0,"enemies":"Hexaghost","floor":16,"turns":9},{"damage":0,"enemies":"Shell Parasite","floor":18,"turns":6},{"damage":0,"enemies":"Chosen","floor":20,"turns":5},{"damage":0,"enemies":"Centurion and Healer","floor":21,"turns":9},{"damage":22,"enemies":"Gremlin Leader","floor":24,"turns":8},{"damage":0,"enemies":"Snecko","floor":28,"turns":4},{"damage":5,"enemies":"Snake Plant","floor":30,"turns":5},{"damage":7,"enemies":"Sentry and Sphere","floor":31,"turns":6},{"damage":9,"enemies":"Champ","floor":33,"turns":9},{"damage":0,"enemies":"Orb Walker","floor":35,"turns":4},{"damage":14,"enemies":"3 Darklings","floor":36,"turns":4},{"damage":15,"enemies":"Transient","floor":39,"turns":5},{"damage":31,"enemies":"Writhing Mass","floor":40,"turns":8},{"damage":19,"enemies":"Maw","floor":45,"turns":6},{"damage":16,"enemies":"4 Shapes","floor":47,"turns":5},{"damage":28,"enemies":"3 Darklings","floor":48,"turns":5},{"damage":68,"enemies":"Awakened One","floor":50,"turns":5}],"seed_played":"2151423941651927247","potions_obtained":[{"floor":12,"key":"Swift Potion"},{"floor":13,"key":"AttackPotion"},{"floor":16,"key":"SteroidPotion"},{"floor":18,"key":"EntropicBrew"},{"floor":31,"key":"ColorlessPotion"}],"is_trial":true,"path_per_floor":["M","?","?","M","M","R","?","R","T","R","E","M","M","?","R","B",null,"M","$","M","M","?","R","E","R","T","?","M","R","M","M","R","B",null,"M","M","$","?","M","M","R","T","T","R","M","R","M","M","R","B"],"character_chosen":"DEFECT","items_purchased":["Bronze Scales","Apotheosis","Storm","Anchor","Sling"],"campfire_rested":7,"item_purchase_floors":[19,19,37,37,37],"current_hp_per_floor":[75,75,64,64,64,64,49,71,71,71,68,68,68,68,68,68,75,75,75,75,75,75,75,53,53,53,41,46,68,63,56,75,66,75,75,61,61,61,52,25,47,47,47,69,58,75,59,37,59,0,0],"gold":349,"neow_bonus":"","is_daily":false,"chose_seed":false,"campfire_upgraded":5,"win_rate":0.0,"timestamp":1610534035,"path_taken":["M","?","?","M","M","R","?","R","T","R","E","M","M","?","R","BOSS","M","$","M","?","?","R","E","R","T","?","M","R","M","M","R","BOSS","M","M","$","?","M","M","R","?","T","R","M","R","?","M","R","BOSS"],"items_purchased_type":["Relic","Card","Card","Relic","Relic"],"build_version":"2020-12-22","purchased_purges":0,"victory":false,"max_hp_per_floor":[75,75,75,75,75,75,75,75,75,75,75,75,75,75,75,75,75,75,75,75,75,75,75,75,75,75,75,75,75,75,75,75,75,75,75,75,75,75,75,75,75,75,75,75,75,75,75,75,75,75,75],"card_choices":[{"not_picked":["Scrape","Turbo"],"picked":"Barrage","floor":0},{"not_picked":["Aggregate","Barrage"],"picked":"Go for the Eyes","floor":0},{"not_picked":["Conserve Battery","Reinforced Body"],"picked":"Gash","floor":0},{"not_picked":["Streamline","Turbo"],"picked":"Ball Lightning","floor":0},{"not_picked":["Recycle","Force Field"],"picked":"Rebound","floor":0},{"not_picked":["Double Energy","Stack"],"picked":"Conserve Battery","floor":0},{"not_picked":["Consume","Sweeping Beam"],"picked":"Conserve Battery","floor":0},{"not_picked":["Steam Power","Redo"],"picked":"Cold Snap","floor":0},{"not_picked":["Gash","Redo"],"picked":"Leap","floor":0},{"not_picked":["Barrage","Aggregate"],"picked":"Compile Driver","floor":0},{"not_picked":["Barrage","Chill"],"picked":"Go for the Eyes","floor":0},{"not_picked":["Coolheaded","Consume"],"picked":"BootSequence","floor":0},{"not_picked":["Beam Cell","Redo"],"picked":"Conserve Battery","floor":0},{"not_picked":["Leap","Consume"],"picked":"Glacier","floor":0},{"not_picked":["White Noise","Turbo"],"picked":"Cold Snap","floor":0},{"not_picked":["Hologram","Beam Cell"],"picked":"Sunder","floor":1},{"not_picked":["Hologram","Force Field"],"picked":"Go for the Eyes","floor":4},{"not_picked":["Self Repair","Streamline"],"picked":"Blizzard","floor":5},{"not_picked":["Gash","Undo","Steam Power"],"picked":"SKIP","floor":11},{"not_picked":["Steam","Undo"],"picked":"Capacitor","floor":12},{"not_picked":["Conserve Battery","Redo"],"picked":"Sunder","floor":13},{"not_picked":["Amplify","Electrodynamics"],"picked":"Creative AI","floor":16},{"not_picked":["Beam Cell","Compile Driver"],"picked":"Glacier","floor":18},{"not_picked":["Steam","Tempest"],"picked":"Redo","floor":20},{"not_picked":["Coolheaded","Ball Lightning"],"picked":"Recycle","floor":21},{"not_picked":["Leap","Storm","Cold Snap"],"picked":"SKIP","floor":24},{"not_picked":["Leap","Cold Snap"],"picked":"Storm","floor":24},{"not_picked":["Skim+1","White Noise"],"picked":"Fusion","floor":28},{"not_picked":["Melter+1","Sweeping Beam+1"],"picked":"Redo","floor":30},{"not_picked":["Hologram+1","Coolheaded"],"picked":"Ball Lightning","floor":31},{"not_picked":["All For One","Fission"],"picked":"Multi-Cast","floor":33},{"not_picked":["Barrage","Beam Cell"],"picked":"Ball Lightning","floor":35},{"not_picked":["Undo+1","Force Field+1"],"picked":"Redo+1","floor":36},{"not_picked":["Finesse","Chrysalis"],"picked":"Bandage Up","floor":38},{"not_picked":["Rebound","Tempest","Stack"],"picked":"SKIP","floor":39},{"not_picked":["Undo+1","Go for the Eyes+1","Barrage+1"],"picked":"SKIP","floor":40},{"not_picked":["White Noise","Tempest+1","Machine Learning"],"picked":"SKIP","floor":45},{"not_picked":["Coolheaded","Barrage+1","Auto Shields"],"picked":"SKIP","floor":47},{"not_picked":["Cold Snap+1","Conserve Battery+1","Fusion"],"picked":"SKIP","floor":48}],"player_experience":216161,"relics_obtained":[{"floor":9,"key":"Emotion Chip"},{"floor":11,"key":"Whetstone"},{"floor":24,"key":"Bottled Tornado"},{"floor":26,"key":"Toy Ornithopter"},{"floor":42,"key":"Happy Flower"},{"floor":43,"key":"Blood Vial"}],"event_choices":[{"damage_healed":0,"gold_gain":78,"player_choice":"Gained Gold","damage_taken":0,"max_hp_gain":0,"max_hp_loss":0,"event_name":"Golden Wing","floor":2,"gold_loss":0},{"damage_healed":0,"gold_gain":75,"player_choice":"Gather Gold","damage_taken":11,"max_hp_gain":0,"max_hp_loss":0,"event_name":"World of Goop","floor":3,"gold_loss":0},{"damage_healed":0,"gold_gain":0,"player_choice":"Entered Light","damage_taken":15,"max_hp_gain":0,"max_hp_loss":0,"event_name":"Shining Light","floor":7,"gold_loss":0,"cards_upgraded":["Conserve Battery","Compile Driver"]},{"damage_healed":0,"gold_gain":0,"player_choice":"Gave Potion","damage_taken":0,"relics_obtained":["Omamori"],"max_hp_gain":0,"max_hp_loss":0,"event_name":"WeMeetAgain","floor":14,"gold_loss":0},{"damage_healed":0,"gold_gain":0,"player_choice":"Ignored","damage_taken":0,"max_hp_gain":0,"max_hp_loss":0,"event_name":"Vampires","floor":22,"gold_loss":0},{"damage_healed":0,"gold_gain":90,"player_choice":"GOLD ","damage_taken":12,"max_hp_gain":0,"max_hp_loss":0,"event_name":"Knowing Skull","floor":27,"potions_obtained":[],"gold_loss":0,"cards_obtained":[]},{"damage_healed":0,"gold_gain":0,"player_choice":"Memory 1","damage_taken":0,"max_hp_gain":0,"max_hp_loss":0,"event_name":"SensoryStone","floor":38,"gold_loss":0}],"is_beta":false,"boss_relics":[{"not_picked":["Cursed Key","SacredBark"],"picked":"Runic Pyramid"},{"not_picked":["Velvet Choker","Busted Crown"],"picked":"Sozu"}],"items_purged_floors":[],"is_endless":false,"potions_floor_spawned":[12,13,16,18,21,31,45,47],"killed_by":"Awakened One","ascension_level":0}}