{"host":"v1m5rkjj38qutr02","time":1610532684,"event":{"mods":["Act Like it!","BaseMod","Challenge The Spire","Conspire","Gensokyo","GungeonMod","Hallownest","Minty Spire (QoL Compilation)","Replay The Spire","StSLib","The Bug Knight","Youmu£®ªÍ∆«—˝√Œ£©"],"gold_per_floor":[12,12,46,77,112,112,61,61,96,121,156,156,1,1,35,61,94,121],"floor_reached":19,"language":"ZHS","playtime":789,"items_purged":[],"score":420,"play_id":"9b4e6ee0-20d7-4cee-9a34-b0af4196c5fa","local_time":"20210113181124","daily_mods":["challengethespire:Bronze Difficulty","challengethespire:Elite Rush","Uncertain Future"],"is_ascension_mode":false,"campfire_choices":[{"data":"Zap","floor":2.0,"key":"SMITH"},{"data":"White Noise","floor":8,"key":"SMITH"},{"data":"Thunder Strike","floor":14,"key":"SMITH"}],"circlet_count":0,"master_deck":["Strike_B+1","Strike_B","Strike_B","Strike_B","Defend_B+1","Defend_B+1","Defend_B","Defend_B","Zap+1","Dualcast","FIFO Queue","Panic Button+1","Rebound","Rebound","Go for the Eyes","BasicCrystalCard","Loop+1","Static Discharge+1","White Noise+1","Turbo","Echo Form+1","Buffer+1","Thunder Strike+1","White Noise","Turbo","Biased Cognition+1"],"relics":["Cracked Core","Black Star","Sling","PreservedInsect","Iron Hammer","Ice Cream","Mummified Hand","Frozen Egg 2","Replay:Wax Seal","Oddly Smooth Stone","conspire:DeflatedDodgeball","Vajra","Velvet Choker","War Paint","Mercury Hourglass","DemoMod:Orange","ReplayTheSpireMod:TigerMarble","DataDisk","Letter Opener","Inserter","Lee\u0027s Waffle","Blood Vial","The Courier","Omamori","Smiling Mask","DemoMod:JetPack","Simple Rune","DemoMod:BlueGuonStone"],"acts_visited":["Exordium"],"potions_floor_usage":[9,9,10,18],"damage_taken":[{"damage":5.0,"enemies":"3 Sentries","floor":3.0,"turns":4.0},{"damage":13.0,"enemies":"Gremlin Nob","floor":4.0,"turns":3.0},{"damage":0,"enemies":"Gremlin Nob","floor":5,"turns":2},{"damage":5,"enemies":"Gremlin Leader","floor":9,"turns":6},{"damage":20,"enemies":"Slavers","floor":10,"turns":4},{"damage":2,"enemies":"Book of Stabbing","floor":11,"turns":3},{"damage":0,"enemies":"Reptomancer","floor":15,"turns":4},{"damage":0,"enemies":"Giant Head","floor":16,"turns":7},{"damage":0,"enemies":"Nemesis","floor":17,"turns":5},{"damage":41,"enemies":"Shield and Spear","floor":18,"turns":4}],"seed_played":"-2998339120628649828","potions_obtained":[{"floor":4,"key":"LifebloodPotion"},{"floor":5,"key":"SkillPotion"},{"floor":9,"key":"Flashbang"},{"floor":11,"key":"Dexterity Potion"},{"floor":17,"key":"EssenceOfSteel"}],"is_trial":true,"path_per_floor":["$","R","E","E","E","T","$","R","E","E","E","T","$","R","E","E","E","E",null],"character_chosen":"DEFECT","items_purchased":["FIFO Queue","Panic Button","Iron Hammer","Ice Cream","Swift Potion","ColorlessPotion","DuplicationPotion","Rebound","Go for the Eyes","BasicCrystalCard","Turbo","Lee\u0027s Waffle"],"campfire_rested":0,"item_purchase_floors":[1,1,1,1,1,1,1,1,1,1,7,13],"current_hp_per_floor":[75,75,70,57,57,57,57,57,52,44,42,42,94,94,94,94,94,53],"gold":121,"neow_bonus":"","is_daily":false,"chose_seed":false,"campfire_upgraded":3,"win_rate":0.0,"timestamp":1610532684,"path_taken":["$","R","E","E","E","T","$","R","E","E","E","T","$","R","E","E","E","E"],"items_purchased_type":["Card","Card","Relic","Relic","Potion","Potion","Potion","Card","Card","Card","Card","Relic"],"build_version":"2020-12-22","purchased_purges":0,"victory":true,"max_hp_per_floor":[75,75,75,75,75,75,75,75,75,87,87,87,94,94,94,94,94,94],"card_choices":[],"player_experience":403186,"relics_obtained":[{"floor":3.0,"key":"Mummified Hand"},{"floor":3.0,"key":"Frozen Egg 2"},{"floor":4,"key":"Replay:Wax Seal"},{"floor":4,"key":"Oddly Smooth Stone"},{"floor":5,"key":"conspire:DeflatedDodgeball"},{"floor":5,"key":"Vajra"},{"floor":9,"key":"War Paint"},{"floor":9,"key":"Mercury Hourglass"},{"floor":10,"key":"DemoMod:Orange"},{"floor":10,"key":"ReplayTheSpireMod:TigerMarble"},{"floor":11,"key":"DataDisk"},{"floor":11,"key":"Letter Opener"},{"floor":15,"key":"Blood Vial"},{"floor":16,"key":"The Courier"},{"floor":16,"key":"Omamori"},{"floor":17,"key":"Smiling Mask"},{"floor":17,"key":"DemoMod:JetPack"},{"floor":18,"key":"Simple Rune"},{"floor":18,"key":"DemoMod:BlueGuonStone"}],"event_choices":[],"is_beta":false,"boss_relics":[{"not_picked":["Replay:Drink Me","conspire:RunicOctahedron"],"picked":"Velvet Choker"},{"not_picked":["conspire:SeveredTorchhead","Pandora\u0027s Box"],"picked":"Inserter"}],"items_purged_floors":[],"is_endless":false,"potions_floor_spawned":[4,5,9,11,17],"ascension_level":0}}