{"host":"1a3cjta80tad0aqj","time":1610552586,"event":{"mods":["2.2 Compatiblity","AchievementEnabler","BaseMod","Colored Map","DeckTracker","KOR Keyword Fix","Keyboard Shortcuts","Minty Spire (QoL Compilation)","Permanent Neow","Quick Restart","Random Character Button","StSLib","SuperFastMode","everything is the same but u backflip on backflip"],"gold_per_floor":[117,117,47,62,74,106,118,118,118,118,118,133,150,166,166,166,166],"floor_reached":16,"language":"KOR","playtime":501,"items_purged":[],"score":104,"play_id":"3e039412-7228-45b3-badc-cc486d6eedb2","local_time":"20210114004306","is_ascension_mode":false,"campfire_choices":[{"floor":8,"key":"REST"},{"data":"Dualcast","floor":10,"key":"SMITH"},{"floor":15,"key":"REST"}],"circlet_count":0,"master_deck":["Strike_B","Strike_B","Strike_B","Strike_B","Defend_B","Defend_B","Defend_B","Zap","Dualcast+1","Storm","Aggregate","Sunder","Defragment","Hologram","Coolheaded","Chill","Sunder","Skim","Sunder"],"relics":["Cracked Core","Shuriken","Sundial"],"acts_visited":["Exordium"],"potions_floor_usage":[],"damage_taken":[{"damage":0.0,"enemies":"2 Louse","floor":1.0,"turns":2.0},{"damage":1.0,"enemies":"Cultist","floor":4.0,"turns":3.0},{"damage":6.0,"enemies":"Jaw Worm","floor":5.0,"turns":3.0},{"damage":35,"enemies":"Lagavulin","floor":6,"turns":6},{"damage":10,"enemies":"2 Fungi Beasts","floor":7,"turns":3},{"damage":0,"enemies":"Gremlin Gang","floor":12,"turns":4},{"damage":8,"enemies":"Looter","floor":13,"turns":2},{"damage":11,"enemies":"Exordium Wildlife","floor":14,"turns":3},{"damage":54,"enemies":"Slime Boss","floor":16,"turns":8}],"seed_played":"-5104038341589151019","potions_obtained":[{"floor":1.0,"key":"LiquidBronze"},{"floor":7,"key":"SpeedPotion"},{"floor":12,"key":"BlessingOfTheForge"},{"floor":13,"key":"FearPotion"}],"is_trial":false,"path_per_floor":["M","?","$","M","M","E","M","R","T","R","?","M","M","M","R","B"],"character_chosen":"DEFECT","items_purchased":["Sunder"],"campfire_rested":2,"item_purchase_floors":[3],"current_hp_per_floor":[75,75,75,74,68,33,23,45,45,45,45,45,37,26,48,0,0],"gold":166,"neow_bonus":"THREE_CARDS","is_daily":false,"chose_seed":false,"campfire_upgraded":1,"win_rate":0.0,"timestamp":1610552586,"path_taken":["M","?","$","M","?","E","M","R","T","R","?","M","M","M","R","BOSS"],"items_purchased_type":["Card"],"build_version":"2020-12-22","purchased_purges":0,"victory":false,"max_hp_per_floor":[75,75,75,75,75,75,75,75,75,75,75,75,75,75,75,75,75],"card_choices":[{"not_picked":["Go for the Eyes","Hello World"],"picked":"Storm","floor":0.0},{"not_picked":["Heatsinks","Consume"],"picked":"Aggregate","floor":1.0},{"not_picked":["Beam Cell","Steam"],"picked":"Defragment","floor":4.0},{"not_picked":["Aggregate","Stack"],"picked":"Hologram","floor":5.0},{"not_picked":["Gash","Stack"],"picked":"Coolheaded","floor":6},{"not_picked":["Gash","Blizzard"],"picked":"Chill","floor":7},{"not_picked":["Steam Power","BootSequence"],"picked":"Sunder","floor":12},{"not_picked":["White Noise","Hello World"],"picked":"Skim","floor":13},{"not_picked":["Hyperbeam","Streamline"],"picked":"Sunder","floor":14}],"player_experience":303089,"relics_obtained":[{"floor":6,"key":"Shuriken"},{"floor":9,"key":"Sundial"}],"event_choices":[{"cards_removed":["Defend_B"],"damage_healed":0.0,"max_hp_gain":0.0,"max_hp_loss":0.0,"gold_gain":0.0,"event_name":"Purifier","player_choice":"Purged","floor":2.0,"gold_loss":0.0,"damage_taken":0.0},{"damage_healed":0,"gold_gain":0,"player_choice":"Searched \u00270\u0027 times","damage_taken":0,"max_hp_gain":0,"max_hp_loss":0,"event_name":"Dead Adventurer","floor":11,"gold_loss":0}],"is_beta":false,"boss_relics":[],"items_purged_floors":[],"is_endless":false,"potions_floor_spawned":[1,7,12,13],"killed_by":"Slime Boss","ascension_level":0}}