{"host":"tw7a6rmo9h75ssrt","time":1610550692,"event":{"mods":["AchievementEnabler","Act Like it!","BaseMod","Better Debug","Colored Map","Dark Map","Highlight Path","Minty Spire (QoL Compilation)","Quick Restart","StSLib","SuperFastMode"],"gold_per_floor":[115,190,190,190,190,230,230,264,290,334,334,334,18,42,42,166,166,187,187,202,49,49,49,49,70,70,93,134,134,153,153,153,279,279,299,10,73,88,88,88,106,106,185,185,204,41,41,61,61,61],"floor_reached":51,"language":"ZHS","playtime":1921,"items_purged":["Strike_R","Strike_R","Defend_R"],"score":896,"play_id":"287b02c5-4087-4550-9058-06d9c38e2792","local_time":"20210113231132","is_ascension_mode":true,"campfire_choices":[{"data":"Entrench","floor":7.0,"key":"SMITH"},{"floor":12.0,"key":"REST"},{"data":"Body Slam","floor":15.0,"key":"SMITH"},{"data":"Armaments","floor":23.0,"key":"SMITH"},{"data":"True Grit","floor":32.0,"key":"SMITH"},{"data":"Sentinel","floor":40,"key":"SMITH"},{"data":"Body Slam","floor":42,"key":"SMITH"},{"data":"Feel No Pain","floor":44,"key":"SMITH"},{"data":"Burning Pact","floor":49,"key":"SMITH"}],"circlet_count":0,"master_deck":["Defend_R","Defend_R","True Grit+1","Entrench+1","Body Slam+1","Offering","Sentinel+1","Armaments+1","Body Slam+1","Shrug It Off","Exhume","Feel No Pain+1","Shrug It Off+1","Burning Pact+1","Madness","Madness","Pommel Strike+1"],"relics":["Burning Blood","NeowsBlessing","Golden Idol","Kunai","Odd Mushroom","MealTicket","Boot","Bottled Lightning","Empty Cage","Letter Opener","Pen Nib","Philosopher\u0027s Stone","Matryoshka","FossilizedHelix","Red Skull","Molten Egg 2"],"acts_visited":["Exordium","TheCity","TheBeyond"],"potions_floor_usage":[41,50],"damage_taken":[{"damage":0.0,"enemies":"Small Slimes","floor":1.0,"turns":1.0},{"damage":0.0,"enemies":"Jaw Worm","floor":4.0,"turns":1.0},{"damage":0.0,"enemies":"3 Sentries","floor":6.0,"turns":1.0},{"damage":22.0,"enemies":"The Mushroom Lair","floor":8.0,"turns":8.0},{"damage":53.0,"enemies":"Lagavulin","floor":10.0,"turns":9.0},{"damage":0.0,"enemies":"2 Louse","floor":14.0,"turns":4.0},{"damage":44.0,"enemies":"The Guardian","floor":16.0,"turns":18.0},{"damage":18.0,"enemies":"Chosen","floor":18.0,"turns":6.0},{"damage":18.0,"enemies":"Shell Parasite","floor":20.0,"turns":11.0},{"damage":6.0,"enemies":"Centurion and Healer","floor":25.0,"turns":4.0},{"damage":6.0,"enemies":"Cultist and Chosen","floor":27.0,"turns":5.0},{"damage":6.0,"enemies":"Book of Stabbing","floor":28.0,"turns":4.0},{"damage":6.0,"enemies":"Shelled Parasite and Fungi","floor":30.0,"turns":2.0},{"damage":6.0,"enemies":"Collector","floor":33.0,"turns":2.0},{"damage":6.0,"enemies":"Orb Walker","floor":35.0,"turns":1.0},{"damage":12,"enemies":"Mind Bloom Boss Battle","floor":37,"turns":2},{"damage":6,"enemies":"3 Darklings","floor":38,"turns":2},{"damage":0,"enemies":"4 Shapes","floor":41,"turns":6},{"damage":29,"enemies":"Jaw Worm Horde","floor":45,"turns":3},{"damage":6,"enemies":"Transient","floor":48,"turns":5},{"damage":30,"enemies":"Time Eater","floor":50,"turns":5}],"seed_played":"-217976946357900468","potions_obtained":[{"floor":1.0,"key":"Fire Potion"},{"floor":6.0,"key":"Swift Potion"},{"floor":10.0,"key":"EssenceOfSteel"},{"floor":14.0,"key":"Explosive Potion"},{"floor":16.0,"key":"Explosive Potion"},{"floor":18.0,"key":"BlessingOfTheForge"},{"floor":37,"key":"ElixirPotion"},{"floor":41,"key":"FearPotion"}],"is_trial":false,"path_per_floor":["M","?","?","M","?","E","R","?","T","E","?","R","$","M","R","B",null,"M","?","M","$","?","R","?","M","T","M","E","?","M","?","R","B",null,"M","$","?","M","$","R","M","R","T","R","M","$","?","M","R","B",null],"character_chosen":"IRONCLAD","items_purchased":["Bottled Lightning","Armaments","Feel No Pain","Matryoshka","Burning Pact"],"campfire_rested":1,"item_purchase_floors":[13,21,36,36,46],"current_hp_per_floor":[80,69,69,74,67,73,73,57,57,10,10,32,47,53,53,15,74,62,62,50,65,65,65,65,65,65,65,65,65,65,65,65,65,74,74,74,68,68,74,74,74,74,74,74,51,66,57,57,57,33],"gold":61,"neow_bonus":"THREE_ENEMY_KILL","is_daily":false,"chose_seed":false,"campfire_upgraded":8,"win_rate":0.0,"timestamp":1610550692,"path_taken":["M","?","?","M","?","E","R","?","T","E","?","R","?","M","R","BOSS","M","?","M","$","?","R","?","M","T","?","E","?","M","?","R","BOSS","M","?","?","?","?","R","M","R","T","R","M","$","?","M","R","BOSS"],"items_purchased_type":["Relic","Card","Card","Relic","Card"],"build_version":"2020-12-22","purchased_purges":3,"victory":true,"max_hp_per_floor":[80,80,74,74,74,74,74,74,74,74,74,74,74,74,74,74,74,74,74,74,74,74,74,74,74,74,74,74,74,74,74,74,74,74,74,74,74,74,74,74,74,74,74,74,74,74,74,74,74,74],"card_choices":[{"not_picked":["Dropkick","Pummel","Ghostly Armor"],"picked":"SKIP","floor":1.0},{"not_picked":["Bloodletting","Evolve"],"picked":"True Grit","floor":4.0},{"not_picked":["Exhume","Twin Strike"],"picked":"Entrench","floor":6.0},{"not_picked":["True Grit","Battle Trance"],"picked":"Body Slam","floor":8.0},{"not_picked":["Headbutt","Pommel Strike","Iron Wave"],"picked":"SKIP","floor":10.0},{"not_picked":["Cleave","Wild Strike","Uppercut"],"picked":"SKIP","floor":14.0},{"not_picked":["Brutality","Feed"],"picked":"Offering","floor":16.0},{"not_picked":["Sword Boomerang","Perfected Strike+1","Dual Wield"],"picked":"SKIP","floor":18.0},{"not_picked":["Pummel","Infernal Blade"],"picked":"Sentinel","floor":20.0},{"not_picked":["Clash","Thunderclap","Disarm"],"picked":"SKIP","floor":25.0},{"not_picked":["Sword Boomerang","Warcry","Heavy Blade"],"picked":"SKIP","floor":27.0},{"not_picked":["Twin Strike+1","Cleave+1","Wild Strike"],"picked":"SKIP","floor":28.0},{"not_picked":["Flex","Battle Trance+1"],"picked":"Shrug It Off","floor":30.0},{"not_picked":["Reaper","Feed"],"picked":"Exhume","floor":33.0},{"not_picked":["Pommel Strike","Cleave+1","Warcry"],"picked":"SKIP","floor":35.0},{"not_picked":["True Grit+1","Sword Boomerang+1","Impervious"],"picked":"SKIP","floor":38},{"not_picked":["Uppercut+1","Clash"],"picked":"Shrug It Off+1","floor":41},{"not_picked":["Thunderclap+1","Body Slam+1","Entrench+1"],"picked":"SKIP","floor":45},{"not_picked":["Evolve+1","Perfected Strike+1"],"picked":"Pommel Strike+1","floor":48}],"player_experience":15259,"relics_obtained":[{"floor":6.0,"key":"Kunai"},{"floor":8.0,"key":"Odd Mushroom"},{"floor":9.0,"key":"MealTicket"},{"floor":10.0,"key":"Boot"},{"floor":26.0,"key":"Letter Opener"},{"floor":28.0,"key":"Pen Nib"},{"floor":37,"key":"FossilizedHelix"},{"floor":43,"key":"Red Skull"},{"floor":43,"key":"Molten Egg 2"}],"event_choices":[{"damage_healed":0.0,"max_hp_gain":0.0,"max_hp_loss":0.0,"gold_gain":75.0,"event_name":"World of Goop","player_choice":"Gather Gold","floor":2.0,"gold_loss":0.0,"damage_taken":11.0},{"damage_healed":0.0,"max_hp_gain":0.0,"max_hp_loss":6.0,"gold_gain":0.0,"event_name":"Golden Idol","player_choice":"Lose Max HP","floor":3.0,"gold_loss":0.0,"damage_taken":0.0,"relics_obtained":["Golden Idol"]},{"cards_removed":["Strike_R"],"damage_healed":0.0,"max_hp_gain":0.0,"max_hp_loss":0.0,"gold_gain":0.0,"event_name":"Golden Wing","player_choice":"Card Removal","floor":5.0,"gold_loss":0.0,"damage_taken":7.0},{"damage_healed":0.0,"max_hp_gain":0.0,"max_hp_loss":0.0,"gold_gain":0.0,"event_name":"Mushrooms","player_choice":"Fought Mushrooms","floor":8.0,"gold_loss":0.0,"damage_taken":0.0},{"damage_healed":0.0,"max_hp_gain":0.0,"max_hp_loss":0.0,"gold_gain":0.0,"event_name":"Dead Adventurer","player_choice":"Searched \u00270\u0027 times","floor":11.0,"gold_loss":0.0,"damage_taken":0.0},{"damage_healed":0.0,"max_hp_gain":0.0,"max_hp_loss":0.0,"gold_gain":0.0,"event_name":"Vampires","player_choice":"Ignored","floor":19.0,"gold_loss":0.0,"damage_taken":0.0},{"damage_healed":0.0,"max_hp_gain":0.0,"max_hp_loss":0.0,"gold_gain":0.0,"event_name":"Ghosts","player_choice":"Ignored","floor":22.0,"gold_loss":0.0,"damage_taken":0.0},{"damage_healed":0.0,"max_hp_gain":0.0,"max_hp_loss":0.0,"gold_gain":0.0,"cards_transformed":["Defend_R"],"event_name":"Transmorgrifier","player_choice":"Transformed","floor":24.0,"gold_loss":0.0,"damage_taken":0.0,"cards_obtained":["Body Slam"]},{"cards_removed":["Bash"],"damage_healed":0.0,"max_hp_gain":0.0,"max_hp_loss":0.0,"gold_gain":0.0,"event_name":"Back to Basics","player_choice":"Elegance","floor":29.0,"gold_loss":0.0,"damage_taken":0.0},{"damage_healed":0.0,"max_hp_gain":0.0,"max_hp_loss":0.0,"gold_gain":0.0,"event_name":"The Woman in Blue","player_choice":"Bought 0 Potions","floor":31.0,"gold_loss":0.0,"damage_taken":0.0},{"damage_healed":0,"gold_gain":0,"player_choice":"Fight","damage_taken":0,"max_hp_gain":0,"max_hp_loss":0,"event_name":"MindBloom","floor":37,"gold_loss":0},{"damage_healed":0,"gold_gain":0,"player_choice":"Embrace Madness","damage_taken":9,"max_hp_gain":0,"max_hp_loss":0,"event_name":"Winding Halls","floor":47,"gold_loss":0,"cards_obtained":["Madness","Madness"]}],"is_beta":false,"boss_relics":[{"not_picked":["Mark of Pain","SlaversCollar"],"picked":"Empty Cage"},{"not_picked":["Runic Dome","Sozu"],"picked":"Philosopher\u0027s Stone"}],"items_purged_floors":[13,21,46],"is_endless":false,"potions_floor_spawned":[1,6,10,14,16,18,20,37,41],"ascension_level":2}}