{"host":"0tiuc76yumknr6qf","time":1610510155,"event":{"mods":["BaseMod","Colored Map","Highlight Path","Minty Spire (QoL Compilation)","StSLib"],"gold_per_floor":[112,112,112,126,144,144,160,160,160,193,193,193,208,227,227,326,326,340,265,265,165,165,165,165,192,217,217,250,263,101,101,101,199,199,209,227,102,113,113,113,113,130,130,130,145,177,177,212,212,212],"floor_reached":51,"language":"ENG","playtime":2824,"items_purged":["Eruption","Decay","Nirvana+1"],"score":1109,"play_id":"3718cfde-9be4-47bf-bab7-c272537d3dc9","local_time":"20210112215555","is_ascension_mode":true,"campfire_choices":[{"data":"Alpha","floor":6.0,"key":"SMITH"},{"floor":8.0,"key":"REST"},{"data":"Worship","floor":11.0,"key":"SMITH"},{"data":"LikeWater","floor":15.0,"key":"SMITH"},{"data":"SpiritShield","floor":23.0,"key":"SMITH"},{"data":"Vigilance","floor":27.0,"key":"SMITH"},{"data":"InnerPeace","floor":32,"key":"SMITH"},{"floor":40,"key":"RECALL"},{"data":"Purity","floor":49,"key":"SMITH"}],"circlet_count":0,"master_deck":["Strike_P+1","Strike_P+1","Strike_P+1","Defend_P+1","Defend_P+1","Defend_P+1","Defend_P+1","Vigilance+1","Tantrum","Worship+1","Alpha+1","InnerPeace+1","LikeWater+1","SpiritShield+1","Sanctity+1","Vault","DevaForm","Sanctity+1","Meditate+1","Purity+1"],"relics":["Snecko Eye","Meat on the Bone","Juzu Bracelet","Coffee Dripper","Lantern","Happy Flower","Damaru","SacredBark","White Beast Statue","Vajra","Shuriken"],"acts_visited":["Exordium","TheCity","TheBeyond"],"potions_floor_usage":[28,42,45,46,50,50],"damage_taken":[{"damage":3.0,"enemies":"Small Slimes","floor":1.0,"turns":2.0},{"damage":4.0,"enemies":"Jaw Worm","floor":4.0,"turns":4.0},{"damage":7.0,"enemies":"2 Louse","floor":5.0,"turns":2.0},{"damage":35.0,"enemies":"Lots of Slimes","floor":7.0,"turns":3.0},{"damage":10.0,"enemies":"Lagavulin","floor":10.0,"turns":5.0},{"damage":11.0,"enemies":"Blue Slaver","floor":13.0,"turns":3.0},{"damage":9.0,"enemies":"Red Slaver","floor":14.0,"turns":3.0},{"damage":19.0,"enemies":"The Guardian","floor":16.0,"turns":8.0},{"damage":12.0,"enemies":"2 Thieves","floor":18.0,"turns":3.0},{"damage":28.0,"enemies":"Slavers","floor":25.0,"turns":4.0},{"damage":3,"enemies":"Gremlin Leader","floor":28,"turns":6},{"damage":4,"enemies":"Chosen","floor":29,"turns":4},{"damage":0,"enemies":"Colosseum Slavers","floor":31,"turns":3},{"damage":0,"enemies":"Automaton","floor":33,"turns":7},{"damage":0,"enemies":"3 Shapes","floor":35,"turns":4},{"damage":0,"enemies":"Orb Walker","floor":36,"turns":5},{"damage":0,"enemies":"Spire Growth","floor":38,"turns":5},{"damage":31,"enemies":"Transient","floor":42,"turns":6},{"damage":0,"enemies":"3 Darklings","floor":45,"turns":4},{"damage":0,"enemies":"Nemesis","floor":46,"turns":8},{"damage":9,"enemies":"Reptomancer","floor":48,"turns":5},{"damage":11,"enemies":"Time Eater","floor":50,"turns":9}],"seed_played":"-4475458934723468083","potions_obtained":[{"floor":4.0,"key":"SpeedPotion"},{"floor":7.0,"key":"Energy Potion"},{"floor":14.0,"key":"SkillPotion"},{"floor":16.0,"key":"BlessingOfTheForge"},{"floor":18.0,"key":"LiquidBronze"},{"floor":28,"key":"LiquidBronze"},{"floor":35,"key":"LiquidMemories"},{"floor":42,"key":"Fruit Juice"},{"floor":45,"key":"Fruit Juice"},{"floor":46,"key":"BlessingOfTheForge"},{"floor":48,"key":"Dexterity Potion"}],"is_trial":false,"path_per_floor":["M","?","?","M","M","R","M","R","T","E","R","?","M","M","R","B",null,"M","$","?","$","?","R","?","E","T","R","E","M","$","?","R","B",null,"M","M","$","M","?","R","?","M","T","$","M","E","?","E","R","B",null],"character_chosen":"WATCHER","items_purchased":["Vault"],"campfire_rested":1,"item_purchase_floors":[30],"current_hp_per_floor":[62,67,67,63,56,56,21,44,44,46,46,77,66,57,57,50,70,58,58,58,58,58,58,44,28,28,28,37,45,45,45,45,45,73,73,73,73,73,73,73,73,42,42,42,52,62,62,53,53,54],"gold":212,"neow_bonus":"BOSS_RELIC","is_daily":false,"chose_seed":false,"campfire_upgraded":7,"win_rate":0.0,"timestamp":1610510155,"path_taken":["M","?","?","M","?","R","M","R","T","E","R","?","M","M","R","BOSS","M","?","?","$","?","R","?","E","T","R","E","M","$","?","R","BOSS","M","M","$","M","?","R","?","M","T","?","M","E","?","E","R","BOSS"],"items_purchased_type":["Card"],"build_version":"2020-12-22","purchased_purges":3,"victory":true,"max_hp_per_floor":[72,77,77,77,77,77,77,77,77,77,77,77,77,77,77,77,77,77,77,77,77,77,77,82,82,82,82,82,82,82,82,82,82,82,82,82,82,82,82,82,82,82,82,82,92,102,102,102,102,102],"card_choices":[{"not_picked":["EmptyBody","FollowUp"],"picked":"Tantrum","floor":1.0},{"not_picked":["SashWhip","Evaluate"],"picked":"Worship","floor":4.0},{"not_picked":["Halt","CutThroughFate"],"picked":"Alpha","floor":5.0},{"not_picked":["Protect","Crescendo"],"picked":"InnerPeace","floor":7.0},{"not_picked":["Tantrum","Devotion","FollowUp"],"picked":"SKIP","floor":10.0},{"not_picked":["Evaluate","EmptyBody"],"picked":"LikeWater","floor":13.0},{"not_picked":["CutThroughFate","Halt","Prostrate"],"picked":"SKIP","floor":14.0},{"not_picked":["ConjureBlade","Ragnarok"],"picked":"SpiritShield","floor":16.0},{"not_picked":["Crescendo","Conclude"],"picked":"Nirvana+1","floor":18.0},{"not_picked":["SashWhip","JustLucky","TalkToTheHand"],"picked":"SKIP","floor":25.0},{"not_picked":["Crescendo","Indignation+1"],"picked":"Sanctity+1","floor":28},{"not_picked":["Protect","ThirdEye","SandsOfTime"],"picked":"SKIP","floor":29},{"not_picked":["Wish","Establishment"],"picked":"DevaForm","floor":33},{"not_picked":["FollowUp+1","JustLucky","Crescendo"],"picked":"SKIP","floor":35},{"not_picked":["EmptyBody+1","ClearTheMind"],"picked":"Sanctity+1","floor":36},{"not_picked":["CutThroughFate+1","Study+1","FlurryOfBlows"],"picked":"SKIP","floor":38},{"not_picked":["Conclude","ThirdEye","InnerPeace+1"],"picked":"SKIP","floor":42},{"not_picked":["Worship+1","FollowUp+1"],"picked":"Meditate+1","floor":45},{"not_picked":["Conclude","CutThroughFate+1","CarveReality"],"picked":"SKIP","floor":46},{"not_picked":["Deep Breath","Master of Strategy"],"picked":"Purity","floor":47},{"not_picked":["Protect+1","CrushJoints+1","ForeignInfluence+1"],"picked":"SKIP","floor":48}],"player_experience":1877699,"relics_obtained":[{"floor":9.0,"key":"Meat on the Bone"},{"floor":10.0,"key":"Juzu Bracelet"},{"floor":25.0,"key":"Lantern"},{"floor":26.0,"key":"Happy Flower"},{"floor":28,"key":"Damaru"},{"floor":43,"key":"White Beast Statue"},{"floor":46,"key":"Vajra"},{"floor":48,"key":"Shuriken"}],"event_choices":[{"damage_healed":0.0,"max_hp_gain":5.0,"max_hp_loss":0.0,"gold_gain":0.0,"event_name":"Big Fish","player_choice":"Donut","floor":2.0,"gold_loss":0.0,"damage_taken":0.0},{"damage_healed":0.0,"max_hp_gain":0.0,"max_hp_loss":0.0,"gold_gain":0.0,"cards_transformed":["Strike_P"],"event_name":"Living Wall","player_choice":"Change","floor":3.0,"gold_loss":0.0,"damage_taken":0.0,"cards_obtained":["Weave"]},{"cards_removed":["Weave"],"damage_healed":31.0,"max_hp_gain":0.0,"max_hp_loss":0.0,"gold_gain":0.0,"event_name":"Bonfire Elementals","player_choice":"Offered Uncommon","floor":12.0,"gold_loss":0.0,"damage_taken":0.0},{"damage_healed":0.0,"max_hp_gain":0.0,"max_hp_loss":0.0,"gold_gain":0.0,"event_name":"Wheel of Change","player_choice":"Cursed","floor":20.0,"gold_loss":0.0,"damage_taken":0.0,"cards_obtained":["Decay"]},{"damage_healed":0.0,"max_hp_gain":0.0,"max_hp_loss":0.0,"gold_gain":0.0,"event_name":"Back to Basics","player_choice":"Simplicity","floor":22.0,"gold_loss":0.0,"damage_taken":0.0,"cards_upgraded":["Strike_P","Strike_P","Strike_P","Defend_P","Defend_P","Defend_P","Defend_P"]},{"damage_healed":0.0,"max_hp_gain":5.0,"max_hp_loss":0.0,"gold_gain":0.0,"event_name":"Forgotten Altar","player_choice":"Shed Blood","floor":24.0,"gold_loss":0.0,"damage_taken":19.0},{"damage_healed":0,"gold_gain":0,"player_choice":"Fight","damage_taken":0,"max_hp_gain":0,"max_hp_loss":0,"event_name":"Colosseum","floor":31,"gold_loss":0},{"damage_healed":0,"gold_gain":0,"player_choice":"Fled From Nobs","damage_taken":0,"max_hp_gain":0,"max_hp_loss":0,"event_name":"Colosseum","floor":31,"gold_loss":0},{"damage_healed":0,"gold_gain":0,"player_choice":"Ignored","damage_taken":0,"max_hp_gain":0,"max_hp_loss":0,"event_name":"Tomb of Lord Red Mask","floor":39,"gold_loss":0},{"damage_healed":0,"gold_gain":0,"player_choice":"Ignored","damage_taken":0,"max_hp_gain":0,"max_hp_loss":0,"event_name":"Mysterious Sphere","floor":41,"gold_loss":0},{"damage_healed":0,"gold_gain":0,"player_choice":"Memory 1","damage_taken":0,"max_hp_gain":0,"max_hp_loss":0,"event_name":"SensoryStone","floor":47,"gold_loss":0}],"is_beta":false,"boss_relics":[{"not_picked":["Runic Dome","Calling Bell"],"picked":"Coffee Dripper"},{"not_picked":["Cursed Key","Tiny House"],"picked":"SacredBark"}],"items_purged_floors":[19,21,37],"is_endless":false,"potions_floor_spawned":[4,7,14,16,18,28,31,35,42,45,46,48],"ascension_level":7}}