{"host":"okzzojfld2krd5j7","time":1610538415,"event":{"mods":["Astrologer","BaseMod","Better Third Choice","Downfall","Googly Eyes","Minty Spire (QoL Compilation)","Rare Cards Sparkle","Relic Stats","Replay The Spire","Robot Space Explorer","Spicy Shops","StSLib","The Dragon Tamer","The Hayseed","The Marked","The Problem Sleuth","TheLocksmith","Wandering Minibosses","vexMod"],"gold_per_floor":[14,114,134,6,17,17,46,46,92,111,137,137,148,163,163,268,268,284,27,37,50,50,50],"floor_reached":22,"language":"ENG","playtime":1105,"items_purged":[],"score":198,"play_id":"a95a2c27-a69c-44b3-9b21-a266174230a7","local_time":"20210113124655","is_ascension_mode":false,"campfire_choices":[{"floor":6,"key":"RECALL"},{"data":"theMarked:ChannelForce","floor":8,"key":"SMITH"},{"data":"theMarked:ParalyzingBlade","floor":12,"key":"SMITH"},{"floor":15,"key":"REST"}],"circlet_count":0,"master_deck":["theMarked:Strike","theMarked:Strike","theMarked:Strike","theMarked:Strike","theMarked:Strike","theMarked:Defend","theMarked:Defend","theMarked:Defend","theMarked:Defend","theMarked:SoldierOfQuellstein+1","theMarked:ChannelForce+1","theMarked:TakeCover","theMarked:ComboAttacks+1","theMarked:ChainLightning","theMarked:Improvise+1","theMarked:Static+1","theMarked:ParalyzingBlade+1","theMarked:SwordAndMagic","theMarked:ChannelForce+1","theMarked:Improvise+1","theMarked:Improvise+1"],"relics":["theMarked:ArtifactOfAir","Blood Vial","Akabeko","Potion Belt","vexMod:ImprovementManual","Bottled Lightning"],"acts_visited":["Exordium","TheCity"],"potions_floor_usage":[16,22,22],"damage_taken":[{"damage":1,"enemies":"Jaw Worm","floor":1,"turns":4},{"damage":9,"enemies":"Cultist","floor":3,"turns":4},{"damage":4,"enemies":"2 Louse","floor":5,"turns":3},{"damage":24,"enemies":"Gremlin Nob","floor":7,"turns":4},{"damage":0,"enemies":"2 Fungi Beasts","floor":10,"turns":2},{"damage":10,"enemies":"Lagavulin","floor":11,"turns":6},{"damage":1,"enemies":"3 Louse","floor":13,"turns":3},{"damage":8,"enemies":"Gremlin Gang","floor":14,"turns":5},{"damage":37,"enemies":"The Guardian","floor":16,"turns":11},{"damage":25,"enemies":"2 Thieves","floor":18,"turns":3},{"damage":10,"enemies":"Shell Parasite","floor":20,"turns":4},{"damage":27,"enemies":"Cultist and Chosen","floor":21,"turns":5},{"damage":20,"enemies":"Chosen and Byrds","floor":22,"turns":3}],"seed_played":"4017488185620807158","potions_obtained":[{"floor":3,"key":"Strength Potion"},{"floor":10,"key":"Block Potion"},{"floor":13,"key":"LiquidBronze"},{"floor":16,"key":"PowerPotion"},{"floor":21,"key":"Swift Potion"}],"is_trial":false,"path_per_floor":["M","?","M","$","M","R","E","R","T","M","E","R","M","M","R","B",null,"M","$","M","M","M"],"character_chosen":"THE_DEFAULT","items_purchased":["theMarked:ComboAttacks","theMarked:ChainLightning","Bottled Lightning"],"campfire_rested":1,"item_purchase_floors":[4,4,19],"current_hp_per_floor":[69,69,60,60,56,56,32,32,32,34,26,26,27,21,42,7,70,45,45,37,12,0,0],"gold":50,"neow_bonus":"THREE_RARE_CARDS","is_daily":false,"chose_seed":false,"campfire_upgraded":2,"win_rate":0.0,"timestamp":1610538415,"path_taken":["M","?","M","?","M","R","E","R","T","M","E","R","?","M","R","BOSS","M","$","M","M","M"],"items_purchased_type":["Card","Card","Relic"],"build_version":"2020-12-22","purchased_purges":0,"victory":false,"max_hp_per_floor":[70,70,70,70,70,70,70,70,70,70,70,70,70,70,70,70,70,70,70,70,70,70,70],"relic_stats":{"Blood Vial":16,"counters":[13,57],"obtain_stats":[{"Blood Vial":7,"Potion Belt":11,"theMarked:ArtifactOfAir":0,"Bottled Lightning":19,"Akabeko":9,"vexMod:ImprovementManual":17},{"Blood Vial":4,"Potion Belt":6,"theMarked:ArtifactOfAir":0,"Bottled Lightning":10,"Akabeko":4,"vexMod:ImprovementManual":9},{"Blood Vial":15,"Potion Belt":23,"theMarked:ArtifactOfAir":0,"Bottled Lightning":45,"Akabeko":15,"vexMod:ImprovementManual":42}]},"card_choices":[{"not_picked":["theMarked:Abjuration","theMarked:Challenge"],"picked":"theMarked:ChannelForce","floor":0},{"not_picked":["theMarked:TwofoldDefense","theMarked:DeterminationOfTheMarked","theMarked:Frustration"],"picked":"SKIP","floor":1},{"not_picked":["theMarked:Frustration","theMarked:Parkour"],"picked":"theMarked:TakeCover","floor":3},{"not_picked":["theMarked:ElectricStrings","theMarked:WastefulDefense"],"picked":"theMarked:Improvise","floor":5},{"not_picked":["theMarked:Aftermath","theMarked:TwofoldDefense"],"picked":"theMarked:Static","floor":7},{"not_picked":["theMarked:EnhanceMovement","theMarked:WastefulDefense"],"picked":"theMarked:ParalyzingBlade","floor":10},{"not_picked":["theMarked:ChainLightning","theMarked:TwofoldDefense"],"picked":"theMarked:SwordAndMagic","floor":11},{"not_picked":["theMarked:WastefulAttack","theMarked:ReduceFriction","theMarked:Convert"],"picked":"SKIP","floor":13},{"not_picked":["theMarked:WardOff","theMarked:Defy","theMarked:DeterminationOfTheMarked"],"picked":"SKIP","floor":14},{"not_picked":["theMarked:BindingBlade","theMarked:ThrowWeapon"],"picked":"theMarked:ChannelForce","floor":16},{"not_picked":["theMarked:Aftermath","theMarked:ResourceFulStrike"],"picked":"theMarked:Improvise+1","floor":18},{"not_picked":["theMarked:Seal","theMarked:ElectricStrings+1","theMarked:WastefulAttack"],"picked":"SKIP","floor":20},{"not_picked":["theMarked:StartUp","theMarked:ChainLightning"],"picked":"theMarked:Improvise+1","floor":21}],"player_experience":691150,"relics_obtained":[{"floor":7,"key":"Blood Vial"},{"floor":9,"key":"Akabeko"},{"floor":11,"key":"Potion Belt"}],"event_choices":[{"damage_healed":0,"gold_gain":100,"player_choice":"Pray","damage_taken":0,"max_hp_gain":0,"max_hp_loss":0,"event_name":"Golden Shrine","floor":2,"gold_loss":0}],"is_beta":false,"boss_relics":[{"not_picked":["Replay:Drink Me","vexMod:MegatonBomb"],"picked":"vexMod:ImprovementManual"}],"items_purged_floors":[],"is_endless":false,"potions_floor_spawned":[3,10,13,16,21],"killed_by":"Chosen and Byrds","ascension_level":0}}