{"host":"j683o6xmdzvsisft","time":1610565962,"event":{"mods":["AchievementEnabler","BaseMod","BetterRewards","Colored Map","Colored Powertips","Highlight Path","Hubris","Infinite Spire","Minty Spire (QoL Compilation)","Quick Restart","Rare Cards Sparkle","Replay The Spire","Shop Mod","StSLib","The Animator","The Servant 0.9.4"],"gold_per_floor":[119,45,45,55,67,67,81,101,178,211,222,240,240,299,299,394,394,411,411,411,336,94,94,122,122,173,173,198,215,71,102,102,199,199,216,235,235,235],"floor_reached":37,"language":"ZHT","playtime":3126,"items_purged":[],"score":552,"play_id":"b876e587-2d76-4431-b208-98c5b284d653","local_time":"20210114032602","is_ascension_mode":false,"campfire_choices":[{"data":"Defy","floor":6.0,"key":"SMITH"},{"floor":15.0,"key":"REST"},{"data":"infinitespire:FutureSight","floor":23.0,"key":"SMITH"},{"data":"Sunlight","floor":25.0,"key":"SMITH"},{"data":"infinitespire:Gouge","floor":27.0,"key":"SMITH"},{"floor":32.0,"key":"REST"}],"circlet_count":0,"master_deck":["Strike_S","Strike_S","Strike_S+1","Strike_S","Defend_S","Defend_S","Defend_S","Defend_S","KidneyShot","Exchange","Rearm","FanOfKnives+1","Comet","GearUp","Replace","Moonlight","Rearm","Sabotage","Luminosity","Revamp","Defy+1","ReturningBlade","ForgedInTime","Dilation+1","DoubleEdge","Contraction","Sunlight+1","Spin","infinitespire:FutureSight+1","infinitespire:Gouge+1","SilverBlades+1","KillingDoll","Contraction","MoonPhase","ShatteredReality","Starlight","SpecialFormula","SoulSculpture","ReplayTheSpireMod:Faulty Equipment","ReplayTheSpireMod:Restless Dread","Clumsy","InstantArmor+1","BottledTime+1"],"relics":["Uniform","infinitespire:Lucky Rock","Orrery","hubris:CrystalStatue","infinitespire:Eraser","hubris:TerracottaHorce","BargainBundle","Ring of Searing","hubris:PeanutButter","Replay:Wax Seal","Pen Nib","Lizard Tail","InkBottle","Replay:Ancient Bell","PreservedInsect","Snack Pack","infinitespire:Joker Card"],"acts_visited":["Exordium","TheCity","TheBeyond"],"potions_floor_usage":[],"damage_taken":[{"damage":0.0,"enemies":"Jaw Worm","floor":1.0,"turns":2.0},{"damage":0.0,"enemies":"Cultist","floor":4.0,"turns":3.0},{"damage":0.0,"enemies":"Small Slimes","floor":5.0,"turns":2.0},{"damage":10.0,"enemies":"Looter","floor":7.0,"turns":4.0},{"damage":5.0,"enemies":"Blue Slaver","floor":8.0,"turns":5.0},{"damage":0.0,"enemies":"3 Sentries","floor":10.0,"turns":5.0},{"damage":0.0,"enemies":"Large Slime","floor":11.0,"turns":3.0},{"damage":4.0,"enemies":"Exordium Wildlife","floor":12.0,"turns":4.0},{"damage":0.0,"enemies":"Fading Forest","floor":16.0,"turns":11.0},{"damage":2.0,"enemies":"Spheric Guardian","floor":18.0,"turns":4.0},{"damage":11.0,"enemies":"Gremlin Leader","floor":24.0,"turns":5.0},{"damage":30.0,"enemies":"Slavers","floor":28.0,"turns":4.0},{"damage":0.0,"enemies":"Shell Parasite","floor":29.0,"turns":2.0},{"damage":16.0,"enemies":"Book of Stabbing","floor":31.0,"turns":4.0},{"damage":47.0,"enemies":"Collector","floor":33.0,"turns":8.0},{"damage":30.0,"enemies":"Orb Walker","floor":35.0,"turns":4.0},{"damage":23,"enemies":"3 Shapes","floor":36,"turns":4},{"damage":41,"enemies":"Spire Growth","floor":37,"turns":4}],"seed_played":"-1292112037225153592","potions_obtained":[{"floor":1.0,"key":"Reflective Coating"},{"floor":8.0,"key":"SkillPotion"},{"floor":12.0,"key":"Dexterity Potion"},{"floor":16.0,"key":"Adrenaline Potion"},{"floor":18.0,"key":"SkillPotion"},{"floor":24.0,"key":"Regen Potion"},{"floor":31.0,"key":"Regen Potion"},{"floor":33.0,"key":"LifebloodPotion"},{"floor":36,"key":"GamblersBrew"}],"is_trial":false,"path_per_floor":["M","$","?","M","M","R","M","M","T","E","M","M","?","?","R","B",null,"M","AVR","?","?","$","R","E","R","T","R","E","M","$","E","R","B",null,"M","M","M"],"character_chosen":"THE_SERVANT","items_purchased":["infinitespire:Lucky Rock","Rearm","FanOfKnives","Orrery","Luminosity","hubris:PeanutButter","MoonPhase","ShatteredReality","Starlight"],"campfire_rested":2,"item_purchase_floors":[0,0,0,0,2,22,30,30,30],"current_hp_per_floor":[34,34,34,34,34,34,24,19,19,19,19,15,2,2,21,31,57,55,55,55,55,55,55,44,44,44,44,26,26,26,10,29,2,49,21,32,0,0],"gold":235,"neow_bonus":"","is_daily":false,"chose_seed":false,"campfire_upgraded":4,"win_rate":0.0,"timestamp":1610565962,"path_taken":["M","$","?","?","M","R","M","M","T","E","M","M","?","?","R","BOSS","M","AVR","?","?","$","R","E","R","T","R","E","M","?","E","R","BOSS","M","?","M"],"items_purchased_type":["Relic","Card","Card","Relic","Card","Relic","Card","Card","Card"],"build_version":"2020-12-22","purchased_purges":0,"victory":false,"max_hp_per_floor":[65,65,65,65,65,65,65,65,65,65,65,65,65,65,65,65,65,65,65,65,65,65,65,65,65,65,65,65,65,65,65,65,65,65,65,65,65,65],"card_choices":[{"not_picked":["DoubleEdge","SpecialFormula"],"picked":"Comet","floor":0.0},{"not_picked":["Starlight","Ricochet"],"picked":"GearUp","floor":0.0},{"not_picked":["Duplication","Potential"],"picked":"Replace","floor":0.0},{"not_picked":["Starlight","Alleviate"],"picked":"Moonlight","floor":0.0},{"not_picked":["Rewind","Ricochet"],"picked":"Rearm","floor":0.0},{"not_picked":["WasteNot","Moonlight"],"picked":"Sabotage","floor":1.0},{"not_picked":["Starlight","TimeWarp"],"picked":"Revamp","floor":4.0},{"not_picked":["Replace","Luminosity"],"picked":"Defy","floor":5.0},{"not_picked":["BottledTime","Unruled"],"picked":"ReturningBlade","floor":7.0},{"not_picked":["Ricochet","GearUp"],"picked":"ForgedInTime","floor":8.0},{"not_picked":["Unruled","Starlight"],"picked":"Dilation","floor":10.0},{"not_picked":["SpecialFormula","Starlight"],"picked":"DoubleEdge","floor":11.0},{"not_picked":["Ricochet","FastForward"],"picked":"Contraction","floor":12.0},{"not_picked":["MurderousAura","Solidify"],"picked":"Sunlight","floor":16.0},{"not_picked":["Alleviate","Ricochet"],"picked":"Spin","floor":18.0},{"not_picked":["Ricochet","Starlight"],"picked":"SilverBlades+1","floor":24.0},{"not_picked":["Revamp+1","ShatteredReality"],"picked":"KillingDoll","floor":28.0},{"not_picked":["TimeWarp","FastForward+1"],"picked":"Contraction","floor":29.0},{"not_picked":["Revamp+1","FanOfKnives"],"picked":"SpecialFormula","floor":31.0},{"not_picked":["KillingDoll","ForgedInTime"],"picked":"SoulSculpture","floor":33.0},{"not_picked":["Voices","Hallucinations"],"picked":"ReplayTheSpireMod:Faulty Equipment","floor":34.0},{"not_picked":["Parasite","Pain"],"picked":"ReplayTheSpireMod:Restless Dread","floor":34.0},{"not_picked":["Decay","Writhe"],"picked":"Clumsy","floor":34.0},{"not_picked":["Rearm+1","SoulSculpture"],"picked":"InstantArmor+1","floor":35.0},{"not_picked":["Revamp","Shuttle"],"picked":"BottledTime+1","floor":36}],"player_experience":101026,"relics_obtained":[{"floor":9.0,"key":"hubris:CrystalStatue"},{"floor":10.0,"key":"infinitespire:Eraser"},{"floor":20.0,"key":"Ring of Searing"},{"floor":24.0,"key":"Replay:Wax Seal"},{"floor":26.0,"key":"Pen Nib"},{"floor":28.0,"key":"Lizard Tail"},{"floor":31.0,"key":"InkBottle"}],"event_choices":[{"damage_healed":0.0,"max_hp_gain":0.0,"max_hp_loss":0.0,"gold_gain":0.0,"event_name":"Upgrade Shrine","player_choice":"Upgraded","floor":3.0,"gold_loss":0.0,"damage_taken":0.0,"cards_upgraded":["FanOfKnives"]},{"damage_healed":0.0,"max_hp_gain":0.0,"max_hp_loss":0.0,"gold_gain":0.0,"event_name":"Shining Light","player_choice":"Entered Light","floor":13.0,"gold_loss":0.0,"damage_taken":13.0,"cards_upgraded":["Dilation","Strike_S"]},{"damage_healed":0.0,"max_hp_gain":0.0,"max_hp_loss":0.0,"gold_gain":59.0,"event_name":"Golden Wing","player_choice":"Gained Gold","floor":14.0,"gold_loss":0.0,"damage_taken":0.0},{"cards_removed":["Doubt"],"damage_healed":0.0,"max_hp_gain":0.0,"max_hp_loss":0.0,"gold_gain":0.0,"event_name":"Beggar","player_choice":"Gave Gold","floor":21.0,"gold_loss":75.0,"damage_taken":0.0}],"is_beta":false,"boss_relics":[{"not_picked":["Ectoplasm","hubris:BlackHole"],"picked":"hubris:TerracottaHorce"},{"not_picked":["Busted Crown","hubris:HollowSoul"],"picked":"Replay:Ancient Bell"},{"not_picked":["Regal Pillow","Vajra"],"picked":"PreservedInsect"},{"not_picked":["Replay:WaspNest","Pear"],"picked":"Snack Pack"},{"not_picked":["hubris:Teleporter","infinitespire:Golems Mask"],"picked":"infinitespire:Joker Card"}],"items_purged_floors":[],"is_endless":false,"potions_floor_spawned":[1,8,12,16,18,24,31,33,36],"killed_by":"Spire Growth","ascension_level":0}}