{"host":"ds1yr10zonoc6w4a","time":1610507665,"event":{"mods":["BaseMod","Better Match","Better Third Choice","BetterRewards","Energized Spire","Minty Spire (QoL Compilation)","StSLib","The Animator"],"gold_per_floor":[127,127,127,27,52,52,84,113,113,113,154,233,233,243,243,329,329,346,360,360,3,3,3,3,3],"floor_reached":24,"language":"ENG","playtime":2349,"items_purged":["animator:Strike","animator:Strike","animator:Strike"],"score":569,"play_id":"ce218167-a40f-415c-aeed-23836d601cfb","local_time":"20210112201425","is_ascension_mode":true,"campfire_choices":[{"data":"animator:DolaSchwi","floor":6,"key":"SMITH"},{"data":"animator:Shinoa","floor":10,"key":"SMITH"},{"floor":13,"key":"REST"},{"data":"animator:DolaCouronne","floor":15,"key":"SMITH"},{"data":"animator:Geryuganshoop","floor":23,"key":"SMITH"}],"circlet_count":0,"master_deck":["AscendersBane","animator:Strike_NoGameNoLife","animator:DolaSchwi+1","animator:DolaCouronne+1","animator:Patchouli","animator:Mitsuba","animator:Geryuganshoop+1","animator:Mikaela","animator:Shinoa+1","animator:LizardPriest","animator:Sora","animator:Shigure","animator:CowGirl","animator:Greed","animator:Scar","animator:Shiro","animator:Yuuichirou","animator:Mikaela"],"relics":["animator:LivingPicture","animator:TheMissingPiece","animator:PurgingStone","animator:AlchemistGlove","animator:HeavyHalberd","Cursed Key"],"acts_visited":["Exordium","TheCity"],"potions_floor_usage":[7,16,18],"damage_taken":[{"damage":3,"enemies":"Cultist","floor":1,"turns":4},{"damage":9,"enemies":"2 Louse","floor":5,"turns":2},{"damage":29,"enemies":"3 Sentries","floor":7,"turns":11},{"damage":0,"enemies":"Jaw Worm","floor":8,"turns":3},{"damage":0,"enemies":"Exordium Wildlife","floor":14,"turns":3},{"damage":20,"enemies":"The Guardian","floor":16,"turns":9},{"damage":16,"enemies":"Chosen","floor":18,"turns":5},{"damage":0,"enemies":"Spheric Guardian","floor":19,"turns":3},{"damage":36,"enemies":"Cultist and Chosen","floor":24,"turns":5}],"seed_played":"4945747252812319294","potions_obtained":[{"floor":1,"key":"Dexterity Potion"},{"floor":8,"key":"Block Potion"},{"floor":18,"key":"Fruit Juice"}],"is_trial":false,"path_per_floor":["M","?","?","$","M","R","E","M","T","R","?","?","R","M","R","B",null,"M","M","?","$","?","R","M"],"character_chosen":"THE_ANIMATOR","items_purchased":["animator:Patchouli","animator:Shiro","animator:Yuuichirou"],"campfire_rested":1,"item_purchase_floors":[0,21,21],"current_hp_per_floor":[51,51,40,40,31,31,3,3,3,3,3,3,21,21,21,1,46,36,36,36,36,36,36,0,0],"gold":3,"neow_bonus":"","is_daily":false,"chose_seed":false,"campfire_upgraded":4,"win_rate":0.0,"timestamp":1610507665,"path_taken":["M","?","?","?","M","R","E","?","T","R","?","?","R","M","R","BOSS","M","M","?","$","?","R","M"],"items_purchased_type":["Card","Card","Card"],"build_version":"2020-12-22","purchased_purges":3,"victory":false,"max_hp_per_floor":[60,60,60,60,60,60,61,61,61,61,61,61,61,61,61,61,61,67,67,67,67,67,67,67,67],"card_choices":[{"not_picked":["animator:Shinoa","animator:Jibril"],"picked":"animator:Mitsuba","floor":1},{"not_picked":["animator:IzunaHatsuse","animator:Archer"],"picked":"animator:Geryuganshoop","floor":5},{"not_picked":["animator:Azekura","animator:MamiTomoe"],"picked":"animator:Mikaela","floor":7},{"not_picked":["animator:Yuuichirou","animator:HiiragiShinya"],"picked":"animator:Shinoa","floor":8},{"not_picked":["animator:KrulTepes","animator:DolaCouronne"],"picked":"animator:LizardPriest","floor":14},{"not_picked":["animator:Father","animator:SwordMaiden"],"picked":"animator:Sora","floor":16},{"not_picked":["animator:Azekura","animator:HiiragiShinya"],"picked":"animator:Shigure","floor":18},{"not_picked":["animator:MumenRider","animator:SilverFang"],"picked":"animator:CowGirl","floor":19}],"player_experience":740995,"relics_obtained":[{"floor":7,"key":"animator:HeavyHalberd"}],"event_choices":[{"cards_removed":["animator:Defend"],"damage_healed":0,"gold_gain":0,"player_choice":"Forget","damage_taken":0,"max_hp_gain":0,"max_hp_loss":0,"event_name":"Living Wall","floor":2,"gold_loss":0},{"damage_healed":0,"gold_gain":0,"player_choice":"Relic ","damage_taken":11,"max_hp_gain":0,"max_hp_loss":0,"event_name":"betterThird:BetterScrap","floor":3,"gold_loss":0,"cards_obtained":["Brilliance"]},{"damage_healed":0,"gold_gain":79,"player_choice":"Gained Gold","damage_taken":0,"max_hp_gain":0,"max_hp_loss":0,"event_name":"Golden Wing","floor":12,"gold_loss":0},{"damage_healed":0,"gold_gain":0,"cards_transformed":["animator:Defend","animator:Defend"],"player_choice":"Became Test Subject","damage_taken":0,"max_hp_gain":0,"max_hp_loss":0,"event_name":"Drug Dealer","floor":20,"gold_loss":0,"cards_obtained":["animator:Greed","animator:Scar"]},{"damage_healed":0,"gold_gain":0,"player_choice":"Read","damage_taken":0,"max_hp_gain":0,"max_hp_loss":0,"event_name":"The Library","floor":22,"gold_loss":0,"cards_obtained":["animator:Mikaela"]}],"is_beta":false,"boss_relics":[{"not_picked":["energizedSpire:OgreHead","energizedSpire:StickyHand"],"picked":"Cursed Key"}],"items_purged_floors":[0,4,21],"is_endless":false,"potions_floor_spawned":[1,8,18],"killed_by":"Cultist and Chosen","ascension_level":19}}