{"host":"4rvakrj1idbgia3f","time":1610553502,"event":{"mods":["BaseMod","Colored Map","Colored Powertips","DeckTracker","Highlight Path","Minty Spire (QoL Compilation)","Random Character Button","StSLib"],"gold_per_floor":[113,113,130,55,69,69,101,101,101,376,395,243,243,20,20,20,20],"floor_reached":16,"language":"JPN","playtime":326,"items_purged":["Regret"],"score":196,"play_id":"2ced8940-d071-4003-9c7f-411106b429e7","local_time":"20210114005822","is_ascension_mode":true,"campfire_choices":[{"data":"Wild Strike","floor":6,"key":"SMITH"},{"data":"Bash","floor":8,"key":"SMITH"},{"data":"Cleave","floor":13,"key":"SMITH"},{"data":"True Grit","floor":15,"key":"SMITH"}],"circlet_count":0,"master_deck":["AscendersBane","Strike_R","Strike_R","Strike_R","Strike_R","Strike_R","Defend_R+1","Defend_R","Defend_R+1","Bash+1","Madness","Wild Strike+1","Power Through","Shrug It Off","Cleave+1","Feel No Pain","True Grit+1"],"relics":["Burning Blood","War Paint","Centennial Puzzle","Meat on the Bone","Chemical X"],"acts_visited":["Exordium"],"potions_floor_usage":[7],"damage_taken":[{"damage":12,"enemies":"Jaw Worm","floor":1,"turns":3},{"damage":6,"enemies":"Small Slimes","floor":3,"turns":4},{"damage":6,"enemies":"Cultist","floor":5,"turns":3},{"damage":32,"enemies":"Gremlin Nob","floor":7,"turns":4},{"damage":17,"enemies":"Red Slaver","floor":11,"turns":4},{"damage":35,"enemies":"Slime Boss","floor":16,"turns":3}],"seed_played":"3306864473644378496","potions_obtained":[{"floor":1,"key":"Dexterity Potion"},{"floor":3,"key":"FearPotion"}],"is_trial":false,"path_per_floor":["M","?","M","?","M","R","E","R","T","?","M","$","R","$","R","B"],"character_chosen":"IRONCLAD","items_purchased":["Feel No Pain","True Grit","Chemical X"],"campfire_rested":0,"item_purchase_floors":[12,14,14],"current_hp_per_floor":[62,44,44,44,44,44,18,18,18,18,19,19,19,19,19,0,0],"gold":20,"neow_bonus":"RANDOM_COLORLESS","is_daily":false,"chose_seed":false,"campfire_upgraded":4,"win_rate":0.0,"timestamp":1610553502,"path_taken":["M","?","M","?","M","R","E","R","T","?","?","?","R","?","R","BOSS"],"items_purchased_type":["Card","Card","Relic"],"build_version":"2020-12-22","purchased_purges":1,"victory":false,"max_hp_per_floor":[75,75,75,75,75,75,75,75,75,75,75,75,75,75,75,75,75],"card_choices":[{"not_picked":["Good Instincts","Forethought"],"picked":"Madness","floor":0},{"not_picked":["Heavy Blade","Flex"],"picked":"Wild Strike","floor":1},{"not_picked":["Infernal Blade","Heavy Blade"],"picked":"Power Through","floor":3},{"not_picked":["Headbutt","Perfected Strike"],"picked":"Shrug It Off","floor":5},{"not_picked":["Limit Break","Fiend Fire"],"picked":"Cleave","floor":7},{"not_picked":["Clash","Sword Boomerang","Hemokinesis"],"picked":"SKIP","floor":11}],"player_experience":2018529,"relics_obtained":[{"floor":7,"key":"Centennial Puzzle"},{"floor":9,"key":"Meat on the Bone"}],"event_choices":[{"damage_healed":0,"gold_gain":0,"player_choice":"Success","damage_taken":18,"relics_obtained":["War Paint"],"max_hp_gain":0,"max_hp_loss":0,"event_name":"Scrap Ooze","floor":2,"gold_loss":0},{"cards_removed":["Defend_R"],"damage_healed":0,"gold_gain":0,"player_choice":"Card Removal","damage_taken":0,"max_hp_gain":0,"max_hp_loss":0,"event_name":"The Cleric","floor":4,"gold_loss":75},{"damage_healed":0,"gold_gain":275,"player_choice":"Desecrate","damage_taken":0,"max_hp_gain":0,"max_hp_loss":0,"event_name":"Golden Shrine","floor":10,"gold_loss":0,"cards_obtained":["Regret"]}],"is_beta":false,"boss_relics":[],"items_purged_floors":[12],"is_endless":false,"potions_floor_spawned":[1,3,5],"killed_by":"Slime Boss","ascension_level":20}}