{"host":"jn2qdns2nxijvlnt","time":1610572979,"event":{"mods":["BaseMod","Minty Spire (QoL Compilation)","Quick Restart"],"gold_per_floor":[116,116,36,211,36,36,67,82,82,105,143,143,158,158,158,158,158],"floor_reached":16,"language":"ENG","playtime":2122,"items_purged":["Doubt"],"score":180,"play_id":"0d7424cf-2340-409e-89f5-32ba69a071c2","local_time":"20210113162259","is_ascension_mode":true,"campfire_choices":[{"floor":6.0,"key":"REST"},{"floor":15.0,"key":"REST"}],"circlet_count":0,"master_deck":["Strike_G","Strike_G","Strike_G","Strike_G","Strike_G","Defend_G","Defend_G","Defend_G","Defend_G","Defend_G","Survivor","Neutralize","Backflip","Terror","Deadly Poison","Flying Knee","Poisoned Stab","Dodge and Roll","Deflect","Parasite"],"relics":["Ring of the Snake","NeowsBlessing","Golden Idol","Letter Opener","Mummified Hand","MealTicket"],"acts_visited":["Exordium"],"potions_floor_usage":[],"damage_taken":[{"damage":0.0,"enemies":"Jaw Worm","floor":1.0,"turns":1.0},{"damage":0.0,"enemies":"Gremlin Nob","floor":7.0,"turns":1.0},{"damage":0.0,"enemies":"2 Louse","floor":8.0,"turns":1.0},{"damage":0.0,"enemies":"Small Slimes","floor":10.0,"turns":4.0},{"damage":17.0,"enemies":"3 Sentries","floor":11.0,"turns":8.0},{"damage":11.0,"enemies":"3 Louse","floor":13.0,"turns":3.0},{"damage":0,"enemies":"Slime Boss","floor":16,"turns":1}],"seed_played":"3281688388563346665","potions_obtained":[{"floor":10.0,"key":"Fire Potion"},{"floor":13.0,"key":"Strength Potion"}],"is_trial":false,"path_per_floor":["M","?","$","?","$","R","E","M","T","M","E","?","M","?","R","B"],"character_chosen":"THE_SILENT","items_purchased":["Terror","Deadly Poison","Flying Knee"],"campfire_rested":2,"item_purchase_floors":[3,5,5],"current_hp_per_floor":[63,46,46,46,46,67,67,67,67,67,50,50,39,56,70,70,70],"gold":158,"neow_bonus":"THREE_ENEMY_KILL","is_daily":false,"chose_seed":false,"campfire_upgraded":0,"win_rate":0.0,"timestamp":1610572979,"path_taken":["M","?","$","?","$","R","E","M","T","M","E","?","M","?","R","BOSS"],"items_purchased_type":["Card","Card","Card"],"build_version":"2020-12-22","purchased_purges":1,"victory":false,"max_hp_per_floor":[70,70,70,70,70,70,70,70,70,70,70,70,70,70,70,70,70],"card_choices":[{"not_picked":["Underhanded Strike","Quick Slash"],"picked":"Backflip","floor":1.0},{"not_picked":["Acrobatics","Backflip","Riddle With Holes"],"picked":"SKIP","floor":7.0},{"not_picked":["Blade Dance","Prepared"],"picked":"Poisoned Stab","floor":8.0},{"not_picked":["Terror","Finisher","Calculated Gamble"],"picked":"SKIP","floor":10.0},{"not_picked":["Finisher","Quick Slash"],"picked":"Dodge and Roll","floor":11.0},{"not_picked":["Bane","Escape Plan"],"picked":"Deflect","floor":13.0}],"player_experience":511942,"relics_obtained":[{"floor":7.0,"key":"Letter Opener"},{"floor":9.0,"key":"Mummified Hand"},{"floor":11.0,"key":"MealTicket"}],"event_choices":[{"damage_healed":0.0,"max_hp_gain":0.0,"max_hp_loss":0.0,"gold_gain":0.0,"event_name":"Golden Idol","player_choice":"Take Damage","floor":2.0,"gold_loss":0.0,"damage_taken":17.0,"relics_obtained":["Golden Idol"]},{"damage_healed":0.0,"max_hp_gain":0.0,"max_hp_loss":0.0,"gold_gain":175.0,"event_name":"Liars Game","player_choice":"AGREE","floor":4.0,"gold_loss":0.0,"damage_taken":0.0,"cards_obtained":["Doubt"]},{"damage_healed":0.0,"max_hp_gain":0.0,"max_hp_loss":0.0,"gold_gain":0.0,"event_name":"Dead Adventurer","player_choice":"Searched \u00270\u0027 times","floor":12.0,"gold_loss":0.0,"damage_taken":0.0},{"damage_healed":17.0,"max_hp_gain":0.0,"max_hp_loss":0.0,"gold_gain":0.0,"event_name":"Mushrooms","player_choice":"Healed and dodged fight","floor":14.0,"gold_loss":0.0,"damage_taken":0.0,"cards_obtained":["Parasite"]}],"is_beta":false,"boss_relics":[],"items_purged_floors":[5],"is_endless":false,"potions_floor_spawned":[10,13],"killed_by":"Slime Boss","ascension_level":7}}