{"host":"5ddwedapke4fsx0r","time":1610570387,"event":{"mods":["BaseMod","Better Third Choice","Downfall","Infinite Spire","Minty Spire (QoL Compilation)","Replay The Spire","Shade Mod","StSLib","The Cursed","The Servant 0.9.4"],"gold_per_floor":[99,109,109,129,148,148,148,148,148,148,175,201,201,231,251,357,357,357,357,357,193,193,193,217,217,247,260,260,260,253,296,323,435,435,360,380,392,406,23,41,41,71,88,88,105,105,105,0,19,19],"floor_reached":51,"language":"ENG","playtime":5963,"items_purged":["Injury"],"score":873,"play_id":"bdb060d5-4082-4378-ad92-6227392415f7","local_time":"20210113213947","is_ascension_mode":false,"campfire_choices":[{"data":"hexamod:Sear","floor":1.0,"key":"SMITH"},{"data":"hexamod:TimeOfNeed","floor":6.0,"key":"SMITH"},{"data":"hexamod:BurningTouch","floor":10.0,"key":"SMITH"},{"data":"hexamod:EmpoweredFlame","floor":18.0,"key":"SMITH"},{"data":"hexamod:DynamicBlow","floor":23.0,"key":"SMITH"},{"floor":29.0,"key":"REST"},{"floor":35,"key":"DIG"},{"data":"Insight","floor":44,"key":"SMITH"},{"data":"infinitespire:Collect","floor":47,"key":"SMITH"}],"circlet_count":0,"master_deck":["hexamod:Strike","hexamod:Strike","hexamod:Strike","hexamod:Strike","hexamod:Defend","hexamod:Defend","hexamod:Defend","hexamod:Defend","hexamod:Sear+1","hexamod:Float+1","hexamod:RainOfEmbers","hexamod:TimeOfNeed+1","hexamod:BurningTouch+1","hexamod:NightmareStrike+1","hexamod:EmpoweredFlame+1","hexamod:PhantomCloak+1","hexamod:DynamicBlow+1","hexamod:EtherealExpedition+1","Insight+1","hexamod:GhostflameInferno+1","hexamod:GhostflameInferno+1","hexamod:FastForward","hexamod:SearingWound+1","hexamod:SwordOfDarkness+1","hexamod:SpectersWail+1","hexamod:GhostShield+1","hexamod:SixthSeal","hexamod:Rewind+1","hexamod:Hexaguard+1","hexamod:SpectersWail+1","hexamod:SixthSeal","hexamod:HeatCrush","infinitespire:Collect+1","hexamod:TurnItUp","hexamod:GhostflameInferno","hexamod:GhostflameInferno","expansioncontent:GuardianWhirl","hexamod:EmpoweredFlame","hexamod:Hexaguard"],"relics":["hexamod:SpiritBrand","Omamori","infinitespire:FocusingShard","Centennial Puzzle","infinitespire:ShieldingShard","Replay:Ancient Bell","Toy Ornithopter","ReplayTheSpireMod:Shallot","Bird Faced Urn","Enchiridion","ReplayFunnel","infinitespire:Satchel","MutagenicStrength","Regal Pillow","Tiny Chest","Replay:Bronze Core","downfall:HeartBlessingGreen","Simple Rune","Lantern","Guide Book","StrikeDummy","Blood Vial","hexamod:TheBrokenSeal","Replay:WaspNest","BargainBundle"],"acts_visited":["Exordium","TheCity","TheBeyond"],"potions_floor_usage":[31,31,33,33,40,42,42,42,43,45,45,48,50],"damage_taken":[{"damage":0.0,"enemies":"2 Louse","floor":2.0,"turns":3.0},{"damage":0.0,"enemies":"Small Slimes","floor":4.0,"turns":3.0},{"damage":1.0,"enemies":"Jaw Worm","floor":5.0,"turns":3.0},{"damage":3.0,"enemies":"3 Sentries","floor":11.0,"turns":6.0},{"damage":9.0,"enemies":"3 Louse","floor":12.0,"turns":3.0},{"damage":3.0,"enemies":"Replay:BlueRogue","floor":14.0,"turns":3.0},{"damage":9.0,"enemies":"2 Fungi Beasts","floor":15.0,"turns":3.0},{"damage":41.0,"enemies":"downfall:Silent","floor":16.0,"turns":7.0},{"damage":0.0,"enemies":"Chosen","floor":19.0,"turns":1.0},{"damage":0.0,"enemies":"downfall:FleeingMerchant","floor":21.0,"turns":4.0},{"damage":44.0,"enemies":"Book of Stabbing","floor":26.0,"turns":7.0},{"damage":0.0,"enemies":"Snake Plant","floor":27.0,"turns":3.0},{"damage":0.0,"enemies":"downfall:FleeingMerchant","floor":30.0,"turns":4.0},{"damage":15,"enemies":"Replay:Snechameleon","floor":31,"turns":6},{"damage":0,"enemies":"Centurion and Healer","floor":32,"turns":6},{"damage":52,"enemies":"downfall:Ironclad","floor":33,"turns":10},{"damage":15,"enemies":"3 Shapes","floor":36,"turns":4},{"damage":1,"enemies":"Orb Walker","floor":37,"turns":3},{"damage":20,"enemies":"4 Shapes","floor":38,"turns":8},{"damage":0,"enemies":"downfall:FleeingMerchant","floor":39,"turns":5},{"damage":2,"enemies":"Spire Growth","floor":40,"turns":6},{"damage":32,"enemies":"Giant Head","floor":42,"turns":11},{"damage":0,"enemies":"3 Darklings","floor":43,"turns":6},{"damage":70,"enemies":"Sphere and 2 Shapes","floor":45,"turns":8},{"damage":0,"enemies":"downfall:FleeingMerchant","floor":48,"turns":3},{"damage":13,"enemies":"4 Shapes","floor":49,"turns":3},{"damage":0,"enemies":"downfall:Defect","floor":50,"turns":5}],"seed_played":"2416874020358097250","potions_obtained":[{"floor":4.0,"key":"DuplicationPotion"},{"floor":11.0,"key":"Block Potion"},{"floor":14.0,"key":"Elixir"},{"floor":15.0,"key":"Doom Potion"},{"floor":26.0,"key":"FearPotion"},{"floor":27.0,"key":"CultistPotion"},{"floor":30,"key":"sneckomod:MuddlingPotion"},{"floor":31,"key":"Explosive Potion"},{"floor":32,"key":"Guardian:BlockOnCardUsePotion"},{"floor":32,"key":"Flashbang"},{"floor":37,"key":"SpeedPotion"},{"floor":38,"key":"EssenceOfSteel"},{"floor":40,"key":"EssenceOfSteel"},{"floor":42,"key":"AttackPotion"},{"floor":42,"key":"LiquidMemories"},{"floor":43,"key":"SkillPotion"},{"floor":43,"key":"FearPotion"},{"floor":45,"key":"Elixir"}],"is_trial":false,"path_per_floor":["R","M","?","M","M","R","T","?","?","R","E","M","?","E","M","B",null,"R","M","?","$","?","R","T","?","E","M","?","R","$","E","M","B",null,"R","M","M","M","$","M","T","E","M","R","M","?","R","$","M","B",null],"character_chosen":"THE_SPIRIT","items_purchased":["ReplayFunnel","Lantern","Guide Book","Replay:WaspNest","BargainBundle","hexamod:GhostflameInferno","expansioncontent:GuardianWhirl","hexamod:EmpoweredFlame","AttackPotion","SteroidPotion"],"campfire_rested":1,"item_purchase_floors":[21,39,39,48,48,48,48,48,48,48],"current_hp_per_floor":[70,70,63,70,69,69,69,69,69,69,66,64,64,61,59,18,70,70,70,54,70,70,70,70,70,26,48,48,70,70,55,65,32,70,70,64,70,65,70,70,70,48,70,70,71,51,51,64,59,76],"gold":19,"neow_bonus":"UPGRADE_CARD","is_daily":false,"chose_seed":false,"campfire_upgraded":7,"win_rate":0.0,"timestamp":1610570387,"path_taken":["R","M","?","M","M","R","T","?","?","R","E","M","?","E","M","BOSS","R","M","?","$","?","R","T","?","E","M","?","R","$","E","M","BOSS","R","M","M","M","$","M","T","E","M","R","M","?","R","$","M","BOSS"],"items_purchased_type":["Relic","Relic","Relic","Relic","Relic","Card","Card","Card","Potion","Potion"],"build_version":"2020-12-22","purchased_purges":1,"victory":true,"max_hp_per_floor":[70,70,70,70,70,70,70,70,70,70,70,70,70,70,70,70,70,70,70,70,70,70,70,70,70,70,70,70,70,70,70,70,70,70,70,70,70,70,70,70,70,70,70,70,80,80,80,80,80,80],"card_choices":[{"not_picked":["hexamod:GhostShield","hexamod:Firestarter"],"picked":"hexamod:RainOfEmbers","floor":2.0},{"not_picked":["hexamod:NightmareGuise","hexamod:Firestarter"],"picked":"hexamod:TimeOfNeed","floor":4.0},{"not_picked":["hexamod:NightmareStrike","hexamod:Again"],"picked":"hexamod:BurningTouch","floor":5.0},{"not_picked":["hexamod:HeatShield","hexamod:FirstSeal"],"picked":"hexamod:SecondSeal","floor":11.0},{"not_picked":["hexamod:StepThrough","hexamod:Haunt"],"picked":"hexamod:NightmareStrike","floor":12.0},{"not_picked":["hexamod:SkipABeat","hexamod:TimeOfNeed"],"picked":"hexamod:EmpoweredFlame","floor":14.0},{"not_picked":["hexamod:NightmareGuise","hexamod:NecessarySacrifice","hexamod:BacktrackSmack"],"picked":"SKIP","floor":15.0},{"not_picked":["hexamod:SearingWound","hexamod:WildfireWeapon"],"picked":"hexamod:SixthSeal","floor":16.0},{"not_picked":["Doubt","CurseOfTheBell"],"picked":"Voices","floor":17.0},{"not_picked":["ReplayTheSpireMod:Doomed","Injury"],"picked":"Regret","floor":17.0},{"not_picked":["Delirium","CurseOfTheBell"],"picked":"Injury","floor":17.0},{"not_picked":["hexamod:RainOfEmbers+1","hexamod:BurningTouch"],"picked":"hexamod:PhantomCloak","floor":19.0},{"not_picked":["hexamod:EmpoweringStance","hexamod:FastForward"],"picked":"hexamod:DynamicBlow","floor":21.0},{"not_picked":["hexamod:RainOfEmbers","hexamod:SkipABeat"],"picked":"hexamod:FourthSeal","floor":26.0},{"not_picked":["hexamod:FirstSeal","hexamod:FastForward"],"picked":"hexamod:EtherealExpedition","floor":27.0},{"not_picked":["hexamod:NightmareStrike","hexamod:SpectersWail"],"picked":"hexamod:GhostflameInferno","floor":30},{"not_picked":["hexamod:RecurringNightmare","hexamod:EmpoweringStance"],"picked":"hexamod:GhostflameInferno","floor":31},{"not_picked":["hexamod:StepThrough","hexamod:SwordOfDarkness+1"],"picked":"hexamod:FastForward","floor":32},{"not_picked":["hexamod:EmpoweringStance","hexamod:SixthSeal"],"picked":"hexamod:SearingWound","floor":33},{"not_picked":["hexamod:BacktrackSmack+1","hexamod:HauntingEcho+1"],"picked":"hexamod:SwordOfDarkness","floor":36},{"not_picked":["hexamod:Haunt+1","hexamod:HauntingEcho+1"],"picked":"hexamod:ThirdSeal","floor":37},{"not_picked":["hexamod:PhantomCloak","hexamod:Haunt"],"picked":"hexamod:SpectersWail+1","floor":38},{"not_picked":["hexamod:HauntingEcho","hexamod:NightmareStrike+1"],"picked":"hexamod:GhostShield+1","floor":38},{"not_picked":["hexamod:ChargedBarrage","hexamod:ThermalTransfer","hexamod:SecondSeal"],"picked":"SKIP","floor":39},{"not_picked":["hexamod:BacktrackSmack","hexamod:BurningTouch+1"],"picked":"hexamod:SixthSeal","floor":40},{"not_picked":["hexamod:DynamicBlow","hexamod:CatchUp"],"picked":"hexamod:Rewind+1","floor":42},{"not_picked":["hexamod:ShieldOfDarkness+1","hexamod:NightmareGuise+1"],"picked":"hexamod:Hexaguard+1","floor":42},{"not_picked":["hexamod:GhostShield+1","hexamod:RainOfEmbers+1"],"picked":"hexamod:FifthSeal","floor":43},{"not_picked":["hexamod:ThirdSeal","hexamod:SwordOfDarkness"],"picked":"hexamod:SpectersWail+1","floor":43},{"not_picked":["hexamod:ThirdSeal","hexamod:SecondSeal"],"picked":"hexamod:SixthSeal","floor":45},{"not_picked":["hexamod:HauntingEcho","hexamod:BacktrackSmack+1"],"picked":"hexamod:HeatCrush","floor":45},{"not_picked":["infinitespire:Execution","infinitespire:NeuralNetwork"],"picked":"infinitespire:Collect","floor":46},{"not_picked":["hexamod:Firestarter","hexamod:AdvancingGuard"],"picked":"hexamod:TurnItUp","floor":48},{"not_picked":["hexamod:BurningTouch+1","hexamod:FourthSeal"],"picked":"hexamod:Hexaguard","floor":49}],"player_experience":419352,"relics_obtained":[{"floor":7.0,"key":"Omamori"},{"floor":9.0,"key":"infinitespire:FocusingShard"},{"floor":11.0,"key":"Centennial Puzzle"},{"floor":14.0,"key":"infinitespire:ShieldingShard"},{"floor":20.0,"key":"Enchiridion"},{"floor":24.0,"key":"infinitespire:Satchel"},{"floor":26.0,"key":"Regal Pillow"},{"floor":31,"key":"Tiny Chest"},{"floor":35,"key":"Simple Rune"},{"floor":41,"key":"StrikeDummy"},{"floor":42,"key":"Blood Vial"}],"event_choices":[{"damage_healed":0.0,"max_hp_gain":0.0,"max_hp_loss":0.0,"gold_gain":0.0,"event_name":"Drug Dealer","player_choice":"Inject Mutagens","floor":25.0,"gold_loss":0.0,"damage_taken":0.0,"relics_obtained":["MutagenicStrength"]},{"damage_healed":0.0,"max_hp_gain":0.0,"max_hp_loss":0.0,"gold_gain":0.0,"event_name":"betterThird:BetterWriting","player_choice":"Insight","floor":28.0,"gold_loss":0.0,"damage_taken":0.0,"cards_obtained":["Insight"]}],"is_beta":false,"boss_relics":[{"not_picked":["downfall:Hecktoplasm","infinitespire:Cupcake"],"picked":"Replay:Ancient Bell"},{"not_picked":["Blue Doll","Gremlin Food"],"picked":"Toy Ornithopter"},{"not_picked":["Sundial","Ornamental Fan"],"picked":"ReplayTheSpireMod:Shallot"},{"not_picked":["Unceasing Top","hexamod:SoulConsumer"],"picked":"Bird Faced Urn"},{"not_picked":["Tiny House","Astrolabe"],"picked":"Replay:Bronze Core"}],"items_purged_floors":[39],"is_endless":false,"potions_floor_spawned":[4,11,14,15,26,27,31,32,38,40,42,43,45],"ascension_level":0}}