{"host":"ga4s3hj9m6nkn6gp","time":1610562914,"event":{"mods":["AchievementEnabler","BaseMod","Bestiary","Colored Powertips","Highlight Path","Minty Spire (QoL Compilation)","Relic Stats","everything is the same but u backflip on backflip"],"gold_per_floor":[360,374,4,21,98,128,128,128,177,177,207,247,265,224,224,352,352,377,401,253,271,310,310,348,348,374,374,393,434,253,253,253,379,379,404,79,95,163,177,177,105,105,182,182,197,197,241,265,265,265,265,265,44,44,44],"floor_reached":54,"language":"ENG","playtime":3491,"items_purged":["Decay","Strike_B"],"score":1242,"play_id":"0f4f56fd-1dfd-4277-ad2f-31f512798378","local_time":"20210113193514","is_ascension_mode":true,"campfire_choices":[{"data":"Defragment","floor":7,"key":"SMITH"},{"floor":15,"key":"REST"},{"data":"Loop","floor":23,"key":"SMITH"},{"data":"Biased Cognition","floor":25,"key":"SMITH"},{"data":"Glacier","floor":27,"key":"SMITH"},{"floor":32,"key":"REST"},{"data":"Tempest","floor":40,"key":"SMITH"},{"data":"Loop","floor":42,"key":"SMITH"},{"floor":49,"key":"RECALL"},{"data":"Echo Form","floor":52,"key":"SMITH"}],"circlet_count":0,"master_deck":["Strike_B+1","Strike_B+1","Strike_B+1","Defend_B+1","Defend_B+1","Defend_B+1","Defend_B+1","Zap","Dualcast+1","Go for the Eyes","Compile Driver","Defragment+1","Echo Form+1","Turbo+1","Coolheaded","Undo","Glacier+1","Biased Cognition+1","Coolheaded+1","Coolheaded+1","Loop+1","Stack+1","Recycle+1","Tempest+1","Loop+1","Creative AI","Mayhem","Storm+1","PanicButton","Ball Lightning","Ball Lightning"],"relics":["Cracked Core","DataDisk","OrangePellets","Question Card","Ancient Tea Set","Golden Idol","Anchor","Bag of Preparation","Odd Mushroom","Symbiotic Virus","Snecko Eye","Red Mask","Tiny Chest","War Paint","Toy Ornithopter","Runic Dome","Membership Card","Happy Flower","FossilizedHelix","InkBottle","Du-Vu Doll","Omamori","Turnip"],"acts_visited":["Exordium","TheCity","TheBeyond","TheEnding"],"potions_floor_usage":[16,19,21,22,38,45,54],"damage_taken":[{"damage":1,"enemies":"Cultist","floor":1,"turns":3},{"damage":0,"enemies":"Small Slimes","floor":2,"turns":3},{"damage":4,"enemies":"Jaw Worm","floor":4,"turns":2},{"damage":12,"enemies":"Lagavulin","floor":6,"turns":6},{"damage":26,"enemies":"The Mushroom Lair","floor":11,"turns":3},{"damage":12,"enemies":"3 Sentries","floor":12,"turns":5},{"damage":0,"enemies":"3 Louse","floor":13,"turns":2},{"damage":0,"enemies":"Slime Boss","floor":16,"turns":7},{"damage":0,"enemies":"Spheric Guardian","floor":18,"turns":3},{"damage":0,"enemies":"Chosen","floor":19,"turns":4},{"damage":0,"enemies":"Centurion and Healer","floor":21,"turns":7},{"damage":35,"enemies":"Masked Bandits","floor":22,"turns":8},{"damage":0,"enemies":"Book of Stabbing","floor":24,"turns":6},{"damage":7,"enemies":"Shelled Parasite and Fungi","floor":28,"turns":7},{"damage":11,"enemies":"Slavers","floor":29,"turns":6},{"damage":0,"enemies":"Collector","floor":33,"turns":6},{"damage":13,"enemies":"3 Darklings","floor":35,"turns":6},{"damage":0,"enemies":"Orb Walker","floor":37,"turns":6},{"damage":6,"enemies":"2 Orb Walkers","floor":38,"turns":4},{"damage":0,"enemies":"Transient","floor":39,"turns":5},{"damage":9,"enemies":"Writhing Mass","floor":45,"turns":3},{"damage":0,"enemies":"Nemesis","floor":47,"turns":5},{"damage":0,"enemies":"Maw","floor":48,"turns":4},{"damage":0,"enemies":"Awakened One","floor":50,"turns":9},{"damage":72,"enemies":"Shield and Spear","floor":54,"turns":3}],"seed_played":"5630826567021535328","potions_obtained":[{"floor":1,"key":"GamblersBrew"},{"floor":2,"key":"PotionOfCapacity"},{"floor":12,"key":"SneckoOil"},{"floor":13,"key":"Weak Potion"},{"floor":18,"key":"AttackPotion"},{"floor":22,"key":"Fire Potion"},{"floor":24,"key":"Dexterity Potion"},{"floor":28,"key":"DistilledChaos"},{"floor":45,"key":"Dexterity Potion"}],"is_trial":false,"path_per_floor":["M","M","$","M","T","E","R","?","T","?","?","E","M","?","R","B",null,"M","M","$","M","?","R","E","R","T","R","M","E","$","?","R","B",null,"M","$","M","?","M","R","$","R","T","?","M","T","E","M","R","B",null,"R","$","E"],"character_chosen":"DEFECT","items_purchased":["DataDisk","OrangePellets","Defragment","Loop","Loop","Membership Card","Happy Flower","Mayhem","PanicButton","Ball Lightning","Turnip","DistilledChaos","DuplicationPotion"],"campfire_rested":2,"item_purchase_floors":[3,3,3,20,30,36,36,36,41,41,53,53,53],"current_hp_per_floor":[67,67,67,63,63,51,51,51,51,39,13,1,1,1,21,21,57,57,57,57,57,22,22,22,22,22,22,15,4,4,4,24,24,58,45,45,45,44,44,44,44,44,44,44,40,40,40,40,40,40,62,62,62,0,0],"gold":44,"neow_bonus":"TWO_FIFTY_GOLD","is_daily":false,"chose_seed":false,"campfire_upgraded":7,"win_rate":0.0,"timestamp":1610562914,"path_taken":["M","M","$","M","?","E","R","?","T","?","?","E","?","?","R","BOSS","M","M","$","M","?","R","E","R","T","R","M","E","$","?","R","BOSS","M","$","M","?","M","R","$","R","T","?","M","?","E","?","R","BOSS","R","$","E"],"items_purchased_type":["Relic","Relic","Card","Card","Card","Relic","Relic","Card","Card","Card","Relic","Potion","Potion"],"build_version":"2020-12-22","purchased_purges":2,"victory":false,"max_hp_per_floor":[75,75,75,75,75,75,75,69,69,69,69,69,69,69,69,69,69,69,69,69,69,69,69,69,69,69,69,69,69,69,69,69,69,69,69,69,69,69,69,69,69,69,69,69,69,69,69,69,69,69,69,69,69,69,69],"relic_stats":{"Happy Flower":[13],"counters":[25,121],"Golden Idol":178,"Bag of Preparation":[42],"War Paint":["Turbo","Dualcast"],"Question Card":20,"OrangePellets":[32],"Snecko Eye":[69,73,76,62],"Tiny Chest":1,"Turnip":[0],"obtain_stats":[{"Happy Flower":36,"Golden Idol":8,"Bag of Preparation":10,"Omamori":47,"Odd Mushroom":11,"War Paint":26,"Question Card":5,"Ancient Tea Set":6,"Du-Vu Doll":46,"OrangePellets":3,"Runic Dome":34,"DataDisk":3,"Anchor":9,"Snecko Eye":17,"Tiny Chest":24,"Turnip":53,"Red Mask":22,"Membership Card":36,"Cracked Core":0,"Symbiotic Virus":12,"Toy Ornithopter":29,"FossilizedHelix":38,"InkBottle":44},{"Happy Flower":17,"Golden Idol":4,"Bag of Preparation":4,"Omamori":22,"Odd Mushroom":5,"War Paint":13,"Question Card":3,"Ancient Tea Set":4,"Du-Vu Doll":21,"OrangePellets":2,"Runic Dome":16,"DataDisk":2,"Anchor":4,"Snecko Eye":8,"Tiny Chest":13,"Turnip":24,"Red Mask":12,"Membership Card":17,"Cracked Core":0,"Symbiotic Virus":6,"Toy Ornithopter":15,"FossilizedHelix":19,"InkBottle":20},{"Happy Flower":83,"Golden Idol":14,"Bag of Preparation":14,"Omamori":105,"Odd Mushroom":17,"War Paint":59,"Question Card":8,"Ancient Tea Set":14,"Du-Vu Doll":101,"OrangePellets":6,"Runic Dome":78,"DataDisk":6,"Anchor":14,"Snecko Eye":31,"Tiny Chest":59,"Turnip":118,"Red Mask":53,"Membership Card":83,"Cracked Core":0,"Symbiotic Virus":22,"Toy Ornithopter":72,"FossilizedHelix":93,"InkBottle":98}],"Toy Ornithopter":15,"InkBottle":[13]},"card_choices":[{"not_picked":["Stack","Scrape"],"picked":"Go for the Eyes","floor":1},{"not_picked":["Gash","Turbo"],"picked":"Compile Driver","floor":2},{"not_picked":["Redo","Gash"],"picked":"Echo Form","floor":4},{"not_picked":["Streamline","Rebound","Meteor Strike"],"picked":"Turbo","floor":6},{"not_picked":["Static Discharge","Go for the Eyes","Turbo"],"picked":"Coolheaded","floor":11},{"not_picked":["Turbo","Beam Cell","Leap"],"picked":"Undo","floor":12},{"not_picked":["Leap","Chill","Heatsinks"],"picked":"Glacier","floor":13},{"not_picked":["Core Surge","Creative AI","All For One"],"picked":"Biased Cognition","floor":16},{"not_picked":["Consume","Heatsinks","Barrage+1"],"picked":"Coolheaded+1","floor":18},{"not_picked":["Barrage","Streamline+1","Creative AI"],"picked":"Coolheaded+1","floor":19},{"not_picked":["Recycle","Steam","Coolheaded","Streamline"],"picked":"SKIP","floor":21},{"not_picked":["Coolheaded","Rebound","Multi-Cast"],"picked":"Stack+1","floor":24},{"not_picked":["Beam Cell","Gash","Consume"],"picked":"Recycle+1","floor":28},{"not_picked":["Conserve Battery","Glacier","Storm"],"picked":"Tempest","floor":29},{"not_picked":["Thunder Strike","Hyperbeam","Meteor Strike"],"picked":"Creative AI","floor":33},{"not_picked":["Beam Cell+1","Streamline+1","Stack","Glacier+1"],"picked":"SKIP","floor":35},{"not_picked":["Turbo+1","Leap+1","Cold Snap+1"],"picked":"Storm+1","floor":37},{"not_picked":["Cold Snap+1","Gash","Turbo+1","Ball Lightning"],"picked":"SKIP","floor":39},{"not_picked":["Amplify","Blizzard+1","Leap+1"],"picked":"Ball Lightning","floor":45},{"not_picked":["Hello World+1","Barrage","Compile Driver+1","Blizzard"],"picked":"SKIP","floor":47},{"not_picked":["Go for the Eyes","Auto Shields","Beam Cell+1","BootSequence+1"],"picked":"SKIP","floor":48}],"player_experience":615529,"relics_obtained":[{"floor":5,"key":"Question Card"},{"floor":6,"key":"Ancient Tea Set"},{"floor":9,"key":"Anchor"},{"floor":11,"key":"Odd Mushroom"},{"floor":12,"key":"Symbiotic Virus"},{"floor":22,"key":"Red Mask"},{"floor":24,"key":"Tiny Chest"},{"floor":26,"key":"War Paint"},{"floor":29,"key":"Toy Ornithopter"},{"floor":38,"key":"FossilizedHelix"},{"floor":46,"key":"Du-Vu Doll"},{"floor":47,"key":"Omamori"}],"event_choices":[{"damage_healed":0,"gold_gain":0,"player_choice":"Lose Max HP","damage_taken":0,"relics_obtained":["Golden Idol"],"max_hp_gain":0,"max_hp_loss":6,"event_name":"Golden Idol","floor":8,"gold_loss":0},{"damage_healed":0,"gold_gain":0,"player_choice":"Success","damage_taken":12,"relics_obtained":["Bag of Preparation"],"max_hp_gain":0,"max_hp_loss":0,"event_name":"Scrap Ooze","floor":10,"gold_loss":0},{"damage_healed":0,"gold_gain":0,"player_choice":"Fought Mushrooms","damage_taken":0,"max_hp_gain":0,"max_hp_loss":0,"event_name":"Mushrooms","floor":11,"gold_loss":0},{"damage_healed":0,"gold_gain":0,"player_choice":"Left Gold","damage_taken":0,"max_hp_gain":0,"max_hp_loss":0,"event_name":"World of Goop","floor":14,"gold_loss":41},{"damage_healed":0,"gold_gain":0,"player_choice":"Fought Bandits","damage_taken":0,"max_hp_gain":0,"max_hp_loss":0,"event_name":"Masked Bandits","floor":22,"gold_loss":0},{"damage_healed":0,"gold_gain":0,"player_choice":"Simplicity","damage_taken":0,"max_hp_gain":0,"max_hp_loss":0,"event_name":"Back to Basics","floor":31,"gold_loss":0,"cards_upgraded":["Strike_B","Strike_B","Strike_B","Defend_B","Defend_B","Defend_B","Defend_B"]},{"damage_healed":0,"gold_gain":0,"player_choice":"Fight","damage_taken":0,"max_hp_gain":0,"max_hp_loss":0,"event_name":"Mysterious Sphere","floor":38,"gold_loss":0},{"damage_healed":0,"gold_gain":0,"player_choice":"Gave Potion","damage_taken":0,"relics_obtained":["InkBottle"],"max_hp_gain":0,"max_hp_loss":0,"event_name":"WeMeetAgain","floor":44,"gold_loss":0}],"is_beta":false,"boss_relics":[{"not_picked":["Pandora\u0027s Box","SlaversCollar"],"picked":"Snecko Eye"},{"not_picked":["Nuclear Battery","SacredBark"],"picked":"Runic Dome"}],"items_purged_floors":[20,30],"is_endless":false,"potions_floor_spawned":[1,2,12,13,18,22,24,28,35,45],"killed_by":"Shield and Spear","ascension_level":6}}