{"host":"qplg6lv14326wdmo","time":1610525408,"event":{"mods":["Act Like it!","Arknights The Spire","Aspiration","BaseMod","Dota2Spire","Downfall","Friendly Minions","Gensokyo","GungeonMod","Hunter 猎人","KinomotoSakuraMod(木之本樱)","Kiyohime（清姬）","KomeijiMod","LagranYue(拉格朗・月)","Marisa（F雨　魔理沙）","Minty Spire (QoL Compilation)","MostiFishMod","READ ME - Guardian Mod","Reimu（博丽灵梦）","Remilia（蕾米莉亚）","Shop Mod","StSLib","TestMod","The Administrix","The Bladedancer","The Gatherer","The Poker Player","WarShipGirlsR/战舰少女R mod","Yakumo Yukari mod","Youmu（魂魄妖梦）","Yuri Mod","Yuyuko","[IsaacMod]以撒尖塔","[地精首领爬塔]The Maniac","【遗物卡牌】REMEMod","篝火指南"],"gold_per_floor":[119,134,149,149,149,175,175,201,201,220,220,71,81,99,99,202,202,218,237,257,32,42,76,94,126,126,136,153,164,193,204,204,304,304,323,342,353,-1275,-1275,-1247,-1230,-1198,-1198,-1166,-1166,-1114,-1097,-1097,-1097,-1082,-1082,-1082,-1082,-1050,-1050],"floor_reached":56,"language":"ZHS","playtime":5060,"items_purged":["BloodyBrimstone","maniac:AbyssShackle"],"score":1580,"play_id":"590a7aaf-bcaa-421b-8868-6762947cc92b","local_time":"20210113161008","is_ascension_mode":true,"campfire_choices":[{"floor":7,"key":"RECALL"},{"data":"maniac:Collecting","floor":11,"key":"SMITH"},{"data":"MostiFishMod:DarkDeal","floor":15,"key":"SMITH"},{"data":"MostiFishMod:WinterMarkForm","floor":32,"key":"SMITH"},{"data":"maniac:WitnessTrueSorcery","floor":45,"key":"SMITH"},{"data":"maniac:FoilArmor","floor":49,"key":"SMITH"},{"data":"maniac:ShelteringEdge","floor":52,"key":"SMITH"}],"circlet_count":0,"master_deck":["maniac:Strike","maniac:Strike+1","maniac:Strike","maniac:Strike","maniac:Strike","maniac:Defend","maniac:Defend+1","maniac:Defend","maniac:Defend","MostiFishMod:DarkDeal+1","maniac:BladeEnd","maniac:Collecting+1","maniac:ShelteringEdge+1","maniac:ShadowContact","MostiFishMod:FrostNova","MostiFishMod:WinterMarkForm+1","maniac:BladesInCloak+1","maniac:Exterminator+1","maniac:WitnessTrueSorcery+1","maniac:Collecting+1","maniac:BladeArtist+1","maniac:FoilArmor+1","testmod-BackupPower","BettingIsNotGood","maniac:Recollect+1"],"relics":["maniac:BrokenHorn","HushsDoor","REME_ComplimentaryCards","DaveBox","testmod-TestBox","testmod-DragonStarHat","Brimstone","MoneyPower","LagranYue:RandomDrawCardRelic","RhineFirstAidKit","SynthV:TestCard","ImprovedEquipment","Dota2Spire:ArmletOfMordiggian","Dota2Spire:CrimsonGuard","SynthV","Mercury Hourglass","testmod-ConstraintPeriapt","PillsDrop","FrostBlade","TungstenRod","yuri:PortableGlitches","DemoMod:Orange","Guardian:PocketSentry","Dota2Spire:DrumOfEndurance","Chaos","testmod-Alchemist","testmod-ArcanaOfDestiny","MerchantsRug","Mastiff:ReiMu","SatanicBible","REME_DemonsWealth","Omamori","Tiny Chest","DemoMod:PinkGuonStone","SynthV:MejaisSoulstealer","Bag of Marbles","testmod-IntensifyImprint","DemoMod:MeltedRock","Dota2Spire:ShadowBlade","testmod-LifeArmor","D6","BookofShadows","Succubus","Mango","LagranYue:ReturningEmperorRelic"],"acts_visited":["Exordium","TheCity","TheBeyond","TheEnding"],"potions_floor_usage":[16,16,22,27,30,33,35,40,50],"damage_taken":[{"damage":0,"enemies":"2 Louse","floor":1,"turns":2},{"damage":17,"enemies":"Jaw Worm","floor":2,"turns":3},{"damage":15,"enemies":"Small Slimes","floor":3,"turns":2},{"damage":25,"enemies":"Lagavulin","floor":6,"turns":3},{"damage":5,"enemies":"3 Sentries","floor":8,"turns":3},{"damage":9,"enemies":"Exordium Wildlife","floor":10,"turns":2},{"damage":2,"enemies":"3 Louse","floor":13,"turns":1},{"damage":0,"enemies":"2 Fungi Beasts","floor":14,"turns":2},{"damage":11,"enemies":"Slime Boss","floor":16,"turns":4},{"damage":5,"enemies":"Chosen","floor":18,"turns":3},{"damage":0,"enemies":"2 Thieves","floor":19,"turns":4},{"damage":2,"enemies":"Snecko","floor":20,"turns":5},{"damage":4,"enemies":"Snake Plant","floor":22,"turns":1},{"damage":0,"enemies":"Gremlin Leader","floor":23,"turns":3},{"damage":4,"enemies":"Shelled Parasite and Fungi","floor":24,"turns":2},{"damage":4,"enemies":"Book of Stabbing","floor":25,"turns":2},{"damage":6,"enemies":"Cultist and Chosen","floor":27,"turns":3},{"damage":2,"enemies":"Centurion and Healer","floor":28,"turns":3},{"damage":0,"enemies":"Shelled Parasite and Fungi","floor":29,"turns":1},{"damage":0,"enemies":"REME_1_Revenger","floor":30,"turns":2},{"damage":0,"enemies":"Snecko","floor":31,"turns":2},{"damage":0,"enemies":"Automaton","floor":33,"turns":3},{"damage":0,"enemies":"3 Darklings","floor":35,"turns":3},{"damage":2,"enemies":"Orb Walker","floor":36,"turns":2},{"damage":25,"enemies":"Writhing Mass","floor":37,"turns":4},{"damage":26,"enemies":"Nemesis","floor":40,"turns":3},{"damage":0,"enemies":"Spire Growth","floor":41,"turns":2},{"damage":0,"enemies":"Reptomancer","floor":42,"turns":4},{"damage":0,"enemies":"Nemesis","floor":44,"turns":2},{"damage":0,"enemies":"Giant Head","floor":46,"turns":3},{"damage":0,"enemies":"Jaw Worm Horde","floor":47,"turns":1},{"damage":0,"enemies":"Awakened One","floor":50,"turns":5},{"damage":2,"enemies":"Shield and Spear","floor":54,"turns":2},{"damage":44,"enemies":"Delirium","floor":55,"turns":15}],"seed_played":"5494958110944188537","potions_obtained":[{"floor":3,"key":"Dota2Spire:HealingSalve"},{"floor":8,"key":"Slimebound:ThreeZeroPotion"},{"floor":13,"key":"Block Potion"},{"floor":14,"key":"testmod-TestPotion"},{"floor":16,"key":"FairyPotion"},{"floor":19,"key":"Fire Potion"},{"floor":24,"key":"EssenceOfSteel"},{"floor":27,"key":"BlessingOfTheForge"},{"floor":29,"key":"FearPotion"},{"floor":30,"key":"Weak Potion"},{"floor":36,"key":"EssenceOfSteel"},{"floor":37,"key":"LiquidMemories"},{"floor":44,"key":"Swift Potion"}],"is_trial":false,"path_per_floor":["M","M","M","?","?","E","R","E","T","M","R","$","M","M","R","B",null,"M","M","M","$","M","E","M","E","T","M","M","M","E","M","R","B",null,"M","M","M","$","?","E","M","E","T","E","R","E","M","?","R","B",null,"R","$","E","B",null],"character_chosen":"THE_MANIAC","items_purchased":["SynthV","Guardian:PocketSentry","DemoMod:PinkGuonStone","testmod-BackupPower","SynthV:MejaisSoulstealer"],"campfire_rested":0,"item_purchase_floors":[12,21,38,38,38],"current_hp_per_floor":[80,63,48,32,47,80,80,75,75,66,66,66,64,64,64,55,80,75,77,91,91,87,88,84,80,80,80,84,84,90,90,90,93,93,93,93,74,81,81,58,61,80,80,83,83,89,89,89,89,114,114,114,114,114,70],"gold":-1050,"neow_bonus":"BOSS_RELIC","is_daily":false,"chose_seed":false,"campfire_upgraded":6,"win_rate":0.0,"timestamp":1610525408,"path_taken":["M","M","M","?","?","E","R","E","T","M","R","?","M","M","R","BOSS","M","M","M","$","M","E","M","E","T","M","M","M","E","M","R","BOSS","M","M","M","$","?","E","M","E","T","E","R","E","M","?","R","BOSS","R","$","E","BOSS"],"items_purchased_type":["Relic","Relic","Relic","Card","Relic"],"build_version":"2020-12-22","purchased_purges":2,"victory":true,"max_hp_per_floor":[80,80,80,80,80,80,80,80,80,80,80,80,80,80,80,80,80,80,80,95,95,95,95,95,90,90,90,90,90,93,93,93,93,93,93,93,93,100,100,100,100,100,100,100,100,100,100,100,100,114,114,114,114,114,114],"card_choices":[{"not_picked":[],"picked":"BloodyBrimstone","floor":0},{"not_picked":["maniac:SeekerKnife","maniac:FanTheHammer","maniac:ListenToNone"],"picked":"SKIP","floor":1},{"not_picked":["maniac:PerceiveDanger","maniac:SpectralKnives","maniac:Refine","maniac:Blastwave"],"picked":"maniac:BladeEnd","floor":2},{"not_picked":["maniac:TorturousScreams","maniac:ListenToNone","maniac:Lacerate","maniac:PanickyParry"],"picked":"Bomb","floor":3},{"not_picked":["maniac:Reforge","maniac:AlleviatingSorcery","maniac:SpectralKnives","maniac:ManipulatedFaith"],"picked":"Bomb","floor":6},{"not_picked":["maniac:PanickyParry","maniac:FindAShortcut","maniac:UntravelledPath","maniac:Refine"],"picked":"maniac:Collecting","floor":8},{"not_picked":["maniac:Traceback","maniac:GlassScratch","maniac:Refine","maniac:AlleviatingSorcery"],"picked":"maniac:ShelteringEdge","floor":10},{"not_picked":["maniac:SeeingDetails","maniac:UntravelledPath","maniac:UndyingDesire","maniac:Confront","maniac:DashForward"],"picked":"SKIP","floor":13},{"not_picked":["maniac:BladeShoot","maniac:Confront","maniac:AlleviatingSorcery","maniac:ArmToTheTeeth","maniac:FindAShortcut"],"picked":"SKIP","floor":14},{"not_picked":["maniac:Deal","maniac:RallyToMe","maniac:FanTheHammer","maniac:TimeForm"],"picked":"maniac:ShadowContact","floor":16},{"not_picked":["maniac:Confront","maniac:Intimidate","maniac:Assassinate","maniac:Refine+1"],"picked":"maniac:BladesInCloak+1","floor":18},{"not_picked":["maniac:SpectralKnives","maniac:SpectralFlash","maniac:ColdHeart","maniac:UndyingDesire+1"],"picked":"maniac:Exterminator+1","floor":19},{"not_picked":["maniac:ListenToNone+1","maniac:ShelteringEdge","maniac:UntravelledPath","maniac:RallyToMe","maniac:DashForward"],"picked":"SKIP","floor":20},{"not_picked":["maniac:ShelteringEdge","maniac:PerceiveDanger","maniac:Intimidate+1","maniac:Reforge"],"picked":"maniac:WitnessTrueSorcery","floor":22},{"not_picked":["maniac:Intimidate","maniac:Lacerate+1","maniac:AllOutAttack+1","maniac:PerceiveDanger","maniac:PanickyParry"],"picked":"SKIP","floor":23},{"not_picked":["maniac:WardAndDefend","maniac:FindAShortcut","maniac:ListenToNone+1","maniac:SpectralKnives","maniac:DashForward"],"picked":"SKIP","floor":24},{"not_picked":["maniac:FindAShortcut","maniac:AlleviatingSorcery","maniac:ListenToNone","maniac:Refine"],"picked":"maniac:BladeArtist+1","floor":25},{"not_picked":["maniac:Refine","maniac:PanickyParry+1","maniac:AlleviatingSorcery","maniac:BladeShoot+1"],"picked":"maniac:FoilArmor","floor":27},{"not_picked":["maniac:ListenToNone","maniac:BladeEnd","maniac:DashForward","maniac:BladeShoot","maniac:PanickyParry"],"picked":"SKIP","floor":28},{"not_picked":["maniac:Exterminator","maniac:FindAShortcut","maniac:ReachVictory","maniac:WardAndDefend","maniac:BladesInCloak"],"picked":"SKIP","floor":29},{"not_picked":["maniac:UntravelledPath","maniac:Confront","maniac:WitnessTrueSorcery","maniac:SpectralKnives","maniac:WardAndDefend"],"picked":"SKIP","floor":30},{"not_picked":["maniac:DashForward","maniac:ReconstructWounds+1","maniac:Feint","maniac:UndyingDesire","maniac:MeleeStrike"],"picked":"SKIP","floor":31},{"not_picked":["maniac:FindAShortcut","maniac:LootBarrage","maniac:PanickyParry","maniac:WitnessTrueSorcery","maniac:AllOutAttack+1","Pain"],"picked":"SKIP","floor":35},{"not_picked":["maniac:Refine+1","maniac:SeekerKnife","maniac:Intimidate+1","maniac:FindAShortcut","maniac:ShelteringEdge","Clumsy"],"picked":"SKIP","floor":36},{"not_picked":["maniac:Assassinate","maniac:ColdHeart","maniac:GlassScratch","maniac:Infuriate","maniac:MortalSteel","maniac:Humiliation"],"picked":"SKIP","floor":37},{"not_picked":["expansioncontent:Hexaburn","expansioncontent:PolyBeam","ChaosCard","DemoMod:Spice"],"picked":"BettingIsNotGood","floor":39},{"not_picked":["maniac:UntravelledPath","maniac:MeleeStrike+1","maniac:Feint","maniac:ListenToNone","maniac:StormOfTime","Slimebound:Icky"],"picked":"SKIP","floor":40},{"not_picked":["maniac:UntravelledPath","maniac:MeleeStrike+1","maniac:Feint","maniac:ListenToNone","maniac:StormOfTime","Slimebound:Icky"],"picked":"SKIP","floor":40},{"not_picked":["maniac:ColdHeart+1","maniac:ObscuredAttack+1","maniac:WardAndDefend+1","maniac:SeeingDetails","hexamod:Haunted"],"picked":"maniac:Recollect+1","floor":41},{"not_picked":["maniac:UndyingDesire","maniac:SpectralKnives+1","maniac:Refine+1","maniac:UniversalPerception","maniac:ListenToNone+1","Lonely"],"picked":"SKIP","floor":42},{"not_picked":["maniac:Trap","maniac:FindAShortcut+1","maniac:Refine+1","maniac:Deal","maniac:ManipulatedFaith","maniac:Guilty"],"picked":"SKIP","floor":44},{"not_picked":["maniac:WardAndDefend","maniac:Refine","maniac:LootBarrage","maniac:PanickyParry+1","maniac:Retrospect","Writhe"],"picked":"SKIP","floor":46},{"not_picked":["maniac:DashForward+1","maniac:ShelteringEdge","maniac:Blastwave","maniac:Refine","maniac:Intimidate+1","Pain"],"picked":"SKIP","floor":47},{"not_picked":["maniac:Confront","maniac:FindAShortcut+1","maniac:ObscuredAttack+1","maniac:DashForward","maniac:FoilArmor+1","Gensokyo:ImpossibleRequest"],"picked":"SKIP","floor":54}],"player_experience":463478,"relics_obtained":[{"floor":1,"key":"SynthV:TestCard"},{"floor":6,"key":"ImprovedEquipment"},{"floor":8,"key":"Dota2Spire:ArmletOfMordiggian"},{"floor":23,"key":"Chaos"},{"floor":25,"key":"DollysMirror"},{"floor":26,"key":"testmod-Alchemist"},{"floor":30,"key":"SatanicBible"},{"floor":40,"key":"testmod-IntensifyImprint"},{"floor":42,"key":"testmod-LifeArmor"},{"floor":43,"key":"D6"},{"floor":44,"key":"BookofShadows"},{"floor":46,"key":"Succubus"},{"floor":54,"key":"LagranYue:ReturningEmperorRelic"}],"event_choices":[{"damage_healed":0,"gold_gain":0,"player_choice":"Entered Light","damage_taken":16,"max_hp_gain":0,"max_hp_loss":0,"event_name":"Shining Light","floor":4,"gold_loss":0,"cards_upgraded":["maniac:Defend","maniac:Strike"]},{"damage_healed":0,"gold_gain":0,"player_choice":"Memory 1","damage_taken":0,"max_hp_gain":0,"max_hp_loss":0,"event_name":"SensoryStone","floor":39,"gold_loss":0},{"cards_removed":["maniac:BurnBlood"],"damage_healed":0,"gold_gain":0,"player_choice":"Removed Skill","damage_taken":0,"max_hp_gain":0,"max_hp_loss":0,"event_name":"Falling","floor":48,"gold_loss":0}],"is_beta":false,"boss_relics":[{"not_picked":["Philosopher\u0027s Stone","testmod-DreamHouse"],"picked":"FrostBlade"},{"not_picked":[]},{"not_picked":["EE1DDrone","Anchor"],"picked":"Omamori"},{"not_picked":[]}],"items_purged_floors":[21,38],"is_endless":false,"potions_floor_spawned":[3,8,13,14,16,19,24,25,27,29,30,36,37,44,47],"ascension_level":2}}