{"host":"t1puqh5lxz8sp6fn","time":1610548389,"event":{"mods":["AchievementEnabler","BaseMod","Colored Powertips","Minty Spire (QoL Compilation)","Rare Cards Sparkle","StSLib"],"gold_per_floor":[117,117,127,127,139,139,156,186,186,186,212,32,47,112,112,209,209,222,242,341,54,54,54,66,66,66,66,99,99,99,109,109,214,214,224,224,224,5,22,22,56,56,56,74,74,74],"floor_reached":45,"playtime":1656,"items_purged":["Lockon"],"score":704,"play_id":"77fb12f3-4e35-41ca-bbc8-64d8e96e0760","local_time":"20210113113309","is_ascension_mode":true,"campfire_choices":[{"data":"Go for the Eyes","floor":6.0,"key":"SMITH"},{"floor":10.0,"key":"REST"},{"floor":15.0,"key":"REST"},{"floor":23.0,"key":"REST"},{"floor":25.0,"key":"REST"},{"floor":27.0,"key":"REST"},{"floor":30.0,"key":"REST"},{"floor":32.0,"key":"REST"},{"floor":40.0,"key":"RECALL"},{"floor":42.0,"key":"REST"}],"circlet_count":0,"master_deck":["AscendersBane","Defend_B","Defend_B","Defend_B","Defend_B","Dualcast","Beam Cell+1","Go for the Eyes+1","Hologram","Defragment","FTL","Electrodynamics","Loop","Echo Form","Doom and Gloom","Conserve Battery+1","Chaos+1","Core Surge","Buffer","Reinforced Body","Reboot","CurseOfTheBell","Loop+1","Undo"],"relics":["Cracked Core","Gremlin Horn","Singing Bowl","Turnip","Blood Vial","Empty Cage","Pocketwatch","PreservedInsect","Matryoshka","Calling Bell","Juzu Bracelet","HornCleat","Thread and Needle","Toolbox","Darkstone Periapt","Torii","Orichalcum"],"acts_visited":["Exordium","TheCity","TheBeyond"],"potions_floor_usage":[],"damage_taken":[{"damage":7.0,"enemies":"Jaw Worm","floor":1.0,"turns":4.0},{"damage":1.0,"enemies":"Cultist","floor":3.0,"turns":3.0},{"damage":1.0,"enemies":"2 Louse","floor":5.0,"turns":3.0},{"damage":7.0,"enemies":"Exordium Wildlife","floor":7.0,"turns":2.0},{"damage":25.0,"enemies":"Gremlin Nob","floor":8.0,"turns":4.0},{"damage":32.0,"enemies":"3 Sentries","floor":11.0,"turns":6.0},{"damage":0.0,"enemies":"3 Louse","floor":13.0,"turns":2.0},{"damage":0.0,"enemies":"3 Sentries","floor":14.0,"turns":3.0},{"damage":33.0,"enemies":"Slime Boss","floor":16.0,"turns":6.0},{"damage":16.0,"enemies":"Chosen","floor":18.0,"turns":5.0},{"damage":33.0,"enemies":"Shell Parasite","floor":19.0,"turns":3.0},{"damage":31.0,"enemies":"Snecko","floor":24.0,"turns":5.0},{"damage":53.0,"enemies":"Slavers","floor":28.0,"turns":3.0},{"damage":22.0,"enemies":"Shelled Parasite and Fungi","floor":31.0,"turns":5.0},{"damage":24.0,"enemies":"Automaton","floor":33.0,"turns":10.0},{"damage":18.0,"enemies":"3 Darklings","floor":35.0,"turns":4.0},{"damage":6.0,"enemies":"Orb Walker","floor":39.0,"turns":5.0},{"damage":20.0,"enemies":"Reptomancer","floor":41.0,"turns":7.0},{"damage":47,"enemies":"4 Shapes","floor":44,"turns":6},{"damage":16,"enemies":"Nemesis","floor":45,"turns":4}],"seed_played":"3379187269515187240","potions_obtained":[{"floor":3.0,"key":"DuplicationPotion"},{"floor":7.0,"key":"GamblersBrew"},{"floor":11.0,"key":"Energy Potion"},{"floor":14.0,"key":"Fire Potion"},{"floor":18.0,"key":"LiquidMemories"},{"floor":31.0,"key":"FearPotion"},{"floor":39.0,"key":"Explosive Potion"},{"floor":44,"key":"Dexterity Potion"}],"is_trial":false,"path_per_floor":["M","?","M","?","M","R","M","E","T","R","E","$","M","?","R","B",null,"M","M","?","$","?","R","M","R","T","R","E","?","R","M","R","B",null,"M","?","?","$","M","R","E","R","T","M","E"],"character_chosen":"DEFECT","items_purchased":["Electrodynamics","Lockon","Pocketwatch","Toolbox"],"campfire_rested":8,"item_purchase_floors":[12,12,21,38],"current_hp_per_floor":[61,54,53,53,52,52,45,20,20,42,10,10,12,12,35,4,59,47,16,16,16,16,39,10,33,33,56,5,5,28,8,31,9,62,48,53,53,53,51,51,33,57,57,12,0,0],"gold":74,"neow_bonus":"THREE_CARDS","is_daily":false,"chose_seed":false,"campfire_upgraded":1,"win_rate":0.0,"timestamp":1610548389,"path_taken":["M","?","M","?","M","R","?","E","T","R","E","$","M","?","R","BOSS","M","M","?","$","?","R","M","R","T","R","E","?","R","M","R","BOSS","M","?","?","$","M","R","E","R","T","M","E"],"items_purchased_type":["Card","Card","Relic","Relic"],"build_version":"2020-12-13","purchased_purges":1,"victory":false,"max_hp_per_floor":[75,75,75,75,75,75,75,75,75,75,75,75,77,77,77,77,77,79,79,79,79,79,79,79,79,79,79,79,79,79,79,79,79,79,81,81,81,81,83,83,83,83,83,83,83,83],"card_choices":[{"not_picked":["Redo","Barrage"],"picked":"Beam Cell","floor":0.0},{"not_picked":["Barrage","Turbo","Stack"],"picked":"SKIP","floor":1.0},{"not_picked":["Cold Snap","Consume"],"picked":"Go for the Eyes","floor":3.0},{"not_picked":["Rip and Tear","Hologram"],"picked":"Rebound","floor":5.0},{"not_picked":["Lockon","Beam Cell"],"picked":"Hologram","floor":7.0},{"not_picked":["Stack","Streamline"],"picked":"Defragment","floor":8.0},{"not_picked":["Steam","Amplify"],"picked":"FTL","floor":11.0},{"not_picked":["Streamline","Rip and Tear","Turbo"],"picked":"Singing Bowl","floor":13.0},{"not_picked":["Redo","Conserve Battery"],"picked":"Loop","floor":14.0},{"not_picked":["Seek","Electrodynamics"],"picked":"Echo Form","floor":16.0},{"not_picked":["Turbo","Darkness","Sweeping Beam+1"],"picked":"Singing Bowl","floor":18.0},{"not_picked":["Steam","Barrage"],"picked":"Doom and Gloom","floor":19.0},{"not_picked":["Stack","Beam Cell"],"picked":"Conserve Battery+1","floor":24.0},{"not_picked":["Reprogram","Rebound"],"picked":"Chaos+1","floor":28.0},{"not_picked":["Barrage+1","Capacitor+1"],"picked":"Reinforced Body","floor":31.0},{"not_picked":["Fission","Biased Cognition"],"picked":"Reboot","floor":33.0},{"not_picked":["Ball Lightning","Hologram+1","Multi-Cast"],"picked":"Singing Bowl","floor":35.0},{"not_picked":["Gash+1","Beam Cell","Hologram"],"picked":"Singing Bowl","floor":39.0},{"not_picked":["Streamline","Steam"],"picked":"Loop+1","floor":41.0},{"not_picked":["Rebound","White Noise"],"picked":"Undo","floor":44}],"player_experience":428171,"relics_obtained":[{"floor":8.0,"key":"Gremlin Horn"},{"floor":9.0,"key":"Singing Bowl"},{"floor":11.0,"key":"Turnip"},{"floor":14.0,"key":"Blood Vial"},{"floor":26.0,"key":"PreservedInsect"},{"floor":28.0,"key":"Matryoshka"},{"floor":34.0,"key":"Juzu Bracelet"},{"floor":34.0,"key":"HornCleat"},{"floor":34.0,"key":"Thread and Needle"},{"floor":41.0,"key":"Darkstone Periapt"},{"floor":43.0,"key":"Torii"},{"floor":43.0,"key":"Orichalcum"}],"event_choices":[{"cards_removed":["Strike_B"],"damage_healed":0.0,"max_hp_gain":0.0,"max_hp_loss":0.0,"gold_gain":0.0,"event_name":"Golden Wing","player_choice":"Card Removal","floor":2.0,"gold_loss":0.0,"damage_taken":7.0},{"damage_healed":0.0,"max_hp_gain":0.0,"max_hp_loss":0.0,"gold_gain":0.0,"event_name":"Upgrade Shrine","player_choice":"Upgraded","floor":4.0,"gold_loss":0.0,"damage_taken":0.0,"cards_upgraded":["Beam Cell"]},{"damage_healed":0.0,"max_hp_gain":0.0,"max_hp_loss":0.0,"gold_gain":0.0,"event_name":"Dead Adventurer","player_choice":"Searched \u00271\u0027 times","floor":14.0,"gold_loss":0.0,"damage_taken":0.0},{"damage_healed":0.0,"max_hp_gain":0.0,"max_hp_loss":0.0,"gold_gain":99.0,"event_name":"Nest","player_choice":"Stole From Cult","floor":20.0,"gold_loss":0.0,"damage_taken":0.0},{"damage_healed":0.0,"max_hp_gain":0.0,"max_hp_loss":0.0,"gold_gain":0.0,"event_name":"Ghosts","player_choice":"Ignored","floor":22.0,"gold_loss":0.0,"damage_taken":0.0},{"damage_healed":0.0,"max_hp_gain":0.0,"max_hp_loss":0.0,"gold_gain":0.0,"cards_transformed":["Strike_B","Zap"],"event_name":"Drug Dealer","player_choice":"Became Test Subject","floor":29.0,"gold_loss":0.0,"damage_taken":0.0,"cards_obtained":["Core Surge","Buffer"]},{"cards_removed":["Rebound"],"damage_healed":5.0,"max_hp_gain":0.0,"max_hp_loss":0.0,"gold_gain":0.0,"event_name":"Bonfire Elementals","player_choice":"Offered Common","floor":36.0,"gold_loss":0.0,"damage_taken":0.0},{"cards_removed":["Rebound"],"damage_healed":5.0,"max_hp_gain":0.0,"max_hp_loss":0.0,"gold_gain":0.0,"event_name":"Bonfire Elementals","player_choice":"Offered Special","floor":36.0,"gold_loss":0.0,"damage_taken":0.0},{"damage_healed":0.0,"max_hp_gain":0.0,"max_hp_loss":0.0,"gold_gain":0.0,"event_name":"Tomb of Lord Red Mask","player_choice":"Ignored","floor":37.0,"gold_loss":0.0,"damage_taken":0.0}],"is_beta":false,"boss_relics":[{"not_picked":["Busted Crown","Velvet Choker"],"picked":"Empty Cage"},{"not_picked":["SacredBark","Inserter"],"picked":"Calling Bell"}],"items_purged_floors":[38],"is_endless":false,"potions_floor_spawned":[3,7,11,14,18,31,39,44],"killed_by":"Nemesis","ascension_level":10}}