{"host":"9pqy5lt7vda52ebm","time":1610581223,"event":{"mods":["BaseMod","Fox Events","Minty Spire (QoL Compilation)","Optimize The Spire","Quick Restart","StSLib","The Marked"],"gold_per_floor":[115,126,145,157,209,244,244,261,361,395,395,408,408,408,408,510,610,629,227,227,227,34,69,69,84,265,299,299,315,346,365,365,467,467,478,149,499,499,294,294,309,329,329,329,354,354,366,45,45,45,45,45,45,80,80,80],"floor_reached":55,"language":"ENG","playtime":9226,"items_purged":["theMarked:Strike","Writhe","theMarked:Strike","theMarked:Strike","theMarked:Strike"],"score":1182,"play_id":"42bd043d-9b52-4583-b120-7746752d7d16","local_time":"20210113184023","is_ascension_mode":true,"campfire_choices":[{"floor":7.0,"key":"REST"},{"data":"theMarked:SoldierOfQuellstein","floor":11.0,"key":"SMITH"},{"data":"theMarked:BanishingWave","floor":13.0,"key":"SMITH"},{"data":"theMarked:Defend","floor":15.0,"key":"SMITH"},{"data":"theMarked:BanishingWave","floor":24.0,"key":"SMITH"},{"floor":32.0,"key":"REST"},{"data":"Apotheosis","floor":40.0,"key":"SMITH"},{"data":"theMarked:BindingBlade","floor":44.0,"key":"SMITH"},{"floor":46.0,"key":"RECALL"},{"data":"theMarked:BindingBlade","floor":49.0,"key":"SMITH"},{"data":"theMarked:TakeCover","floor":52.0,"key":"SMITH"}],"circlet_count":1,"master_deck":["AscendersBane","theMarked:Defend","theMarked:Defend","theMarked:Defend","theMarked:Defend+1","theMarked:SoldierOfQuellstein+1","theMarked:BanishingWave+1","theMarked:TakeCover+1","theMarked:BanishingWave+1","theMarked:BindingBlade+1","theMarked:Frustration","theMarked:BanishingStrike","theMarked:Generate","theMarked:Abjuration","theMarked:TwofoldDefense","theMarked:HeightenedSenses+1","theMarked:WardOff","theMarked:Convert+1","theMarked:WardOff","theMarked:BindingBlade+1","theMarked:Overthink+1","Apotheosis+1","Secret Technique","theMarked:EmpowerWeapon+1","theMarked:WardOff+1","theMarked:Abjuration"],"relics":["theMarked:ArtifactOfAir","Circlet","Du-Vu Doll","Oddly Smooth Stone","Smiling Mask","FaceOfCleric","SacredBark","theMarked:VonisonLock","Ornamental Fan","Nilry\u0027s Codex","Potion Belt","Bird Faced Urn","Letter Opener","Thread and Needle","Cursed Key","Old Coin","ClockworkSouvenir","Strawberry","Toy Ornithopter","Pear"],"acts_visited":["Exordium","TheCity","TheBeyond","TheEnding"],"potions_floor_usage":[55,55,55],"damage_taken":[{"damage":0.0,"enemies":"2 Louse","floor":1.0,"turns":4.0},{"damage":1.0,"enemies":"Cultist","floor":2.0,"turns":4.0},{"damage":0.0,"enemies":"Small Slimes","floor":3.0,"turns":2.0},{"damage":3.0,"enemies":"Blue Slaver","floor":4.0,"turns":6.0},{"damage":8.0,"enemies":"Colosseum Slavers","floor":5.0,"turns":3.0},{"damage":30.0,"enemies":"Lagavulin","floor":6.0,"turns":6.0},{"damage":11.0,"enemies":"Large Slime","floor":8.0,"turns":7.0},{"damage":4.0,"enemies":"3 Sentries","floor":10.0,"turns":2.0},{"damage":0.0,"enemies":"Looter","floor":12.0,"turns":2.0},{"damage":26.0,"enemies":"Slime Boss","floor":16.0,"turns":5.0},{"damage":0.0,"enemies":"2 Thieves","floor":18.0,"turns":3.0},{"damage":7.0,"enemies":"Gremlin Leader","floor":23.0,"turns":5.0},{"damage":1.0,"enemies":"Shell Parasite","floor":25.0,"turns":3.0},{"damage":17.0,"enemies":"Book of Stabbing","floor":27.0,"turns":4.0},{"damage":5.0,"enemies":"Snake Plant","floor":29.0,"turns":3.0},{"damage":10.0,"enemies":"Slavers","floor":30.0,"turns":3.0},{"damage":8.0,"enemies":"Cultist and Chosen","floor":31.0,"turns":3.0},{"damage":41.0,"enemies":"Automaton","floor":33.0,"turns":12.0},{"damage":0.0,"enemies":"3 Darklings","floor":35.0,"turns":4.0},{"damage":11.0,"enemies":"2 Orb Walkers","floor":37.0,"turns":4.0},{"damage":0.0,"enemies":"3 Shapes","floor":41.0,"turns":4.0},{"damage":0.0,"enemies":"3 Darklings","floor":42.0,"turns":18.0},{"damage":16.0,"enemies":"Nemesis","floor":45.0,"turns":7.0},{"damage":0.0,"enemies":"Maw","floor":47.0,"turns":5.0},{"damage":7.0,"enemies":"Time Eater","floor":50.0,"turns":14.0},{"damage":1.0,"enemies":"Shield and Spear","floor":54.0,"turns":5.0},{"damage":137,"enemies":"The Heart","floor":55,"turns":8}],"seed_played":"-6837870398914438159","potions_obtained":[{"floor":1.0,"key":"LiquidMemories"},{"floor":3.0,"key":"DuplicationPotion"},{"floor":5.0,"key":"SteroidPotion"},{"floor":12.0,"key":"Swift Potion"},{"floor":16.0,"key":"Fire Potion"},{"floor":18.0,"key":"BlessingOfTheForge"},{"floor":31.0,"key":"SmokeBomb"},{"floor":35.0,"key":"DuplicationPotion"},{"floor":37.0,"key":"Strength Potion"},{"floor":42.0,"key":"AttackPotion"},{"floor":54.0,"key":"PowerPotion"}],"is_trial":false,"path_per_floor":["M","M","M","M","?","E","R","M","T","E","R","M","R","?","R","B",null,"M","$","?","?","$","E","R","M","T","E","?","M","E","M","R","B",null,"M","$","?","?","$","R","M","M","T","R","E","R","M","$","R","B",null,"R","$","E","B"],"character_chosen":"THE_DEFAULT","items_purchased":["theMarked:VonisonLock","theMarked:TwofoldDefense","Potion Belt","EntropicBrew","Apotheosis","ClockworkSouvenir","Toy Ornithopter","LiquidMemories","PowerPotion"],"campfire_rested":2,"item_purchase_floors":[19,19,22,36,36,39,48,48,48],"current_hp_per_floor":[63,62,62,59,51,21,42,31,31,27,27,27,27,27,27,2,54,55,55,55,39,39,33,33,33,33,17,42,38,29,22,45,5,61,62,62,52,52,52,52,53,66,66,66,62,62,65,65,65,64,86,86,86,104,0,0],"gold":80,"neow_bonus":"REMOVE_CARD","is_daily":false,"chose_seed":false,"campfire_upgraded":8,"win_rate":0.0,"timestamp":1610581223,"path_taken":["M","M","M","M","?","E","R","M","T","E","R","M","R","?","R","BOSS","M","$","?","?","$","E","R","M","T","E","?","M","E","M","R","BOSS","M","$","?","?","$","R","M","M","T","R","E","R","M","$","R","BOSS","R","$","E","BOSS"],"items_purchased_type":["Relic","Card","Relic","Potion","Card","Relic","Relic","Potion","Potion"],"build_version":"2020-12-22","purchased_purges":5,"victory":false,"max_hp_per_floor":[70,70,70,70,70,70,70,70,70,70,70,70,70,70,70,71,71,72,72,72,72,72,73,73,74,74,75,75,76,77,78,78,79,79,80,80,81,81,81,81,82,83,83,83,91,91,92,92,92,93,93,93,93,104,104,104],"card_choices":[{"not_picked":["theMarked:CreepingChasm","theMarked:WastefulAttack"],"picked":"theMarked:BanishingWave","floor":1.0},{"not_picked":["theMarked:Static","theMarked:ChainLightning"],"picked":"theMarked:TakeCover","floor":2.0},{"not_picked":["theMarked:EmpowerWeapon","theMarked:ElectricStrings","theMarked:GodGivenPower"],"picked":"SKIP","floor":3.0},{"not_picked":["theMarked:TwofoldDefense","theMarked:TakeCover"],"picked":"theMarked:BanishingWave","floor":4.0},{"not_picked":["theMarked:ElectricStrings","theMarked:TwofoldDefense"],"picked":"theMarked:BindingBlade","floor":6.0},{"not_picked":["theMarked:WastefulAttack","theMarked:Static"],"picked":"theMarked:Frustration","floor":8.0},{"not_picked":["theMarked:WastefulDefense","theMarked:Parkour"],"picked":"theMarked:BanishingStrike","floor":10.0},{"not_picked":["theMarked:ChainLightning","theMarked:Parkour"],"picked":"theMarked:Generate","floor":12.0},{"not_picked":["theMarked:SummonStrength","theMarked:EternalStudent"],"picked":"theMarked:Abjuration","floor":16.0},{"not_picked":["theMarked:Electrocute","theMarked:WastefulAttack","theMarked:Indomitable"],"picked":"SKIP","floor":18.0},{"not_picked":["theMarked:ComboAttacks","theMarked:ElectricStrings+1"],"picked":"theMarked:HeightenedSenses+1","floor":23.0},{"not_picked":["theMarked:TakeCover","theMarked:TwofoldDefense+1"],"picked":"theMarked:WardOff","floor":25.0},{"not_picked":["theMarked:RogueSparks","theMarked:Improvise","theMarked:GodGivenPower+1"],"picked":"SKIP","floor":27.0},{"not_picked":["theMarked:Parkour+1","theMarked:ElectricStrings","theMarked:HeightenedSenses+1"],"picked":"SKIP","floor":29.0},{"not_picked":["theMarked:SelfDefenseTraining+1","theMarked:EmpowerWeapon"],"picked":"theMarked:Convert+1","floor":30.0},{"not_picked":["theMarked:HeritageOfTheMarked","theMarked:Static"],"picked":"theMarked:WardOff","floor":31.0},{"not_picked":["theMarked:SummonStrength","theMarked:Levitate"],"picked":"theMarked:BindingBlade","floor":33.0},{"not_picked":["theMarked:ComboAttacks","theMarked:Frustration"],"picked":"theMarked:Overthink+1","floor":35.0},{"not_picked":["Violence","Dark Shackles"],"picked":"Secret Technique","floor":38.0},{"not_picked":["theMarked:TakeCover","theMarked:ContemptForTheProud+1","theMarked:Frustration"],"picked":"SKIP","floor":41.0},{"not_picked":["theMarked:BanishingWave","theMarked:KeepCalmAndFightOn+1"],"picked":"theMarked:EmpowerWeapon+1","floor":42.0},{"not_picked":["theMarked:Improvise+1","theMarked:Parkour+1","theMarked:HeightenedSenses+1"],"picked":"SKIP","floor":45.0},{"not_picked":["theMarked:RepellingDischarge+1","theMarked:ChainLightning"],"picked":"theMarked:WardOff+1","floor":47.0},{"not_picked":["theMarked:Opportunist+1","theMarked:WastefulDefense"],"picked":"theMarked:Abjuration","floor":54.0}],"player_experience":427190,"relics_obtained":[{"floor":5.0,"key":"foxEvents:LuckyCharm"},{"floor":6.0,"key":"Du-Vu Doll"},{"floor":9.0,"key":"Oddly Smooth Stone"},{"floor":10.0,"key":"Smiling Mask"},{"floor":21.0,"key":"Nilry\u0027s Codex"},{"floor":23.0,"key":"Bird Faced Urn"},{"floor":27.0,"key":"Letter Opener"},{"floor":30.0,"key":"Thread and Needle"},{"floor":37.0,"key":"Old Coin"},{"floor":45.0,"key":"Strawberry"},{"floor":54.0,"key":"Pear"}],"event_choices":[{"damage_healed":0.0,"max_hp_gain":0.0,"max_hp_loss":0.0,"gold_gain":0.0,"event_name":"FaceTrader","player_choice":"Trade","floor":14.0,"gold_loss":0.0,"damage_taken":0.0,"relics_obtained":["FaceOfCleric"]},{"damage_healed":0.0,"max_hp_gain":0.0,"max_hp_loss":0.0,"gold_gain":0.0,"event_name":"The Mausoleum","player_choice":"Opened","floor":20.0,"gold_loss":0.0,"damage_taken":0.0,"relics_obtained":["Ornamental Fan"],"cards_obtained":["Writhe"]},{"damage_healed":0.0,"max_hp_gain":0.0,"max_hp_loss":0.0,"gold_gain":0.0,"event_name":"Cursed Tome","player_choice":"Obtained Book","floor":21.0,"gold_loss":0.0,"damage_taken":16.0},{"damage_healed":25.0,"max_hp_gain":0.0,"max_hp_loss":0.0,"gold_gain":0.0,"event_name":"The Library","player_choice":"Heal","floor":28.0,"gold_loss":0.0,"damage_taken":0.0},{"damage_healed":0.0,"max_hp_gain":0.0,"max_hp_loss":0.0,"gold_gain":0.0,"event_name":"Mysterious Sphere","player_choice":"Fight","floor":37.0,"gold_loss":0.0,"damage_taken":0.0},{"damage_healed":0.0,"max_hp_gain":0.0,"max_hp_loss":0.0,"gold_gain":0.0,"event_name":"SensoryStone","player_choice":"Memory 1","floor":38.0,"gold_loss":0.0,"damage_taken":0.0}],"is_beta":false,"boss_relics":[{"not_picked":["Philosopher\u0027s Stone","Fusion Hammer"],"picked":"SacredBark"},{"not_picked":["Tiny House","Black Star"],"picked":"Cursed Key"}],"items_purged_floors":[19,22,36,39,48],"is_endless":false,"potions_floor_spawned":[1,3,5,12,16,18,31,35,37,42,54],"killed_by":"The Heart","ascension_level":10}}