{"host":"jvd5k9mqzerszifx","time":1610522773,"event":{"mods":["AchievementEnabler","Act Like it!","BaseMod","Better Note","Better Third Choice","Colored Map","Colored Powertips","Conspire","Gensokyo","Hallownest","Hermit","Hubris","Infinite Spire","Lobotomy","Minty Spire (QoL Compilation)","MostiFishMod","Replay The Spire","Reworked Bosses","Spicy Shops","StSLib","The Administrix","The Bug Knight","The Cursed","The Factory","The Jungle","【功能Mod】聪明的最终Boss"],"gold_per_floor":[124,124,38,60,82,134,134,160,212,234,266,266,288,22,22,246,246,282,316,316,368,368,446,446,518,518,560,560,608,608,12,12,208,208,236,270,300,82,132,132,204,204,804,872,242,320,320,548,548,786,786,822,822,662,690,690,818,818,855,927,965,989,1024,505,529,553,763,787,826,850,874,848,498,498,498,498,498,498,531,531,559,559,559,743,743,760,802,440,440,465,465,517,517,563,625,264,264,264,264,264,467,467,467],"floor_reached":102,"language":"ZHS","playtime":5849,"items_purged":[],"score":2934,"play_id":"39e064aa-f36e-43e1-bb87-bcead7bf7bdc","local_time":"20210113152613","is_ascension_mode":true,"campfire_choices":[{"data":"hermit:HeroicBravado","floor":7.0,"key":"SMITH"},{"data":"hermit:Covet","floor":7.0,"key":"SMITH"},{"data":"hermit:Glare","floor":7.0,"key":"SMITH"},{"data":"hermit:Snapshot","floor":7.0,"key":"SMITH"},{"data":"hermit:Snipe","floor":7.0,"key":"SMITH"},{"data":"hermit:Defend_Hermit","floor":7.0,"key":"SMITH"},{"data":"hermit:Defend_Hermit","floor":7.0,"key":"SMITH"},{"data":"hermit:Strike_Hermit","floor":7.0,"key":"SMITH"},{"data":"hermit:Strike_Hermit","floor":7.0,"key":"SMITH"},{"data":"hermit:Strike_Hermit","floor":7.0,"key":"PURGE"},{"data":"hermit:Strike_Hermit","floor":7.0,"key":"PURGE"},{"data":"hermit:Defend_Hermit","floor":7.0,"key":"PURGE"},{"data":"hermit:Defend_Hermit","floor":7.0,"key":"PURGE"},{"floor":7.0,"key":"REST"},{"data":"hermit:Quickdraw","floor":12.0,"key":"SMITH"},{"data":"hermit:Midnight","floor":12.0,"key":"SMITH"},{"data":"hermit:Coalescence","floor":12.0,"key":"SMITH"},{"floor":12.0,"key":"RECALL"},{"data":"hermit:Scavenge","floor":15.0,"key":"SMITH"},{"floor":15.0,"key":"REST"},{"data":"hermit:Gambit","floor":24.0,"key":"SMITH"},{"data":"hermit:PistolWhip","floor":24.0,"key":"SMITH"},{"data":"hermit:Gestalt","floor":24.0,"key":"SMITH"},{"data":"hermit:Strike_Hermit+1","floor":24.0,"key":"PURGE"},{"floor":24.0,"key":"REST"},{"data":"hermit:HeroicBravado","floor":32,"key":"SMITH"},{"data":"hermit:BigShot","floor":32,"key":"SMITH"},{"data":"ReplayTheSpireMod:Echoes of Time","floor":32,"key":"SMITH"},{"data":"hermit:Combo","floor":32,"key":"SMITH"},{"floor":32,"key":"REST"},{"data":"hermit:Dissolve","floor":40,"key":"SMITH"},{"data":"hermit:Headshot","floor":40,"key":"SMITH"},{"data":"hermit:CursedWeapon","floor":40,"key":"SMITH"},{"data":"ReplayTheSpireMod:Private Reserves","floor":40,"key":"SMITH"},{"data":"Replay:Parry","floor":40,"key":"SMITH"},{"data":"Replay:Bootleg Shield Generator","floor":40,"key":"SMITH"},{"data":"hermit:Glare","floor":40,"key":"SMITH"},{"data":"hermit:Defend_Hermit+1","floor":40,"key":"PURGE"},{"floor":40,"key":"REST"},{"floor":42,"key":"REST"},{"data":"ReplayTheSpireMod:Chaos Vortex","floor":49,"key":"SMITH"},{"floor":49,"key":"REST"},{"floor":49,"key":"REST"},{"data":"hermit:Gestalt","floor":58,"key":"SMITH"},{"data":"hermit:PistolWhip","floor":58,"key":"SMITH"},{"floor":58,"key":"REST"},{"data":"hermit:Coalescence","floor":62,"key":"SMITH"},{"floor":62,"key":"REST"},{"data":"hermit:CalledShot","floor":66,"key":"SMITH"},{"floor":66,"key":"REST"},{"floor":74,"key":"REST"},{"data":"hermit:Quickdraw","floor":83,"key":"SMITH"},{"data":"hermit:Virtue","floor":83,"key":"SMITH"},{"floor":83,"key":"REST"},{"data":"hermit:GoldenBullet","floor":91,"key":"SMITH"},{"data":"hermit:Quickdraw","floor":91,"key":"SMITH"},{"data":"hermit:Headshot","floor":91,"key":"SMITH"},{"data":"hermit:Defend_Hermit+1","floor":91,"key":"PURGE"},{"data":"Gensokyo:RustyChest","floor":91,"key":"PURGE"},{"data":"hermit:CalledShot+1","floor":91,"key":"PURGE"},{"data":"hermit:HeroicBravado+1","floor":91,"key":"PURGE"},{"data":"hermit:HeroicBravado+1","floor":91,"key":"PURGE"},{"data":"hermit:PistolWhip+1","floor":91,"key":"PURGE"},{"data":"hermit:CalledShot+1","floor":91,"key":"PURGE"},{"data":"Gensokyo:TrainingManual","floor":91,"key":"PURGE"},{"data":"hermit:PistolWhip+1","floor":91,"key":"PURGE"},{"data":"hermit:HeroicBravado+1","floor":91,"key":"PURGE"},{"floor":91,"key":"REST"},{"data":"infinitespire:FutureSight","floor":93,"key":"SMITH"},{"floor":93,"key":"DIG"},{"data":"Gensokyo:PrivateSquare","floor":100,"key":"SMITH"},{"floor":100,"key":"REST"}],"circlet_count":1,"master_deck":["hermit:Snapshot+1","hermit:Covet+1","hermit:GoldenBullet+1","hermit:Snipe+1","hermit:Quickdraw+1","hermit:Midnight+1","hermit:Coalescence+1","hermit:Scavenge+1","hermit:Gambit+1","hermit:CursedWeapon+1","hermit:FlashPowder+1","hermit:Gestalt+1","hermit:BigShot+1","ReplayTheSpireMod:Echoes of Time+1","hermit:Combo+1","hermit:ShadowCloak+1","hermit:Dissolve+1","hermit:Headshot+1","hermit:CursedWeapon+1","Master of Strategy+1","ReplayTheSpireMod:Private Reserves+1","Sadistic Nature+1","Replay:Parry+1","Replay:Bootleg Shield Generator+1","hermit:Glare+1","hermit:GoldenBullet+1","hermit:EyeOfTheStorm+1","ReplayTheSpireMod:Chaos Vortex+1","hermit:Gestalt+1","hermit:Coalescence+1","Gensokyo:Shovel","hermit:Quickdraw+1","hermit:Coalescence+1","hermit:Virtue+1","hermit:Dissolve+1","hermit:GoldenBullet+1","hermit:WideOpen+1","hermit:Coalescence+1","hermit:Quickdraw+1","Gensokyo:ScrapIron","hermit:Headshot+1","hermit:Coalescence+1","infinitespire:FutureSight+1","Gensokyo:PrivateSquare+1"],"relics":["hermit:Momento","Peace Pipe","Ginger","Turnip","Unceasing Top","Omamori","Ice Cream","The Courier","Medical Kit","WingedGreaves","HandDrill","Circlet","Blue Candle","DaveBox","GreenFoldingFan","Gensokyo:NagashiBinaDoll","SynthV:TestCard","HollowMod:PaleOreRelic","ReplayTheSpireMod:Shallot","ArrowTower","hubris:SlimyHat","hubris:64BitClover","TheAbacus","infinitespire:EmpoweringShard","ShadowXiaoBlade","HollowMod:LifeEnderRelic","Anchor","Replay:Wax Seal","Ying","Membership Card","Vajra","Strange Spoon","Singing Bowl","conspire:TopHat","infinitespire:Broken Mirror","Orichalcum","infinitespire:ShieldingShard","TakeMeEscape","BrkXgEgg","ReplayTheSpireMod:ShopPack","Juzu Bracelet","Old Coin","ReplayTheSpireMod:TigerMarble","hubris:CuriousFeather","Nunchaku","infinitespire:Lucky Rock","hubris:ToyBattleship","Replay:Baseball","Lizard Tail","Letter Opener","Prayer Wheel","Darkstone Periapt","hubris:Backtick","BirthdayGift-Tetrahedron","Enchiridion","SynthV:C4","Ring of Searing","ReplayTheSpireMod:Ring of Challenge","infinitespire:WardingShard","MawBank","Ancient Tea Set","MostiFishMod:AdaptiveDefenses","conspire:TreasureMap","ClockworkSouvenir","Question Card","Runic Pyramid","PatriotShield","Bottled Flame","Bag of Marbles","ChiLing","Chi","Ling","Frozen Egg 2","Garlic","hubris:TenFootPole","hubris:Towel","Bottled Lightning","Shuriken","Gensokyo:MosesMiracle","Boot","Mirror","infinitespire:CheckeredPen","HaiYi:Twilight","BirthdayGift-Icosahedron","Dodecahedron","Replay:Multitool","Gremlin Horn","Bag of Preparation","ImprovedEquipment","Strawberry","Bronze Scales","MealTicket","Dream Catcher","ThornShield","hubris:Icosahedron","FeatherPendant"],"acts_visited":["Gensokyo:Gensokyo","theJungle:Jungle","TheBeyond","Gensokyo:Gensokyo","Gensokyo:Gensokyoer","Gensokyo:Gensokyoest","Hallownest:Greenpath"],"potions_floor_usage":[33,48,48,50],"damage_taken":[{"damage":13.0,"enemies":"Gensokyo:Python","floor":1.0,"turns":3.0},{"damage":12.0,"enemies":"Gensokyo:Gryphon","floor":4.0,"turns":2.0},{"damage":6.0,"enemies":"Gensokyo:3_Fairies","floor":5.0,"turns":3.0},{"damage":37.0,"enemies":"Gensokyo:Aya","floor":6.0,"turns":6.0},{"damage":6.0,"enemies":"Gensokyo:Python_and_Kodama","floor":8.0,"turns":3.0},{"damage":5.0,"enemies":"Gensokyo:3_Kodama","floor":10.0,"turns":2.0},{"damage":10.0,"enemies":"Gensokyo:CorruptedTreant","floor":11.0,"turns":1.0},{"damage":4.0,"enemies":"Gensokyo:Gryphon_and_Rabbit","floor":13.0,"turns":2.0},{"damage":6.0,"enemies":"Gensokyo:Reimu","floor":16.0,"turns":3.0},{"damage":5.0,"enemies":"theJungle:MUSHROOMGANG","floor":18.0,"turns":2.0},{"damage":7.0,"enemies":"theJungle:5_Spyders","floor":19.0,"turns":2.0},{"damage":8.0,"enemies":"theJungle:SlimyTreeVines","floor":21.0,"turns":3.0},{"damage":7.0,"enemies":"theJungle:MamaSnecko","floor":23.0,"turns":2.0},{"damage":7.0,"enemies":"theJungle:Cassacara","floor":25.0,"turns":2.0},{"damage":4.0,"enemies":"Snake Plant","floor":27.0,"turns":2.0},{"damage":7.0,"enemies":"theJungle:Snecko_Cultist_And_Trap","floor":29.0,"turns":3.0},{"damage":12,"enemies":"theJungle:QueenSpyder","floor":33,"turns":3},{"damage":1,"enemies":"Orb Walker","floor":35,"turns":2},{"damage":2,"enemies":"3 Shapes","floor":36,"turns":2},{"damage":4,"enemies":"Writhing Mass","floor":37,"turns":2},{"damage":15,"enemies":"4 Shapes","floor":39,"turns":3},{"damage":9,"enemies":"Nemesis","floor":41,"turns":3},{"damage":6,"enemies":"R_Hoarder","floor":44,"turns":3},{"damage":1,"enemies":"conspire:MimicChest","floor":46,"turns":2},{"damage":3,"enemies":"infinitespire:Three Voidlings","floor":48,"turns":2},{"damage":130,"enemies":"Nightmare_Alpha","floor":48,"turns":9},{"damage":50,"enemies":"Time Eater","floor":50,"turns":20},{"damage":0,"enemies":"Gensokyo:Gryphon","floor":52,"turns":1},{"damage":0,"enemies":"Gensokyo:2_Kodama","floor":55,"turns":1},{"damage":0,"enemies":"Gensokyo:Mamizou","floor":57,"turns":1},{"damage":10,"enemies":"Nightmare","floor":59,"turns":2},{"damage":0,"enemies":"Gensokyo:Python","floor":61,"turns":1},{"damage":7,"enemies":"Gensokyo:2_Rabbits","floor":63,"turns":2},{"damage":0,"enemies":"Gensokyo:Reimu","floor":67,"turns":1},{"damage":0,"enemies":"Gensokyo:3_Dogs","floor":69,"turns":1},{"damage":0,"enemies":"Gensokyo:2_Gloops","floor":79,"turns":1},{"damage":8,"enemies":"Gensokyo:Wraith","floor":81,"turns":2},{"damage":0,"enemies":"Gensokyo:Eternal_Rivals","floor":84,"turns":1},{"damage":0,"enemies":"Gensokyo:AncientGuardian","floor":86,"turns":1},{"damage":0,"enemies":"Gensokyo:3_Boulders","floor":87,"turns":1},{"damage":0,"enemies":"Gensokyo:Rafflesia","floor":90,"turns":1},{"damage":0,"enemies":"Gensokyo:Marisa","floor":92,"turns":1},{"damage":0,"enemies":"Gensokyo:Doremy","floor":95,"turns":1},{"damage":0,"enemies":"Gensokyo:Yuyuko","floor":101,"turns":1}],"seed_played":"-5820751373801646555","potions_obtained":[{"floor":5.0,"key":"DuplicationPotion"},{"floor":6.0,"key":"Explosive Potion"},{"floor":10.0,"key":"SmokeBomb"},{"floor":13.0,"key":"LiquidBronze"},{"floor":18.0,"key":"Elixir"},{"floor":27.0,"key":"PowerPotion"},{"floor":29.0,"key":"conspire:TimeTravelPotion"},{"floor":33,"key":"Explosive Potion"},{"floor":36,"key":"PowerPotion"},{"floor":48,"key":"PowerPotion"},{"floor":50,"key":"Dexterity Potion"},{"floor":52,"key":"Block Potion"},{"floor":61,"key":"FearPotion"},{"floor":92,"key":"infinitespire:BlackPotion"}],"is_trial":false,"path_per_floor":["M","?","COS","M","M","E","R","M","T","M","M","R","M","$","R","B",null,"M","M","T","M","?","E","R","E","T","M","AVR","M","?","$","R","B",null,"M","M","M","$","M","R","E","R","T","E","$","?","?","?","R","B",null,"M","?","?","M","?","E","R","NM","T","M","R","M","COS","?","R","B",null,"M","AVR","?","?","$","R","?","T","T","?","M","?","M","T","R","B",null,"M","M","COS","?","M","R","E","R","T","E","$","?","?","?","R","B",null],"character_chosen":"HERMIT","items_purchased":["hubris:64BitClover","TheAbacus","infinitespire:EmpoweringShard","Membership Card","Vajra","Strange Spoon","Singing Bowl","hermit:ShadowCloak+1","conspire:TopHat","infinitespire:Broken Mirror","Orichalcum","BrkXgEgg","ReplayTheSpireMod:ShopPack","Master of Strategy+1","ReplayTheSpireMod:Private Reserves","hubris:CuriousFeather","Nunchaku","infinitespire:Lucky Rock","hubris:ToyBattleship","Replay:Baseball","Lizard Tail","Letter Opener","Prayer Wheel","Bag of Marbles","ChiLing","Frozen Egg 2","Garlic","hubris:TenFootPole","Strawberry","Bronze Scales","MealTicket","Dream Catcher","ThornShield"],"campfire_rested":15,"item_purchase_floors":[14,14,14,31,31,31,31,31,31,31,31,38,38,38,38,45,45,45,45,45,45,45,45,73,73,73,73,73,96,96,96,96,96],"current_hp_per_floor":[72,72,72,70,74,47,69,73,73,75,75,75,75,75,75,75,75,75,75,75,75,75,75,75,75,75,75,75,75,68,68,75,73,75,77,77,77,77,72,77,77,77,77,77,77,77,77,29,75,37,79,83,83,83,85,85,85,85,87,87,89,89,91,91,73,91,93,93,95,95,95,102,102,102,102,102,102,102,102,94,94,94,94,94,94,94,94,94,94,94,94,96,96,96,98,105,105,105,105,107,109,109,109],"gold":467,"neow_bonus":"RANDOM_EVENT","is_daily":false,"chose_seed":false,"campfire_upgraded":39,"win_rate":0.0,"timestamp":1610522773,"path_taken":["M","?","COS","M","M","E","R","M","T","?","M","R","M","?","R","BOSS","M","?","?","M","?","E","R","E","T","?","AVR","M","?","$","R","BOSS","M","M","M","?","M","R","E","R","T","E","$","?","?","?","R","BOSS","M","?","?","M","?","E","R","NM","T","M","R","M","COS","?","R","BOSS","M","AVR","?","?","?","R","?","?","T","?","M","?","M","?","R","BOSS","M","M","COS","?","M","R","E","R","T","E","$","?","?","?","R","BOSS"],"items_purchased_type":["Relic","Relic","Relic","Relic","Relic","Relic","Relic","Card","Relic","Relic","Relic","Relic","Relic","Card","Card","Relic","Relic","Relic","Relic","Relic","Relic","Relic","Relic","Relic","Relic","Relic","Relic","Relic","Relic","Relic","Relic","Relic","Relic"],"build_version":"2020-12-22","purchased_purges":0,"victory":false,"max_hp_per_floor":[75,75,75,75,75,75,75,75,75,75,75,75,75,75,75,75,75,75,75,75,75,75,75,75,75,75,75,75,75,75,75,75,75,75,77,77,77,77,77,77,77,77,77,77,77,77,77,77,77,79,79,83,83,83,85,85,85,85,87,87,89,89,91,91,91,91,93,93,95,95,95,102,102,102,102,102,102,102,102,94,94,94,94,94,94,94,94,94,94,94,94,96,96,96,98,105,105,105,105,107,109,109,109],"card_choices":[{"not_picked":["hermit:TakeCover","hermit:HoleUp"],"picked":"hermit:GoldenBullet","floor":1.0},{"not_picked":["hermit:Malice","hermit:Combo","hermit:Brawl","hermit:Quickdraw"],"picked":"hermit:Glare","floor":4.0},{"not_picked":["hermit:Feint","hermit:Deadeye","hermit:SprayPray","hermit:Dive"],"picked":"hermit:Snipe","floor":5.0},{"not_picked":["hermit:TakeCover","hermit:BodyArmor","hermit:Virtue","hermit:CalledShot"],"picked":"hermit:HeroicBravado","floor":6.0},{"not_picked":["hermit:Desperado","hermit:ItchyTrigger","hermit:Roulette","hermit:Headshot"],"picked":"hermit:Quickdraw","floor":8.0},{"not_picked":["hermit:GhostlyPresence","hermit:Horror","hermit:Headshot","hermit:HoleUp"],"picked":"hermit:Midnight","floor":10.0},{"not_picked":["hermit:Virtue","hermit:TrackingShot","hermit:Combo","hermit:Snipe"],"picked":"hermit:Coalescence","floor":11.0},{"not_picked":["hermit:Feint","hermit:Cheat","hermit:Combo","hermit:Vantage"],"picked":"hermit:Scavenge","floor":13.0},{"not_picked":["hermit:DeadOrAlive","hermit:OverwhelmingPower","hermit:RoundhouseKick","hermit:EternalForm"],"picked":"hermit:Gambit","floor":16.0},{"not_picked":["hermit:ItchyTrigger","hermit:Manifest","hermit:Virtue","hermit:Desperado+1"],"picked":"hermit:CursedWeapon+1","floor":18.0},{"not_picked":["hermit:Roulette+1","hermit:Vantage","hermit:SprayPray+1","hermit:Dive"],"picked":"hermit:FlashPowder+1","floor":19.0},{"not_picked":["hermit:Grudge","hermit:Manifest","hermit:Misfire","hermit:Cheat"],"picked":"hermit:PistolWhip","floor":21.0},{"not_picked":["hermit:LuckOfTheDraw+1","hermit:Snipe","hermit:Quickdraw","hermit:Headshot"],"picked":"hermit:Gestalt","floor":23.0},{"not_picked":["hermit:Determination","hermit:Showdown","hermit:NoHoldsBarred","hermit:SprayPray"],"picked":"hermit:HeroicBravado","floor":25.0},{"not_picked":["hermit:SprayPray","hermit:Determination","hermit:HoleUp","hermit:Roulette"],"picked":"hermit:BigShot","floor":27.0},{"not_picked":["hermit:LowProfile","hermit:Maintenance","hermit:Desperado","hermit:DeadMansHand"],"picked":"hermit:Combo","floor":29.0},{"not_picked":["hermit:BlackWind","hermit:RoundhouseKick","hermit:Reprieve","hermit:Magnum"],"picked":"hermit:Dissolve","floor":33},{"not_picked":["hermit:SprayPray","hermit:Desperado","hermit:Roulette","hermit:CalledShot+1","hermit:Dive+1"],"picked":"Singing Bowl","floor":35},{"not_picked":["hermit:BodyArmor+1","hermit:ShadowCloak","hermit:Grudge+1","hermit:TakeCover"],"picked":"hermit:Headshot","floor":36},{"not_picked":["hermit:Deadeye","hermit:Roulette+1","hermit:SprayPray+1","hermit:LowProfile+1"],"picked":"hermit:CursedWeapon","floor":37},{"not_picked":["Magnetism","hubris:EnhanceAbility","Transmutation","MostiFishMod:Galeforce"],"picked":"Sadistic Nature","floor":38},{"not_picked":["ReplayTheSpireMod:Uncanny Aura","Panacea","MostiFishMod:OneDayCity","Replay:Sssssssssstrike"],"picked":"Replay:Parry","floor":38},{"not_picked":["Thinking Ahead","MostiFishMod:MusicBox","Purity","Enlightenment"],"picked":"Replay:Bootleg Shield Generator","floor":38},{"not_picked":["hermit:WideOpen","hermit:CursedWeapon+1","hermit:Headshot+1","hermit:BodyArmor"],"picked":"hermit:Glare","floor":39},{"not_picked":["hermit:Grudge","hermit:TrackingShot+1","hermit:CursedWeapon+1","hermit:ShadowCloak"],"picked":"hermit:GoldenBullet+1","floor":41},{"not_picked":["hermit:Brawl","hermit:HighCaliber","hermit:DeadMansHand","hermit:Gestalt"],"picked":"hermit:EyeOfTheStorm+1","floor":44},{"not_picked":["hermit:Maintenance","hermit:Vantage","hermit:SprayPray+1","hermit:Roulette+1"],"picked":"hermit:HeroicBravado+1","floor":46},{"not_picked":["infinitespire:Collect","infinitespire:UltimateForm"],"picked":"ReplayTheSpireMod:Chaos Vortex","floor":48},{"not_picked":["hermit:LowProfile","hermit:Headshot+1","hermit:BodyArmor","hermit:Roulette"],"picked":"hermit:CalledShot+1","floor":48},{"not_picked":["hermit:Gambit+1","hermit:Reprieve+1","hermit:Adapt+1","hermit:HighNoon+1","hermit:Roughhouse+1"],"picked":"Singing Bowl","floor":50},{"not_picked":["hermit:DeadMansHand","hermit:Dive","hermit:Misfire","hermit:HighCaliber","hermit:Malice"],"picked":"Singing Bowl","floor":52},{"not_picked":["hermit:Purgatory+1","hermit:Feint","hermit:LoneWolf","hermit:HighCaliber","hermit:NoHoldsBarred"],"picked":"Singing Bowl","floor":52},{"not_picked":["hermit:Vantage","hermit:HighCaliber","hermit:Dive","hermit:TrackingShot","hermit:Misfire"],"picked":"Singing Bowl","floor":55},{"not_picked":["hermit:BodyArmor","hermit:CalledShot","hermit:HoleUp","hermit:Determination"],"picked":"hermit:Gestalt","floor":55},{"not_picked":["hermit:BigShot","hermit:ShadowCloak","hermit:Magnum+1","hermit:NoHoldsBarred"],"picked":"hermit:PistolWhip","floor":57},{"not_picked":["hermit:HighCaliber","hermit:BodyArmor","hermit:HoleUp","hermit:GoldenBullet","hermit:Roulette"],"picked":"Singing Bowl","floor":59},{"not_picked":["hermit:Snipe","hermit:LowProfile","hermit:Ricochet","hermit:HighCaliber"],"picked":"hermit:Coalescence","floor":61},{"not_picked":["hermit:ItchyTrigger","hermit:Vantage","hermit:TrackingShot","hermit:HighCaliber","hermit:LoneWolf"],"picked":"Singing Bowl","floor":61},{"not_picked":["hermit:Ricochet","hermit:Combo","hermit:Vantage","hermit:Maintenance","hermit:Midnight"],"picked":"Singing Bowl","floor":63},{"not_picked":["hermit:TakeAim","hermit:ShadowCloak","hermit:FinalCanter+1","hermit:Malice"],"picked":"hermit:CalledShot","floor":63},{"not_picked":["hermit:Magnum+1","hermit:Adapt+1","hermit:OverwhelmingPower+1","hermit:Purgatory+1","hermit:RoundhouseKick+1","hermit:FatalDesire+1"],"picked":"Singing Bowl","floor":67},{"not_picked":["hermit:Quickdraw","hermit:Headshot","hermit:Ricochet","hermit:CalledShot","hermit:Desperado"],"picked":"hermit:PistolWhip+1","floor":69},{"not_picked":["hermit:ItchyTrigger","hermit:SprayPray","hermit:Vantage","hermit:HoleUp","hermit:Grudge","hermit:Maintenance"],"picked":"Singing Bowl","floor":69},{"not_picked":["hermit:ItchyTrigger","hermit:Feint","hermit:CalledShot+1","hermit:BodyArmor+1","hermit:Coalescence+1"],"picked":"hermit:DeadOrAlive+1","floor":79},{"not_picked":["hermit:TrackingShot+1","hermit:Ricochet","hermit:Misfire","hermit:Snipe","hermit:FullyLoaded+1"],"picked":"hermit:Quickdraw","floor":79},{"not_picked":["hermit:Enervate","hermit:Manifest+1","hermit:Feint","hermit:Misfire","hermit:Brawl+1"],"picked":"hermit:Coalescence+1","floor":81},{"not_picked":["hermit:GhostlyPresence","hermit:HighCaliber","hermit:Maintenance","hermit:Malice","hermit:Dissolve+1"],"picked":"hermit:Virtue","floor":81},{"not_picked":["hermit:Purgatory+1","hermit:HeroicBravado+1","hermit:Roughhouse+1","hermit:Reprieve+1","hermit:FromBeyond+1"],"picked":"hermit:Dissolve+1","floor":84},{"not_picked":["hermit:Glare+1","hermit:ItchyTrigger+1","hermit:Headshot+1","hermit:Desperado","hermit:Horror+1"],"picked":"hermit:GoldenBullet","floor":86},{"not_picked":["hermit:Dive","hermit:HighCaliber+1","hermit:Glare","hermit:Maintenance+1","hermit:Scavenge"],"picked":"hermit:WideOpen+1","floor":86},{"not_picked":["hermit:ItchyTrigger+1","hermit:FlashPowder+1","hermit:PistolWhip","hermit:Desperado+1","hermit:BigShot+1"],"picked":"hermit:Coalescence+1","floor":87},{"not_picked":["hermit:Ricochet","hermit:PistolWhip+1","hermit:Midnight","hermit:ShadowCloak+1","hermit:BodyArmor"],"picked":"hermit:Quickdraw","floor":87},{"not_picked":["hermit:Determination+1","hermit:Purgatory+1","hermit:WideOpen+1","hermit:LowProfile+1","hermit:ShadowCloak+1"],"picked":"hermit:Headshot","floor":90},{"not_picked":["hermit:Dive","hermit:Scavenge","hermit:EyeOfTheStorm","hermit:Spite","hermit:CalledShot"],"picked":"hermit:Coalescence+1","floor":90},{"not_picked":["ReplayTheSpireMod:Black Plague","infinitespire:Fortify"],"picked":"infinitespire:FutureSight","floor":91},{"not_picked":["hermit:TrackingShot+1","hermit:CalledShot","hermit:Snipe","hermit:LowProfile+1","hermit:BigShot+1","hermit:Scavenge"],"picked":"Singing Bowl","floor":92},{"not_picked":["hermit:Maintenance+1","hermit:Gambit+1","hermit:Feint+1","hermit:GhostlyPresence","hermit:Shortfuse","hermit:HoleUp+1"],"picked":"Singing Bowl","floor":95},{"not_picked":["hermit:Midnight","hermit:Cheat","hermit:Malice+1","hermit:BodyArmor","hermit:Glare+1","hermit:Snipe+1"],"picked":"Singing Bowl","floor":100},{"not_picked":["hermit:OverwhelmingPower+1","hermit:HighNoon+1","hermit:RoundhouseKick+1","hermit:HeroicBravado+1","hermit:Adapt+1","hermit:FromBeyond+1"],"picked":"Singing Bowl","floor":101}],"player_experience":223991,"relics_obtained":[{"floor":1.0,"key":"SynthV:TestCard"},{"floor":6.0,"key":"ReplayTheSpireMod:Shallot"},{"floor":9.0,"key":"hubris:SlimyHat"},{"floor":20.0,"key":"HollowMod:LifeEnderRelic"},{"floor":23.0,"key":"Anchor"},{"floor":25.0,"key":"Replay:Wax Seal"},{"floor":33,"key":"infinitespire:ShieldingShard"},{"floor":41,"key":"Juzu Bracelet"},{"floor":43,"key":"Old Coin"},{"floor":44,"key":"ReplayTheSpireMod:TigerMarble"},{"floor":46,"key":"Darkstone Periapt"},{"floor":55,"key":"SynthV:C4"},{"floor":56,"key":"Ring of Searing"},{"floor":56,"key":"ReplayTheSpireMod:Ring of Challenge"},{"floor":57,"key":"infinitespire:WardingShard"},{"floor":59,"key":"MawBank"},{"floor":60,"key":"Ancient Tea Set"},{"floor":76,"key":"Bottled Lightning"},{"floor":77,"key":"Shuriken"},{"floor":82,"key":"Mirror"},{"floor":84,"key":"Gensokyo:MosesMiracle"},{"floor":84,"key":"infinitespire:CheckeredPen"},{"floor":92,"key":"Replay:Multitool"},{"floor":93,"key":"Gremlin Horn"},{"floor":94,"key":"Bag of Preparation"},{"floor":95,"key":"ImprovedEquipment"}],"event_choices":[{"cards_removed":["hermit:Strike_Hermit"],"damage_healed":0.0,"max_hp_gain":0.0,"max_hp_loss":0.0,"gold_gain":0.0,"event_name":"Purifier","player_choice":"Purged","floor":22.0,"gold_loss":0.0,"damage_taken":0.0},{"damage_healed":0.0,"max_hp_gain":0.0,"max_hp_loss":0.0,"gold_gain":0.0,"event_name":"Wheel of Change","player_choice":"Damaged","floor":30.0,"gold_loss":0.0,"damage_taken":7.0},{"damage_healed":0,"gold_gain":0,"player_choice":"Ignored","damage_taken":0,"max_hp_gain":0,"max_hp_loss":0,"event_name":"Tomb of Lord Red Mask","floor":47,"gold_loss":0}],"is_beta":false,"boss_relics":[{"not_picked":["MoonlightInvasionPlan","ReplayTheSpireMod:SealedPack"],"picked":"ShadowXiaoBlade"},{"not_picked":["Velvet Choker","EE1DDrone"],"picked":"TakeMeEscape"},{"not_picked":["xbg","Philosopher\u0027s Stone"],"picked":"hubris:Backtick"},{"not_picked":["hubris:Stopwatch","hubris:TerracottaHorce"],"picked":"Runic Pyramid"},{"not_picked":["hubris:CrackedHourglass","Runic Dome"],"picked":"HaiYi:Twilight"},{"not_picked":["NightmareShop","Replay:Ancient Bell"],"picked":"FeatherPendant"}],"items_purged_floors":[],"is_endless":true,"potions_floor_spawned":[5,6,10,13,18,27,29,33,36,37,48,48,50,52,61,81,84,92,95],"ascension_level":4}}