{"host":"h7v50ofoukcy1stu","time":1610578450,"event":{"mods":["2.2 Compatiblity","BaseMod","Beaked The Cultist","Downfall","Minty Spire (QoL Compilation)","StSLib","The Blackbeard","The Bladedancer","The Runesmith"],"gold_per_floor":[115,115,115,129,142,177,58,58,58],"floor_reached":8,"language":"ENG","playtime":534,"items_purged":[],"score":59,"play_id":"2b8066c8-0177-4dda-8dc2-788ff71e7099","local_time":"20210113235410","is_ascension_mode":true,"campfire_choices":[],"circlet_count":0,"master_deck":["Runesmith:Strike_RS+1","Runesmith:Strike_RS","Runesmith:Strike_RS","Runesmith:Strike_RS","Runesmith:Defend_RS","Runesmith:Defend_RS+1","Runesmith:Defend_RS","Runesmith:CraftFirestone","Runesmith:Fortify","Runesmith:GrandSlam","Runesmith:Grindstone","Runesmith:Accelerate","Runesmith:CraftProtectio","Runesmith:HammerThrow","Runesmith:LithiumIon","Runesmith:CraftMagma"],"relics":["Runesmith:BrokenRuby","Darkstone Periapt"],"acts_visited":["Exordium"],"potions_floor_usage":[6],"damage_taken":[{"damage":13,"enemies":"Jaw Worm","floor":1,"turns":4},{"damage":2,"enemies":"Small Slimes","floor":4,"turns":4},{"damage":0,"enemies":"Cultist","floor":5,"turns":4},{"damage":24,"enemies":"3 Sentries","floor":6,"turns":9},{"damage":29,"enemies":"Gremlin Nob","floor":8,"turns":3}],"seed_played":"-8202676866219575543","potions_obtained":[{"floor":1,"key":"Fire Potion"}],"is_trial":false,"path_per_floor":["M","?","?","M","M","E","$","E"],"character_chosen":"RUNESMITH_CLASS","items_purchased":["Runesmith:LithiumIon","Runesmith:CraftMagma"],"campfire_rested":0,"item_purchase_floors":[7,7],"current_hp_per_floor":[57,43,43,41,41,17,17,0,0],"gold":58,"neow_bonus":"ONE_RANDOM_RARE_CARD","is_daily":false,"chose_seed":false,"campfire_upgraded":0,"win_rate":0.0,"timestamp":1610578450,"path_taken":["M","?","?","M","?","E","$","E"],"items_purchased_type":["Card","Card"],"build_version":"2020-12-22","purchased_purges":0,"victory":false,"max_hp_per_floor":[70,70,70,70,70,70,70,70,70],"card_choices":[{"not_picked":["Runesmith:DoubleUp","Runesmith:RuneHurl"],"picked":"Runesmith:Grindstone","floor":1},{"not_picked":["Runesmith:ChiselStab","Runesmith:EarthShield"],"picked":"Runesmith:Accelerate","floor":4},{"not_picked":["Runesmith:RuneHurl","Runesmith:HeatExchange"],"picked":"Runesmith:CraftProtectio","floor":5},{"not_picked":["Runesmith:HeatedChisel","Runesmith:Accelerate"],"picked":"Runesmith:HammerThrow","floor":6}],"player_experience":178986,"relics_obtained":[{"floor":6,"key":"Darkstone Periapt"}],"event_choices":[{"damage_healed":0,"gold_gain":0,"player_choice":"Entered Light","damage_taken":14,"max_hp_gain":0,"max_hp_loss":0,"event_name":"Shining Light","floor":2,"gold_loss":0,"cards_upgraded":["Runesmith:Defend_RS","Runesmith:Strike_RS"]},{"cards_removed":["Runesmith:Defend_RS"],"damage_healed":0,"gold_gain":0,"player_choice":"Purged","damage_taken":0,"max_hp_gain":0,"max_hp_loss":0,"event_name":"Purifier","floor":3,"gold_loss":0}],"is_beta":false,"boss_relics":[],"items_purged_floors":[],"is_endless":false,"potions_floor_spawned":[1],"killed_by":"Gremlin Nob","ascension_level":1}}