{"host":"mi0eibewekhugwl1","time":1610544167,"event":{"mods":["AchievementEnabler","BaseMod","Colored Map","Colored Powertips","DeckTracker","Keyboard Shortcuts","Minty Spire (QoL Compilation)","Quick Restart","Rare Cards Sparkle","Relic Stats","StSLib","SuperFastMode","everything is the same but u backflip on backflip"],"gold_per_floor":[109,20,35,35,185,216,216,226,226,326,361,378,378,20,20,97,97,113,163,0,14,32,32,46,74,100,100,50,68,68,18,18,18,18],"floor_reached":33,"language":"KOR","playtime":515,"items_purged":["Doubt","Strike_R","Strike_R"],"score":596,"play_id":"d6e55c2b-b26e-409a-9dd7-892c7bce14e1","local_time":"20210113222247","is_ascension_mode":true,"campfire_choices":[{"data":"Twin Strike","floor":7.0,"key":"SMITH"},{"floor":13.0,"key":"REST"},{"data":"Evolve","floor":15.0,"key":"SMITH"},{"floor":23,"key":"REST"},{"floor":30,"key":"REST"},{"floor":32,"key":"REST"}],"circlet_count":0,"master_deck":["AscendersBane","Strike_R","Strike_R","Strike_R","Defend_R","Defend_R","Defend_R","Defend_R","Bash","Fire Breathing","Evolve+1","Inflame+1","Twin Strike+1","Sword Boomerang","Shrug It Off","Offering","Flame Barrier","Power Through","Pommel Strike+1","Second Wind"],"relics":["Burning Blood","NeowsBlessing","Turnip","Darkstone Periapt","Self Forming Clay","Mummified Hand","Sozu","OrangePellets","Bird Faced Urn","Smiling Mask"],"acts_visited":["Exordium","TheCity"],"potions_floor_usage":[16,16,33],"damage_taken":[{"damage":0.0,"enemies":"Cultist","floor":1.0,"turns":1.0},{"damage":0.0,"enemies":"Small Slimes","floor":3.0,"turns":1.0},{"damage":0.0,"enemies":"Gremlin Nob","floor":6.0,"turns":1.0},{"damage":10.0,"enemies":"2 Louse","floor":8.0,"turns":2.0},{"damage":20.0,"enemies":"3 Sentries","floor":11.0,"turns":4.0},{"damage":42.0,"enemies":"Exordium Thugs","floor":12.0,"turns":5.0},{"damage":17,"enemies":"The Guardian","floor":16,"turns":10},{"damage":18,"enemies":"2 Thieves","floor":18,"turns":3},{"damage":19,"enemies":"Chosen","floor":21,"turns":4},{"damage":13,"enemies":"Centurion and Healer","floor":22,"turns":7},{"damage":21,"enemies":"Chosen and Byrds","floor":24,"turns":5},{"damage":35,"enemies":"Book of Stabbing","floor":25,"turns":5},{"damage":7,"enemies":"Snake Plant","floor":29,"turns":5},{"damage":88,"enemies":"Collector","floor":33,"turns":9}],"seed_played":"-6063591046504098846","potions_obtained":[{"floor":3.0,"key":"CultistPotion"},{"floor":6.0,"key":"Strength Potion"},{"floor":16,"key":"LiquidMemories"}],"is_trial":false,"path_per_floor":["M","$","M","?","?","E","R","M","T","?","E","M","R","$","R","B",null,"M","?","$","M","M","R","M","E","T","?","$","M","R","$","R","B"],"character_chosen":"IRONCLAD","items_purchased":["Evolve","Mummified Hand","OrangePellets"],"campfire_rested":4,"item_purchase_floors":[2,14,20],"current_hp_per_floor":[74,74,75,75,75,75,75,71,71,71,57,21,43,43,43,32,64,52,52,52,39,32,54,39,10,10,10,10,15,37,37,59,0,0],"gold":18,"neow_bonus":"THREE_ENEMY_KILL","is_daily":false,"chose_seed":false,"campfire_upgraded":2,"win_rate":0.0,"timestamp":1610544167,"path_taken":["M","$","M","?","?","E","R","M","T","?","E","M","R","$","R","BOSS","M","?","$","M","M","R","M","E","T","?","$","M","R","$","R","BOSS"],"items_purchased_type":["Card","Relic","Relic"],"build_version":"2020-12-22","purchased_purges":3,"victory":false,"max_hp_per_floor":[75,75,75,75,75,75,75,75,75,75,75,75,75,75,75,75,75,75,75,75,75,75,75,75,75,75,75,75,75,75,75,75,75,75],"relic_stats":{"Darkstone Periapt":0,"Sozu":3,"OrangePellets":[3],"counters":[14,62],"Self Forming Clay":[87],"Mummified Hand":[22],"Bird Faced Urn":[12],"Turnip":[13],"Smiling Mask":125,"obtain_stats":[{"Darkstone Periapt":9,"Sozu":17,"OrangePellets":20,"NeowsBlessing":0,"Self Forming Clay":11,"Mummified Hand":14,"Bird Faced Urn":25,"Turnip":6,"Smiling Mask":26,"Burning Blood":0},{"Darkstone Periapt":4,"Sozu":7,"OrangePellets":8,"NeowsBlessing":0,"Self Forming Clay":5,"Mummified Hand":6,"Bird Faced Urn":12,"Turnip":3,"Smiling Mask":12,"Burning Blood":0},{"Darkstone Periapt":5,"Sozu":24,"OrangePellets":27,"NeowsBlessing":0,"Self Forming Clay":9,"Mummified Hand":14,"Bird Faced Urn":48,"Turnip":3,"Smiling Mask":48,"Burning Blood":0}],"Burning Blood":67},"card_choices":[{"not_picked":["Flex","Body Slam"],"picked":"Fire Breathing","floor":1.0},{"not_picked":["Combust","Armaments"],"picked":"Inflame","floor":3.0},{"not_picked":["Pummel","Shrug It Off"],"picked":"Twin Strike","floor":6.0},{"not_picked":["Flex","Metallicize"],"picked":"Sword Boomerang","floor":8.0},{"not_picked":["Corruption","Heavy Blade","Barricade"],"picked":"SKIP","floor":11.0},{"not_picked":["Body Slam","Searing Blow"],"picked":"Shrug It Off","floor":12.0},{"not_picked":["Bludgeon","Impervious"],"picked":"Offering","floor":16},{"not_picked":["Blood for Blood","True Grit","Fire Breathing"],"picked":"SKIP","floor":18},{"not_picked":["Headbutt","Armaments"],"picked":"Flame Barrier","floor":21},{"not_picked":["Clash","Flex"],"picked":"Power Through","floor":22},{"not_picked":["Anger","Spot Weakness","Armaments"],"picked":"SKIP","floor":24},{"not_picked":["Intimidate","Burning Pact"],"picked":"Pommel Strike+1","floor":25},{"not_picked":["Havoc","Shrug It Off"],"picked":"Second Wind","floor":29}],"player_experience":1739710,"relics_obtained":[{"floor":6.0,"key":"Turnip"},{"floor":9.0,"key":"Darkstone Periapt"},{"floor":11.0,"key":"Self Forming Clay"},{"floor":25,"key":"Bird Faced Urn"},{"floor":26,"key":"Smiling Mask"}],"event_choices":[{"damage_healed":0.0,"max_hp_gain":0.0,"max_hp_loss":0.0,"gold_gain":0.0,"event_name":"Living Wall","player_choice":"Grow","floor":4.0,"gold_loss":0.0,"damage_taken":0.0,"cards_upgraded":["Inflame"]},{"damage_healed":0.0,"max_hp_gain":0.0,"max_hp_loss":0.0,"gold_gain":150.0,"event_name":"Liars Game","player_choice":"AGREE","floor":5.0,"gold_loss":0.0,"damage_taken":0.0,"cards_obtained":["Doubt"]},{"damage_healed":0.0,"max_hp_gain":0.0,"max_hp_loss":0.0,"gold_gain":100.0,"event_name":"Wheel of Change","player_choice":"Gold","floor":10.0,"gold_loss":0.0,"damage_taken":0.0},{"damage_healed":0,"gold_gain":50,"player_choice":"Stole From Cult","damage_taken":0,"max_hp_gain":0,"max_hp_loss":0,"event_name":"Nest","floor":19,"gold_loss":0},{"damage_healed":0,"gold_gain":0,"player_choice":"Ignored","damage_taken":0,"max_hp_gain":0,"max_hp_loss":0,"event_name":"N\u0027loth","floor":27,"gold_loss":0}],"is_beta":false,"boss_relics":[{"not_picked":["Coffee Dripper","Ectoplasm"],"picked":"Sozu"}],"items_purged_floors":[14,28,31],"is_endless":false,"potions_floor_spawned":[3,6,11,12,16,18,22,25],"killed_by":"Collector","ascension_level":20}}