{"host":"kg61lsvem4dxoat8","time":1610556815,"event":{"mods":["BaseMod","Colored Powertips","Minty Spire (QoL Compilation)","Quick Restart","Rare Cards Sparkle","Relic Stats","slay the spire mod where everything is the same but ironclad has a cowboy hat"],"gold_per_floor":[114,114,114,124,49,49,83,83,83,95,95,106,106,117,117,212,212,232,2,2,2,16,16,27,27,27,27,44,58,84,84,84],"floor_reached":31,"language":"ENG","playtime":613,"items_purged":["Strike_R"],"score":351,"play_id":"8ab2d11e-43b2-4ee3-bf8b-3adf3cd0f41f","local_time":"20210114005335","is_ascension_mode":true,"campfire_choices":[{"data":"Juggernaut","floor":6,"key":"SMITH"},{"data":"Rage","floor":8,"key":"SMITH"},{"data":"Body Slam","floor":11,"key":"SMITH"},{"data":"True Grit","floor":13,"key":"SMITH"},{"data":"Metallicize","floor":15,"key":"SMITH"},{"floor":23,"key":"REST"}],"circlet_count":0,"master_deck":["Strike_R","Strike_R","Strike_R","Strike_R","Defend_R","Defend_R","Defend_R","Defend_R","Bash","Twin Strike+1","Juggernaut+1","Rage+1","Body Slam+1","True Grit+1","Metallicize+1","Impervious","Necronomicurse","Shame"],"relics":["Burning Blood","NeowsBlessing","PreservedInsect","Sundial","Fusion Hammer","Happy Flower","Necronomicon","Self Forming Clay","Ancient Tea Set","Girya","MutagenicStrength","MealTicket"],"acts_visited":["Exordium","TheCity"],"potions_floor_usage":[16,22],"damage_taken":[{"damage":0,"enemies":"2 Louse","floor":1,"turns":1},{"damage":0,"enemies":"Small Slimes","floor":4,"turns":1},{"damage":0,"enemies":"Gremlin Nob","floor":7,"turns":1},{"damage":7,"enemies":"Jaw Worm","floor":10,"turns":3},{"damage":12,"enemies":"Looter","floor":12,"turns":3},{"damage":0,"enemies":"2 Fungi Beasts","floor":14,"turns":3},{"damage":22,"enemies":"The Guardian","floor":16,"turns":8},{"damage":7,"enemies":"Shell Parasite","floor":18,"turns":4},{"damage":13,"enemies":"2 Thieves","floor":22,"turns":4},{"damage":0,"enemies":"Cultist and Chosen","floor":24,"turns":5},{"damage":20,"enemies":"Snake Plant","floor":28,"turns":4},{"damage":24,"enemies":"Shelled Parasite and Fungi","floor":29,"turns":5},{"damage":10,"enemies":"Centurion and Healer","floor":31,"turns":2}],"seed_played":"5465009113643246920","potions_obtained":[{"floor":1,"key":"Swift Potion"},{"floor":10,"key":"LiquidBronze"},{"floor":12,"key":"EssenceOfSteel"},{"floor":16,"key":"SteroidPotion"}],"is_trial":false,"path_per_floor":["M","?","?","M","$","R","E","R","T","M","R","M","R","M","R","B",null,"M","$","?","?","M","R","M","?","T","?","M","M","T","M"],"character_chosen":"IRONCLAD","items_purchased":["Rage","Happy Flower"],"campfire_rested":1,"item_purchase_floors":[5,19],"current_hp_per_floor":[78,78,78,80,80,80,80,80,80,79,79,73,73,79,79,63,76,75,75,59,59,52,76,80,80,80,80,66,48,48,38,38],"gold":84,"neow_bonus":"THREE_ENEMY_KILL","is_daily":false,"chose_seed":false,"campfire_upgraded":5,"win_rate":0.0,"timestamp":1610556815,"path_taken":["M","?","?","M","?","R","E","R","T","M","R","M","R","M","R","BOSS","M","$","?","?","M","R","M","?","T","?","?","M","?","M"],"items_purchased_type":["Card","Relic"],"build_version":"2020-12-22","purchased_purges":1,"victory":false,"max_hp_per_floor":[80,80,80,80,80,80,80,80,80,80,80,80,80,80,80,80,80,80,80,80,80,80,80,80,80,80,80,80,80,80,80,80],"relic_stats":{"Happy Flower":[6],"counters":[13,44],"Sundial":[6],"Self Forming Clay":[21],"MealTicket":0,"PreservedInsect":0,"Necronomicon":[3],"obtain_stats":[{"Girya":26,"NeowsBlessing":0,"Happy Flower":19,"Sundial":9,"Self Forming Clay":21,"MutagenicStrength":27,"MealTicket":30,"PreservedInsect":7,"Fusion Hammer":17,"Necronomicon":20,"Ancient Tea Set":25,"Burning Blood":0},{"Girya":10,"NeowsBlessing":0,"Happy Flower":8,"Sundial":3,"Self Forming Clay":8,"MutagenicStrength":10,"MealTicket":12,"PreservedInsect":3,"Fusion Hammer":7,"Necronomicon":8,"Ancient Tea Set":10,"Burning Blood":0},{"Girya":33,"NeowsBlessing":0,"Happy Flower":24,"Sundial":3,"Self Forming Clay":24,"MutagenicStrength":33,"MealTicket":42,"PreservedInsect":3,"Fusion Hammer":20,"Necronomicon":24,"Ancient Tea Set":33,"Burning Blood":0}],"Burning Blood":60},"card_choices":[{"not_picked":["Pummel","Pommel Strike"],"picked":"Twin Strike","floor":1},{"not_picked":["Anger","Havoc"],"picked":"Juggernaut","floor":4},{"not_picked":["Twin Strike","Infernal Blade","Pommel Strike"],"picked":"SKIP","floor":7},{"not_picked":["Blood for Blood","Sword Boomerang"],"picked":"Body Slam","floor":10},{"not_picked":["Havoc","Warcry"],"picked":"True Grit","floor":12},{"not_picked":["Pummel","Wild Strike"],"picked":"Metallicize","floor":14},{"not_picked":["Fiend Fire","Immolate"],"picked":"Impervious","floor":16},{"not_picked":["Twin Strike","Iron Wave","Carnage+1"],"picked":"SKIP","floor":18},{"not_picked":["Anger+1","Headbutt","Clothesline"],"picked":"SKIP","floor":22},{"not_picked":["Hemokinesis","Dropkick+1","Clash+1"],"picked":"SKIP","floor":24},{"not_picked":["Hemokinesis+1","Cleave+1","Spot Weakness"],"picked":"SKIP","floor":28},{"not_picked":["Havoc","Sword Boomerang","Perfected Strike+1"],"picked":"SKIP","floor":29}],"player_experience":1326502,"relics_obtained":[{"floor":7,"key":"PreservedInsect"},{"floor":9,"key":"Sundial"},{"floor":20,"key":"Necronomicon"},{"floor":26,"key":"Girya"},{"floor":30,"key":"MealTicket"}],"event_choices":[{"damage_healed":0,"gold_gain":0,"player_choice":"Grow","damage_taken":0,"max_hp_gain":0,"max_hp_loss":0,"event_name":"Living Wall","floor":2,"gold_loss":0,"cards_upgraded":["Twin Strike"]},{"damage_healed":0,"gold_gain":0,"player_choice":"Ignored","damage_taken":0,"max_hp_gain":0,"max_hp_loss":0,"event_name":"Golden Idol","floor":3,"gold_loss":0},{"damage_healed":0,"gold_gain":0,"player_choice":"Obtained Book","damage_taken":16,"max_hp_gain":0,"max_hp_loss":0,"event_name":"Cursed Tome","floor":20,"gold_loss":0},{"damage_healed":0,"gold_gain":0,"player_choice":"Stole Relic","damage_taken":0,"relics_obtained":["Self Forming Clay"],"max_hp_gain":0,"max_hp_loss":0,"event_name":"Addict","floor":21,"gold_loss":0,"cards_obtained":["Shame"]},{"damage_healed":0,"gold_gain":0,"player_choice":"Opened","damage_taken":0,"relics_obtained":["Ancient Tea Set"],"max_hp_gain":0,"max_hp_loss":0,"event_name":"The Mausoleum","floor":25,"gold_loss":0},{"damage_healed":0,"gold_gain":0,"player_choice":"Inject Mutagens","damage_taken":0,"relics_obtained":["MutagenicStrength"],"max_hp_gain":0,"max_hp_loss":0,"event_name":"Drug Dealer","floor":27,"gold_loss":0}],"is_beta":false,"boss_relics":[{"not_picked":["Runic Dome","Tiny House"],"picked":"Fusion Hammer"}],"items_purged_floors":[19],"is_endless":false,"potions_floor_spawned":[1,10,12,16,18],"killed_by":"Centurion and Healer","ascension_level":7}}