{"host":"puf131q5awx2h4uh","time":1610533663,"event":{"mods":["BaseMod","Minty Spire (QoL Compilation)","Quick Restart","Shop Mod","StSLib"],"gold_per_floor":[110,110,40,57,80,115,115,146,173,28,47,58,58,89,89,89,89],"floor_reached":16,"language":"ZHS","playtime":296,"items_purged":[],"score":236,"play_id":"9bc4708e-dd01-417b-9f0e-acdb11a8f334","local_time":"20210113182743","is_ascension_mode":true,"campfire_choices":[{"data":"Deadly Poison","floor":7,"key":"SMITH"},{"data":"Neutralize","floor":13,"key":"SMITH"},{"data":"Noxious Fumes","floor":15,"key":"SMITH"}],"circlet_count":0,"master_deck":["AscendersBane","Strike_G","Strike_G","Strike_G","Strike_G","Strike_G","Defend_G","Defend_G","Defend_G","Defend_G","Defend_G","Survivor","Neutralize+1","Deadly Poison+1","Noxious Fumes+1","Poisoned Stab"],"relics":["Ring of the Snake","NeowsBlessing","Dream Catcher","Meat on the Bone","Akabeko","Anchor","Centennial Puzzle"],"acts_visited":["Exordium"],"potions_floor_usage":[12,16],"damage_taken":[{"damage":0,"enemies":"2 Louse","floor":1,"turns":1},{"damage":0,"enemies":"Cultist","floor":4,"turns":1},{"damage":0,"enemies":"Lagavulin","floor":6,"turns":1},{"damage":28,"enemies":"Gremlin Nob","floor":8,"turns":4},{"damage":0,"enemies":"Jaw Worm","floor":11,"turns":3},{"damage":0,"enemies":"3 Louse","floor":12,"turns":2},{"damage":18,"enemies":"Lagavulin","floor":14,"turns":8},{"damage":36,"enemies":"Slime Boss","floor":16,"turns":5}],"seed_played":"5997562498347279315","potions_obtained":[{"floor":6,"key":"Explosive Potion"},{"floor":11,"key":"AttackPotion"},{"floor":12,"key":"GamblersBrew"},{"floor":14,"key":"Energy Potion"}],"is_trial":false,"path_per_floor":["M","?","$","M","T","E","R","E","T","$","M","M","R","E","R","B"],"character_chosen":"THE_SILENT","items_purchased":["Noxious Fumes","Anchor"],"campfire_rested":0,"item_purchase_floors":[3,10],"current_hp_per_floor":[63,70,70,70,70,70,70,42,42,42,42,42,42,36,36,0,0],"gold":89,"neow_bonus":"THREE_ENEMY_KILL","is_daily":false,"chose_seed":false,"campfire_upgraded":3,"win_rate":0.0,"timestamp":1610533663,"path_taken":["M","?","?","M","?","E","R","E","T","$","M","M","R","E","R","BOSS"],"items_purchased_type":["Card","Relic"],"build_version":"2020-12-22","purchased_purges":0,"victory":false,"max_hp_per_floor":[70,70,70,70,70,70,70,70,70,70,70,70,70,70,70,70,70],"card_choices":[{"not_picked":["Sucker Punch","Cloak And Dagger"],"picked":"Deadly Poison","floor":1},{"not_picked":["Cloak And Dagger","Quick Slash"],"picked":"Poisoned Stab","floor":4},{"not_picked":["Bane","Prepared","Sucker Punch"],"picked":"SKIP","floor":6},{"not_picked":["Infinite Blades","Cloak And Dagger","Wraith Form v2"],"picked":"SKIP","floor":8},{"not_picked":["Deadly Poison","Quick Slash","Dagger Throw"],"picked":"SKIP","floor":11},{"not_picked":["Prepared","Setup","Outmaneuver"],"picked":"SKIP","floor":12},{"not_picked":["Expertise","PiercingWail","Terror"],"picked":"SKIP","floor":14}],"player_experience":312663,"relics_obtained":[{"floor":6,"key":"Dream Catcher"},{"floor":8,"key":"Meat on the Bone"},{"floor":9,"key":"Akabeko"},{"floor":14,"key":"Centennial Puzzle"}],"event_choices":[{"damage_healed":7,"gold_gain":0,"player_choice":"Full Heal","damage_taken":0,"max_hp_gain":0,"max_hp_loss":0,"event_name":"Wheel of Change","floor":2,"gold_loss":0}],"is_beta":false,"boss_relics":[],"items_purged_floors":[],"is_endless":false,"potions_floor_spawned":[6,11,12,14],"killed_by":"Slime Boss","ascension_level":13}}