{"host":"grli52lbdph2722t","time":1610545802,"event":{"mods":["AchievementEnabler","BaseMod","Downfall","Minty Spire (QoL Compilation)","Quick Restart","StSLib"],"gold_per_floor":[99,99,99,99,99,99,122,222,122,188,222,222,253,266,278,278,278,278],"floor_reached":16,"language":"ENG","playtime":578,"items_purged":[],"score":179,"play_id":"3cf0575c-f816-4f21-9a39-2fbaf6f5ffda","local_time":"20210113145002","is_ascension_mode":true,"campfire_choices":[{"data":"Guardian:TwinSlam","floor":1,"key":"SMITH"},{"data":"Guardian:CurlUp","floor":9,"key":"SMITH"},{"floor":12,"key":"RECALL"}],"circlet_count":0,"master_deck":["Guardian:Strike_Guardian+1","Guardian:Strike_Guardian","Guardian:Strike_Guardian","Guardian:Strike_Guardian","Guardian:Defend_Guardian","Guardian:Defend_Guardian+1","Guardian:Defend_Guardian+1","Guardian:Defend_Guardian","Guardian:CurlUp+1","Guardian:TwinSlam+1","Guardian:PrismaticBeam+1","downfall:Malfunctioning","Regret","Guardian:BronzeOrb","Guardian:Gem_White"],"relics":["Guardian:ModeShifter","downfall:HeartsMalice","Eternal Feather","downfall:CloakOfManyFaces","CultistMask","FaceOfCleric","NlothsMask","GremlinMask","SsserpentHead","downfall:HeartBlessingBlue","Smiling Mask","Singing Bowl"],"acts_visited":["Exordium"],"potions_floor_usage":[11,14],"damage_taken":[{"damage":0,"enemies":"Jaw Worm","floor":2,"turns":1},{"damage":0,"enemies":"Cultist","floor":5,"turns":1},{"damage":0,"enemies":"downfall:FaceTrader","floor":8,"turns":1},{"damage":0,"enemies":"2 Louse","floor":10,"turns":4},{"damage":56,"enemies":"Lagavulin","floor":11,"turns":12},{"damage":20,"enemies":"3 Sentries","floor":13,"turns":14},{"damage":16,"enemies":"Lots of Slimes","floor":14,"turns":4},{"damage":9,"enemies":"Blue Slaver","floor":15,"turns":3},{"damage":5,"enemies":"downfall:Watcher","floor":16,"turns":4}],"seed_played":"-8040640190765259722","potions_obtained":[{"floor":8,"key":"SkillPotion"},{"floor":10,"key":"LiquidMemories"},{"floor":14,"key":"Energy Potion"}],"is_trial":false,"path_per_floor":["R","M","?","?","M","?","T","?","R","M","E","R","E","M","M","B"],"character_chosen":"GUARDIAN","items_purchased":[],"campfire_rested":0,"item_purchase_floors":[],"current_hp_per_floor":[72,72,72,72,72,72,72,72,90,91,36,45,26,13,5,0,0,0],"gold":278,"neow_bonus":"THREE_ENEMY_KILL","is_daily":false,"chose_seed":false,"campfire_upgraded":2,"win_rate":0.0,"timestamp":1610545802,"path_taken":["R","M","?","?","?","?","T","?","R","?","E","R","E","M","M","BOSS"],"items_purchased_type":[],"build_version":"2020-12-22","purchased_purges":0,"victory":false,"max_hp_per_floor":[80,80,80,80,80,80,80,80,90,91,92,92,93,96,97,97,97,97],"card_choices":[{"not_picked":["Guardian:Gem_Lightblue","Guardian:Recover"],"picked":"Guardian:PrismaticBeam","floor":2},{"not_picked":["Guardian:DonusPower","Guardian:Suspension"],"picked":"Guardian:Gem_Crimson","floor":5},{"not_picked":["Guardian:ShieldSpikes","Guardian:TimeBomb"],"picked":"Guardian:Gem_Cyan","floor":8},{"not_picked":["Guardian:GuardianWhirl","Guardian:RollAttack"],"picked":"Guardian:Gem_Yellow","floor":10},{"not_picked":["Guardian:Orbwalk","Guardian:Gem_Red"],"picked":"Guardian:Gem_Purple","floor":11},{"not_picked":["Guardian:ChargeUp","Guardian:ShieldCharger"],"picked":"Guardian:BronzeOrb","floor":13},{"not_picked":["Guardian:Reroute","Guardian:WalkerClaw","Guardian:PrismaticBarrier"],"picked":"Singing Bowl","floor":14},{"not_picked":["Guardian:Planning","Guardian:ChargeUp"],"picked":"Guardian:Gem_White","floor":15}],"player_experience":4977586,"relics_obtained":[{"floor":8,"key":"downfall:CloakOfManyFaces"},{"floor":11,"key":"Smiling Mask"},{"floor":13,"key":"Singing Bowl"}],"event_choices":[{"damage_healed":0,"gold_gain":0,"player_choice":"Box","damage_taken":0,"relics_obtained":["Eternal Feather"],"max_hp_gain":0,"max_hp_loss":0,"event_name":"Big Fish","floor":6,"gold_loss":0,"cards_obtained":["Regret"]}],"is_beta":false,"boss_relics":[],"items_purged_floors":[],"is_endless":false,"potions_floor_spawned":[8,10,14],"killed_by":"downfall:Watcher","ascension_level":9}}