{"host":"vyjryxuuuxkt43k4","time":1610531750,"event":{"mods":["BaseMod","Colored Map","DeckTracker","Minty Spire (QoL Compilation)","Permanent Neow","Quick Restart","StSLib","SuperFastMode","everything is the same but u backflip on backflip"],"gold_per_floor":[13,25,25,25,25,41,41,75,129,147,167,192,211,136,136,257,257,281,281,281,32,51,92,92,105,105,230,230,245,278,298,298,419,419,439,458,483,92,117,153,153,166,213,228,0,0,333,358,358,358],"floor_reached":51,"language":"KOR","playtime":3537,"items_purged":["Strike_B","Strike_B","Defend_B"],"score":863,"play_id":"8ef26fca-246b-476b-8c24-7f0f2bdd6e78","local_time":"20210113185550","is_ascension_mode":true,"campfire_choices":[{"floor":7,"key":"REST"},{"floor":15,"key":"REST"},{"data":"Redo","floor":24,"key":"SMITH"},{"data":"Echo Form","floor":28,"key":"SMITH"},{"floor":32,"key":"REST"},{"data":"Recycle","floor":41,"key":"SMITH"},{"data":"Turbo","floor":46,"key":"SMITH"},{"data":"Electrodynamics","floor":49,"key":"SMITH"}],"circlet_count":0,"master_deck":["Defend_B","Defend_B","Defend_B+1","Zap+1","Dualcast","Go for the Eyes","Streamline+1","Hologram","Echo Form+1","Compile Driver","Glacier","Turbo+1","Streamline","Electrodynamics+1","Defragment+1","Coolheaded","Tempest+1","Redo+1","Defragment","Hologram+1","Skim+1","Beam Cell+1","Buffer+1","Barrage+1","Recycle+1","Conserve Battery","Lockon+1"],"relics":["Cracked Core","Tiny Chest","Pen Nib","Snecko Eye","MealTicket","Bird Faced Urn","InkBottle","Dead Branch","Frozen Egg 2","Strawberry","Sozu","Medical Kit","Ancient Tea Set","Vajra","Art of War","Red Mask","Pocketwatch"],"acts_visited":["Exordium","TheCity","TheBeyond"],"potions_floor_usage":[8,23,25,27,27,30,50,50],"damage_taken":[{"damage":10,"enemies":"Small Slimes","floor":1,"turns":3},{"damage":2,"enemies":"2 Louse","floor":2,"turns":3},{"damage":1,"enemies":"Jaw Worm","floor":6,"turns":2},{"damage":36,"enemies":"Lagavulin","floor":8,"turns":6},{"damage":0,"enemies":"Red Slaver","floor":10,"turns":3},{"damage":4,"enemies":"Blue Slaver","floor":11,"turns":3},{"damage":0,"enemies":"2 Fungi Beasts","floor":12,"turns":3},{"damage":0,"enemies":"Red Slaver","floor":13,"turns":4},{"damage":0,"enemies":"Slime Boss","floor":16,"turns":7},{"damage":0,"enemies":"Shell Parasite","floor":18,"turns":4},{"damage":2,"enemies":"Chosen","floor":22,"turns":3},{"damage":36,"enemies":"Slavers","floor":23,"turns":3},{"damage":7,"enemies":"Snecko","floor":25,"turns":4},{"damage":23,"enemies":"Colosseum Slavers","floor":27,"turns":3},{"damage":4,"enemies":"Colosseum Nobs","floor":27,"turns":3},{"damage":10,"enemies":"Centurion and Healer","floor":29,"turns":4},{"damage":8,"enemies":"Gremlin Leader","floor":30,"turns":5},{"damage":26,"enemies":"Snake Plant","floor":31,"turns":4},{"damage":50,"enemies":"Collector","floor":33,"turns":8},{"damage":7,"enemies":"3 Shapes","floor":35,"turns":2},{"damage":0,"enemies":"Orb Walker","floor":36,"turns":3},{"damage":0,"enemies":"Spire Growth","floor":37,"turns":4},{"damage":0,"enemies":"Giant Head","floor":40,"turns":7},{"damage":22,"enemies":"3 Darklings","floor":42,"turns":4},{"damage":6,"enemies":"Writhing Mass","floor":44,"turns":4},{"damage":18,"enemies":"Nemesis","floor":48,"turns":9},{"damage":73,"enemies":"Awakened One","floor":50,"turns":10}],"seed_played":"4393504536607489835","potions_obtained":[{"floor":2,"key":"LiquidBronze"},{"floor":10,"key":"Energy Potion"},{"floor":12,"key":"DuplicationPotion"},{"floor":13,"key":"SteroidPotion"},{"floor":18,"key":"PotionOfCapacity"},{"floor":25,"key":"Regen Potion"},{"floor":27,"key":"Explosive Potion"},{"floor":29,"key":"CultistPotion"},{"floor":33,"key":"EssenceOfDarkness"}],"is_trial":false,"path_per_floor":["M","M","?","?","?","M","R","E","T","M","M","M","M","$","R","B",null,"M","?","T","$","M","E","R","M","T","?","R","M","E","M","R","B",null,"M","M","M","$","T","E","R","M","T","M","?","R","?","E","R","B",null],"character_chosen":"DEFECT","items_purchased":["MealTicket","Medical Kit","Recycle","Conserve Battery"],"campfire_rested":3,"item_purchase_floors":[21,38,38,38],"current_hp_per_floor":[65,63,63,45,30,29,51,15,15,15,11,11,11,11,33,33,75,75,75,75,75,73,37,37,40,40,40,40,40,49,33,57,13,82,75,82,82,82,82,82,82,66,66,72,72,72,72,70,70,7],"gold":358,"neow_bonus":"REMOVE_TWO","is_daily":false,"chose_seed":false,"campfire_upgraded":5,"win_rate":0.0,"timestamp":1610531750,"path_taken":["M","M","?","?","?","M","R","E","T","M","M","?","M","?","R","BOSS","M","?","?","$","?","E","R","?","T","?","R","M","E","M","R","BOSS","M","M","M","$","?","E","R","M","T","M","?","R","?","E","R","BOSS"],"items_purchased_type":["Relic","Relic","Card","Card"],"build_version":"2020-12-22","purchased_purges":3,"victory":true,"max_hp_per_floor":[75,75,75,75,75,75,75,75,75,75,75,75,75,75,75,75,75,75,75,75,75,75,75,75,75,75,75,75,75,82,82,82,82,82,82,82,82,82,82,82,82,82,82,82,82,82,82,82,82,82],"card_choices":[{"not_picked":["Leap","Rebound"],"picked":"Go for the Eyes","floor":1},{"not_picked":["Stack","Beam Cell"],"picked":"Streamline","floor":2},{"not_picked":["Stack","Redo"],"picked":"Hologram","floor":6},{"not_picked":["Capacitor","BootSequence"],"picked":"Echo Form","floor":8},{"not_picked":["Barrage","Go for the Eyes"],"picked":"Compile Driver","floor":10},{"not_picked":["Stack","Ball Lightning"],"picked":"Glacier","floor":11},{"not_picked":["Barrage","Hologram"],"picked":"Turbo","floor":12},{"not_picked":["Leap","Rebound"],"picked":"Streamline","floor":13},{"not_picked":["Fission","Hyperbeam"],"picked":"Electrodynamics","floor":16},{"not_picked":["Steam","Gash+1"],"picked":"Defragment+1","floor":18},{"not_picked":["Glacier","Heatsinks+1"],"picked":"Tempest+1","floor":22},{"not_picked":["Storm","Double Energy"],"picked":"Redo","floor":23},{"not_picked":["Compile Driver","FTL"],"picked":"Defragment","floor":25},{"not_picked":["Aggregate","Stack+1"],"picked":"Hologram+1","floor":27},{"not_picked":["Streamline","Redo","Coolheaded"],"picked":"SKIP","floor":29},{"not_picked":["Steam","Barrage"],"picked":"Skim+1","floor":30},{"not_picked":["Streamline","Rainbow"],"picked":"Beam Cell+1","floor":31},{"not_picked":["Echo Form+1","All For One"],"picked":"Buffer+1","floor":33},{"not_picked":["Turbo","Glacier+1","Steam"],"picked":"SKIP","floor":35},{"not_picked":["Go for the Eyes+1","Redo+1","Barrage"],"picked":"SKIP","floor":36},{"not_picked":["Tempest","All For One"],"picked":"Barrage+1","floor":37},{"not_picked":["Auto Shields+1","Darkness+1"],"picked":"Lockon+1","floor":40},{"not_picked":["Scrape+1","Heatsinks+1","Conserve Battery"],"picked":"SKIP","floor":42},{"not_picked":["Compile Driver","Coolheaded","Stack+1"],"picked":"SKIP","floor":44},{"not_picked":["Fission","Redo+1","Glacier"],"picked":"SKIP","floor":48}],"player_experience":244791,"relics_obtained":[{"floor":8,"key":"Tiny Chest"},{"floor":9,"key":"Pen Nib"},{"floor":23,"key":"Bird Faced Urn"},{"floor":26,"key":"InkBottle"},{"floor":27,"key":"Dead Branch"},{"floor":27,"key":"Frozen Egg 2"},{"floor":30,"key":"Strawberry"},{"floor":39,"key":"Ancient Tea Set"},{"floor":40,"key":"Vajra"},{"floor":43,"key":"Art of War"},{"floor":48,"key":"Pocketwatch"}],"event_choices":[{"damage_healed":0,"gold_gain":0,"player_choice":"Grow","damage_taken":0,"max_hp_gain":0,"max_hp_loss":0,"event_name":"Living Wall","floor":3,"gold_loss":0,"cards_upgraded":["Zap"]},{"damage_healed":0,"gold_gain":0,"player_choice":"Take Damage","damage_taken":18,"relics_obtained":["Golden Idol"],"max_hp_gain":0,"max_hp_loss":0,"event_name":"Golden Idol","floor":4,"gold_loss":0},{"damage_healed":0,"gold_gain":0,"player_choice":"Entered Light","damage_taken":15,"max_hp_gain":0,"max_hp_loss":0,"event_name":"Shining Light","floor":5,"gold_loss":0,"cards_upgraded":["Defend_B","Streamline"]},{"damage_healed":0,"gold_gain":0,"player_choice":"Read","damage_taken":0,"max_hp_gain":0,"max_hp_loss":0,"event_name":"The Library","floor":19,"gold_loss":0,"cards_obtained":["Coolheaded"]},{"damage_healed":0,"gold_gain":0,"player_choice":"Fight","damage_taken":0,"max_hp_gain":0,"max_hp_loss":0,"event_name":"Colosseum","floor":27,"gold_loss":0},{"damage_healed":0,"gold_gain":0,"player_choice":"Fought Nobs","damage_taken":0,"max_hp_gain":0,"max_hp_loss":0,"event_name":"Colosseum","floor":27,"gold_loss":0},{"damage_healed":0,"gold_gain":0,"player_choice":"Paid","damage_taken":0,"relics_obtained":["Red Mask"],"max_hp_gain":0,"max_hp_loss":0,"event_name":"Tomb of Lord Red Mask","floor":45,"gold_loss":228},{"damage_healed":0,"gold_gain":333,"player_choice":"Gave Idol","damage_taken":0,"max_hp_gain":0,"max_hp_loss":0,"event_name":"The Moai Head","floor":47,"relics_lost":["Golden Idol"],"gold_loss":0}],"is_beta":false,"boss_relics":[{"not_picked":["Velvet Choker","SlaversCollar"],"picked":"Snecko Eye"},{"not_picked":["Astrolabe","SacredBark"],"picked":"Sozu"}],"items_purged_floors":[14,21,38],"is_endless":false,"potions_floor_spawned":[2,10,12,13,18,25,27,29,33,35,36,40],"ascension_level":1}}