{"host":"btt6ntw6a1bnaigc","time":1610573844,"event":{"mods":["AchievementEnabler","BaseMod","Downfall","Minty Spire (QoL Compilation)","StSLib"],"gold_per_floor":[99,119,139,152,152,165,165,181,192,192,207,207,207,236,255,360,360,360,360,360,4,4,0,0,0,0,0,0,0,0,0,0,0,0,0,0,0,0,0,0,0,0,0,0,0,0,0,0,0,0],"floor_reached":51,"language":"ENG","playtime":8259,"items_purged":[],"score":803,"play_id":"9a1032fc-b81f-4d91-a9d3-5d185908971c","local_time":"20210113213724","is_ascension_mode":false,"campfire_choices":[{"data":"champ:Taunt","floor":1.0,"key":"SMITH"},{"data":"champ:GladiatorStyle","floor":13.0,"key":"SMITH"},{"data":"champ:ViciousMockery","floor":18.0,"key":"SMITH"},{"floor":26.0,"key":"RECALL"},{"data":"champ:CrookedStrike","floor":29.0,"key":"SMITH"},{"data":"champ:SteelEdge","floor":35.0,"key":"SMITH"},{"data":"champ:Strike","floor":40.0,"key":"PURGE"},{"data":"champ:Improvising","floor":47,"key":"SMITH"}],"circlet_count":0,"master_deck":["champ:Strike","champ:Strike","champ:Defend","champ:Defend","champ:Defend","champ:Defend","champ:Execute","champ:Taunt+1","champ:Duel","champ:FocusedGladiator+1","champ:PreciseThrust","champ:RecklessLeap","champ:GladiatorStyle+1","champ:Lariat","champ:FlashCut","champ:ViciousMockery+1","champ:BringItOn","champ:StrikeOfGenius","champ:Shatter","champ:ShieldWall","champ:GladiatorStyle","expansioncontent:YouAreMine","champ:BladeFlurry","champ:CrookedStrike+1","champ:CalledShot+1","champ:PreciseThrust+1","champ:SteelEdge+1","champ:ArenaPreparation+1","champ:Improvising+1","champ:GladiatorsShout+1","champ:GladiatorStyle+1"],"relics":["champ:ChampionCrown","Torii","Peace Pipe","downfall:Hecktoplasm","downfall:HeartBlessingGreen","Shuriken","Happy Flower","Bag of Marbles","downfall:HeartBlessingBlue","Potion Belt","downfall:HeartBlessingRed","Bottled Lightning","Coffee Dripper","Ice Cream","Girya","Mercury Hourglass","Du-Vu Doll","champ:FightingForDummies","Question Card"],"acts_visited":["Exordium","TheCity","TheBeyond"],"potions_floor_usage":[49,50,50,50,50],"damage_taken":[{"damage":10.0,"enemies":"Small Slimes","floor":2.0,"turns":4.0},{"damage":5.0,"enemies":"Cultist","floor":3.0,"turns":3.0},{"damage":5.0,"enemies":"2 Louse","floor":4.0,"turns":3.0},{"damage":13.0,"enemies":"Lots of Slimes","floor":6.0,"turns":5.0},{"damage":21.0,"enemies":"Exordium Thugs","floor":8.0,"turns":6.0},{"damage":16.0,"enemies":"Large Slime","floor":9.0,"turns":4.0},{"damage":5.0,"enemies":"Lots of Slimes","floor":11.0,"turns":6.0},{"damage":20.0,"enemies":"3 Sentries","floor":14.0,"turns":8.0},{"damage":16.0,"enemies":"Blue Slaver","floor":15.0,"turns":3.0},{"damage":32.0,"enemies":"downfall:Watcher","floor":16.0,"turns":12.0},{"damage":18.0,"enemies":"3 Byrds","floor":19.0,"turns":7.0},{"damage":30.0,"enemies":"Shell Parasite","floor":20.0,"turns":5.0},{"damage":20.0,"enemies":"downfall:FleeingMerchant","floor":21.0,"turns":4.0},{"damage":20.0,"enemies":"downfall:FleeingMerchant","floor":23.0,"turns":4.0},{"damage":43.0,"enemies":"Slavers","floor":25.0,"turns":5.0},{"damage":1.0,"enemies":"Snake Plant","floor":27.0,"turns":3.0},{"damage":30.0,"enemies":"downfall:LadyInBlue","floor":28.0,"turns":6.0},{"damage":23.0,"enemies":"Sentry and Sphere","floor":30.0,"turns":5.0},{"damage":15.0,"enemies":"Book of Stabbing","floor":31.0,"turns":5.0},{"damage":2.0,"enemies":"Centurion and Healer","floor":32.0,"turns":6.0},{"damage":29.0,"enemies":"downfall:Defect","floor":33.0,"turns":6.0},{"damage":15.0,"enemies":"Mind Bloom Boss Battle","floor":36.0,"turns":8.0},{"damage":15.0,"enemies":"3 Shapes","floor":37.0,"turns":4.0},{"damage":30.0,"enemies":"2 Orb Walkers","floor":38.0,"turns":6.0},{"damage":22.0,"enemies":"3 Darklings","floor":39.0,"turns":7.0},{"damage":35.0,"enemies":"Maw","floor":42.0,"turns":5.0},{"damage":25,"enemies":"4 Shapes","floor":43,"turns":3},{"damage":39,"enemies":"Giant Head","floor":44,"turns":6},{"damage":28,"enemies":"Transient","floor":46,"turns":5},{"damage":29,"enemies":"Nemesis","floor":48,"turns":5},{"damage":21,"enemies":"Writhing Mass","floor":49,"turns":4},{"damage":45,"enemies":"downfall:Silent","floor":50,"turns":5}],"seed_played":"-8425763984103149185","potions_obtained":[{"floor":2.0,"key":"Swift Potion"},{"floor":6.0,"key":"LiquidBronze"},{"floor":9.0,"key":"GamblersBrew"},{"floor":15.0,"key":"hexamod:EctoCoolerPotion"},{"floor":20.0,"key":"AttackPotion"},{"floor":25.0,"key":"BlessingOfTheForge"},{"floor":28.0,"key":"DuplicationPotion"},{"floor":28.0,"key":"Dexterity Potion"},{"floor":31.0,"key":"champ:OpenerPotion"},{"floor":38.0,"key":"SkillPotion"},{"floor":39.0,"key":"EssenceOfSteel"},{"floor":43,"key":"PowerPotion"}],"is_trial":false,"path_per_floor":["R","M","M","M","?","M","T","M","M","?","M","?","R","E","M","B",null,"R","M","M","$","T","$","T","E","R","M","?","R","M","E","M","B",null,"R","?","M","?","M","R","T","M","M","E","?","M","R","E","M","B",null],"character_chosen":"THE_CHAMP","items_purchased":["Shuriken","expansioncontent:YouAreMine"],"campfire_rested":0,"item_purchase_floors":[21,21],"current_hp_per_floor":[99,99,99,99,99,91,91,90,89,89,89,58,58,48,47,39,99,99,99,99,99,99,99,99,71,81,80,70,70,58,58,56,47,109,109,109,109,84,82,82,82,82,72,71,71,63,63,42,36,14],"gold":0,"neow_bonus":"TEN_PERCENT_HP_BONUS","is_daily":false,"chose_seed":false,"campfire_upgraded":6,"win_rate":0.0,"timestamp":1610573844,"path_taken":["R","M","M","M","?","M","T","M","?","?","M","?","R","E","M","BOSS","R","M","M","?","?","$","T","E","R","M","?","R","?","E","M","BOSS","R","?","M","?","M","R","T","M","M","E","?","M","R","E","M","BOSS"],"items_purchased_type":["Relic","Card"],"build_version":"2020-12-22","purchased_purges":0,"victory":true,"max_hp_per_floor":[99,99,99,99,99,99,99,99,99,99,99,99,99,99,99,99,99,99,99,99,99,99,99,99,99,109,109,109,109,109,109,109,109,109,109,109,109,109,109,109,109,109,109,109,109,109,109,109,109,109],"card_choices":[{"not_picked":["champ:TornadoPunch","champ:BerserkerStyle"],"picked":"champ:Duel","floor":2.0},{"not_picked":["champ:ShieldWall","champ:FocusedDefense"],"picked":"champ:FocusedGladiator","floor":3.0},{"not_picked":["champ:FocusedDefense","champ:Circumvent"],"picked":"champ:PreciseThrust","floor":4.0},{"not_picked":["champ:BladeFlurry","champ:GladiatorsShout"],"picked":"champ:RecklessLeap","floor":6.0},{"not_picked":["champ:ShieldWall","champ:FalseCounter"],"picked":"champ:GladiatorStyle","floor":8.0},{"not_picked":["champ:RapidStrikes","champ:FlashCut"],"picked":"champ:Lariat","floor":9.0},{"not_picked":["champ:Circumvent","champ:Backstep"],"picked":"champ:FlashCut","floor":11.0},{"not_picked":["champ:BerserkersShout","champ:Shatter"],"picked":"champ:ViciousMockery","floor":14.0},{"not_picked":["champ:EnragedBash","champ:Circumvent"],"picked":"champ:BringItOn","floor":15.0},{"not_picked":["champ:CrownThrow","champ:SwordThrow"],"picked":"champ:StrikeOfGenius","floor":16.0},{"not_picked":["champ:SkillfulDodge","champ:FalseCounter"],"picked":"champ:Shatter","floor":19.0},{"not_picked":["champ:Circumvent","champ:PerfectedStrike"],"picked":"champ:ShieldWall","floor":20.0},{"not_picked":["champ:AdrenalArmor","champ:Shatter"],"picked":"champ:GladiatorStyle","floor":21.0},{"not_picked":["champ:AdrenalArmor","champ:TornadoPunch"],"picked":"champ:BladeFlurry","floor":23.0},{"not_picked":["champ:Lariat","champ:FlashCut+1","champ:GladiatorsShout"],"picked":"SKIP","floor":25.0},{"not_picked":["champ:Haymaker","champ:PerfectedStrike"],"picked":"champ:CrookedStrike","floor":27.0},{"not_picked":["champ:PerfectedStrike","champ:TornadoPunch+1","champ:CrookedStrike"],"picked":"SKIP","floor":30.0},{"not_picked":["champ:GladiatorsShout+1","champ:Shatter+1"],"picked":"champ:CalledShot+1","floor":31.0},{"not_picked":["champ:BladeFlurry+1","champ:StanceDance+1"],"picked":"champ:PreciseThrust+1","floor":32.0},{"not_picked":["champ:HeavySlash","champ:Devastate"],"picked":"champ:SteelEdge","floor":33.0},{"not_picked":["champ:BladeFlurry+1","champ:AdrenalArmor"],"picked":"champ:ArenaPreparation+1","floor":37.0},{"not_picked":["champ:Backstep","champ:StanceDance","champ:DefensiveStyle+1"],"picked":"SKIP","floor":39.0},{"not_picked":["champ:FanOfKnives+1","champ:GutPunch"],"picked":"champ:Improvising","floor":42.0},{"not_picked":["champ:CrookedStrike","champ:BerserkersShout+1"],"picked":"champ:GladiatorsShout+1","floor":43},{"not_picked":["champ:FlashCut+1","champ:CrookedStrike"],"picked":"champ:GladiatorStyle+1","floor":44},{"not_picked":["champ:GutPunch","champ:CrookedStrike+1","champ:BladeFlurry+1"],"picked":"SKIP","floor":46},{"not_picked":["champ:EndlessRage","champ:FaceSlap+1","champ:DefensiveShout"],"picked":"SKIP","floor":48},{"not_picked":["champ:TornadoPunch+1","champ:ShieldWall+1","champ:Circumvent","champ:EnragedBash+1"],"picked":"SKIP","floor":49}],"player_experience":207308,"relics_obtained":[{"floor":7.0,"key":"Torii"},{"floor":14.0,"key":"Peace Pipe"},{"floor":24.0,"key":"Happy Flower"},{"floor":25.0,"key":"Bag of Marbles"},{"floor":28.0,"key":"Potion Belt"},{"floor":31.0,"key":"Bottled Lightning"},{"floor":36.0,"key":"Ice Cream"},{"floor":38.0,"key":"Girya"},{"floor":41.0,"key":"Mercury Hourglass"},{"floor":44,"key":"Du-Vu Doll"},{"floor":45,"key":"champ:FightingForDummies"},{"floor":48,"key":"Question Card"}],"event_choices":[{"damage_healed":0.0,"max_hp_gain":0.0,"max_hp_loss":0.0,"gold_gain":0.0,"event_name":"Upgrade Shrine","player_choice":"Upgraded","floor":5.0,"gold_loss":0.0,"damage_taken":0.0,"cards_upgraded":["champ:FocusedGladiator"]},{"cards_removed":["champ:Strike"],"damage_healed":0.0,"max_hp_gain":0.0,"max_hp_loss":0.0,"gold_gain":0.0,"event_name":"The Cleric","player_choice":"Card Removal","floor":10.0,"gold_loss":0.0,"damage_taken":0.0},{"damage_healed":0.0,"max_hp_gain":0.0,"max_hp_loss":0.0,"gold_gain":0.0,"event_name":"Mysterious Sphere","player_choice":"Fight","floor":38.0,"gold_loss":0.0,"damage_taken":0.0}],"is_beta":false,"boss_relics":[{"not_picked":["Philosopher\u0027s Stone","Busted Crown"],"picked":"downfall:Hecktoplasm"},{"not_picked":["Empty Cage","Snecko Eye"],"picked":"Coffee Dripper"}],"items_purged_floors":[],"is_endless":false,"potions_floor_spawned":[2,6,9,14,15,20,25,27,30,31,32,38,39,43,44,49],"ascension_level":0}}