{"host":"7f01flv6y0vhl3vt","time":1610565957,"event":{"mods":["Act Like it!","BaseMod","Downfall","Minty Spire (QoL Compilation)","StSLib"],"gold_per_floor":[99,99,99,113,23,23,23,8,18,34,52,62,79,79,95,191,191,41,55,67,78,78,78,78,78],"floor_reached":23,"language":"ENG","playtime":3718,"items_purged":["champ:Strike"],"score":235,"play_id":"e7a100b9-f147-4b56-a055-43c920cc1b4b","local_time":"20210113142557","is_ascension_mode":false,"campfire_choices":[{"floor":1.0,"key":"RECALL"},{"data":"champ:ViciousMockery","floor":6.0,"key":"SMITH"},{"data":"champ:LastStand","floor":18,"key":"SMITH"}],"circlet_count":0,"master_deck":["champ:Strike","champ:Strike","champ:Strike","champ:Defend","champ:Defend","champ:Defend","champ:Execute","champ:Taunt","champ:ViciousMockery+1","champ:Riposte","champ:BringItOn","champ:SkillfulDodge","champ:DefensiveStyle","champ:CrownThrow+1","champ:SkillfulDodge","champ:FalseCounter","champ:ArenaPreparation","champ:LastStand+1","champ:FocusedBerserking","champ:EnGarde","champ:IronFortress"],"relics":["champ:ChampionCrown","Runic Pyramid","downfall:HeartBlessingBlue","downfall:HeartBlessingRed"],"acts_visited":["Exordium","TheCity"],"potions_floor_usage":[16,16,20,23],"damage_taken":[{"damage":5.0,"enemies":"2 Louse","floor":4.0,"turns":3.0},{"damage":10.0,"enemies":"downfall:FleeingMerchant","floor":5.0,"turns":4.0},{"damage":10.0,"enemies":"downfall:FleeingMerchant","floor":8.0,"turns":4.0},{"damage":19,"enemies":"Small Slimes","floor":9,"turns":8},{"damage":14,"enemies":"Jaw Worm","floor":10,"turns":5},{"damage":9,"enemies":"Red Slaver","floor":11,"turns":5},{"damage":17,"enemies":"Blue Slaver","floor":12,"turns":5},{"damage":23,"enemies":"Exordium Thugs","floor":13,"turns":5},{"damage":8,"enemies":"2 Fungi Beasts","floor":15,"turns":4},{"damage":68,"enemies":"downfall:Watcher","floor":16,"turns":15},{"damage":25,"enemies":"Shell Parasite","floor":19,"turns":6},{"damage":86,"enemies":"Spheric Guardian","floor":20,"turns":8},{"damage":39,"enemies":"Shelled Parasite and Fungi","floor":21,"turns":7},{"damage":10,"enemies":"Snake Plant","floor":23,"turns":2}],"seed_played":"-3097706841211353361","potions_obtained":[{"floor":10,"key":"FairyPotion"},{"floor":11,"key":"Block Potion"},{"floor":12,"key":"LiquidMemories"},{"floor":19,"key":"CultistPotion"},{"floor":21,"key":"Weak Potion"}],"is_trial":false,"path_per_floor":["R","?","?","M","$","R","T","$","M","M","M","M","M","?","M","B",null,"R","M","M","M","?","M"],"character_chosen":"THE_CHAMP","items_purchased":[],"campfire_rested":0,"item_purchase_floors":[],"current_hp_per_floor":[99,109,114,114,114,114,114,114,103,99,93,81,63,63,60,47,114,124,109,41,7,7,0,0,0],"gold":78,"neow_bonus":"TEN_PERCENT_HP_BONUS","is_daily":false,"chose_seed":false,"campfire_upgraded":2,"win_rate":0.0,"timestamp":1610565957,"path_taken":["R","?","?","M","$","R","T","$","M","M","M","M","M","?","M","BOSS","R","M","M","M","?","?"],"items_purchased_type":[],"build_version":"2020-12-22","purchased_purges":1,"victory":false,"max_hp_per_floor":[99,109,114,114,114,114,114,114,114,114,114,114,114,114,114,114,114,124,124,124,124,124,124,124,124],"card_choices":[{"not_picked":["champ:BladeFlurry","champ:PerfectedStrike"],"picked":"champ:ViciousMockery","floor":4.0},{"not_picked":["champ:BringItOn","champ:StanceDance"],"picked":"champ:Riposte","floor":5.0},{"not_picked":["champ:Circumvent","champ:CrookedStrike"],"picked":"champ:BringItOn","floor":8.0},{"not_picked":["champ:GutPunch","champ:IronFortress"],"picked":"champ:SkillfulDodge","floor":9},{"not_picked":["champ:Circumvent","champ:HeartStrike"],"picked":"champ:DefensiveStyle","floor":10},{"not_picked":["champ:BringItOn","champ:Haymaker"],"picked":"champ:CrownThrow","floor":11},{"not_picked":["champ:RecklessLeap","champ:Shatter"],"picked":"champ:SkillfulDodge","floor":12},{"not_picked":["champ:BerserkersShout","champ:Shatter"],"picked":"champ:FalseCounter","floor":13},{"not_picked":["champ:FocusedGladiator","champ:HeartStrike"],"picked":"champ:ArenaPreparation","floor":15},{"not_picked":["champ:Improvising","champ:SwordThrow"],"picked":"champ:LastStand","floor":16},{"not_picked":["champ:CrookedStrike+1","champ:GutPunch"],"picked":"champ:FocusedBerserking","floor":19},{"not_picked":["champ:BringItOn","champ:GladiatorsShout"],"picked":"champ:EnGarde","floor":20},{"not_picked":["champ:DefensiveShout","champ:CrookedStrike"],"picked":"champ:IronFortress","floor":21}],"player_experience":1229068,"relics_obtained":[],"event_choices":[{"damage_healed":0.0,"max_hp_gain":5.0,"max_hp_loss":0.0,"gold_gain":0.0,"event_name":"Big Fish","player_choice":"Donut","floor":3.0,"gold_loss":0.0,"damage_taken":0.0},{"damage_healed":0,"gold_gain":0,"player_choice":"Grow","damage_taken":0,"max_hp_gain":0,"max_hp_loss":0,"event_name":"Living Wall","floor":14,"gold_loss":0,"cards_upgraded":["champ:CrownThrow"]},{"cards_removed":["champ:Defend"],"damage_healed":0,"gold_gain":0,"player_choice":"Purged","damage_taken":0,"max_hp_gain":0,"max_hp_loss":0,"event_name":"Purifier","floor":22,"gold_loss":0}],"is_beta":false,"boss_relics":[{"not_picked":["SacredBark","Snecko Eye"],"picked":"Runic Pyramid"}],"items_purged_floors":[5],"is_endless":false,"potions_floor_spawned":[10,11,12,15,19,21],"killed_by":"Snake Plant","ascension_level":0}}