{"host":"dzit4ljil6490tuf","time":1610501660,"event":{"mods":["BaseMod","Downfall","Hermit","Hubris","Minty Spire (QoL Compilation)","StSLib","The Cursed","The Runesmith","The Servant 0.9.4"],"gold_per_floor":[114,64,79,30,45,75,90,120,120,135,310,325,340,355,355,455,455,470,485,485,74,74,104,104,134,134,134,149,164,194,194,194,294,294,309,359,359,69,69,99,99,99,149,179,194,194,219,234,234,234],"floor_reached":51,"language":"ITA","playtime":2872,"items_purged":["Doubt","hubris:SlightOfHand"],"score":850,"play_id":"90aafada-0330-4cd9-8c82-c382888b083d","local_time":"20210113023420","daily_mods":["Insanity","Green Cards","Binary"],"is_ascension_mode":false,"campfire_choices":[{"data":"Adrenaline","floor":15,"key":"SMITH"},{"floor":24,"key":"REST"},{"data":"Terror","floor":27,"key":"SMITH"},{"floor":32,"key":"REST"},{"floor":41,"key":"REST"},{"data":"Eviscerate","floor":46,"key":"SMITH"},{"floor":49,"key":"REST"}],"circlet_count":0,"master_deck":["Coolheaded","Redo","Ball Lightning","Leap","Deflect","hubris:Counter","Skewer","Reflex","Terror+1","Blade Dance","Chill","Go for the Eyes","Blade Dance","Expertise","Ball Lightning","Backflip","Glacier","Barrage","Eviscerate+1","Leap","Distraction","Sucker Punch","Melter","Compile Driver","Dagger Throw","Conserve Battery","Rebound","Backflip","Bouncing Flask","Bane","Bane","Reflex","Dagger Throw","Blade Dance","hubris:PowerSurge","Deadly Poison","Blade Dance","Ball Lightning","Deadly Poison","Quick Slash","Cold Snap","Barrage","Conserve Battery","Auto Shields","Go for the Eyes","hubris:Sniper","Acrobatics","Beam Cell","Beam Cell","Adrenaline+1","Lockon","Capacitor","Cloak And Dagger","Ball Lightning","hubris:SpecializedCircuitry","Static Discharge","Aggregate","Electrodynamics","Electrodynamics","Beam Cell+1","Poisoned Stab+1","TheCursedMod:Dregs","Ball Lightning+1","Reboot"],"relics":["Cracked Core","Art of War","Ancient Tea Set","hubris:MysteriousPyramids","expansioncontent:StudyCardRelic","Chemical X","Regal Pillow","Smiling Mask","Guardian:PocketSentry","The Courier","hubris:Metronome","Runesmith:AutoHammer","Cursed Key","hubris:BundleOfHerbs","hubris:Icosahedron","hubris:SlimyHat","Sling","hubris:Towel","Bronze Scales","Bag of Marbles","PreservedInsect","hubris:GlazedTorus"],"acts_visited":["Exordium","TheCity","TheBeyond"],"potions_floor_usage":[3,16,28,48,50,50],"damage_taken":[{"damage":0,"enemies":"Cultist","floor":1,"turns":2},{"damage":0,"enemies":"Jaw Worm","floor":3,"turns":2},{"damage":0,"enemies":"2 Louse","floor":5,"turns":2},{"damage":18,"enemies":"Gremlin Nob","floor":6,"turns":3},{"damage":0,"enemies":"Exordium Thugs","floor":7,"turns":3},{"damage":10,"enemies":"Lagavulin","floor":8,"turns":4},{"damage":0,"enemies":"Exordium Wildlife","floor":10,"turns":3},{"damage":0,"enemies":"Looter","floor":12,"turns":2},{"damage":0,"enemies":"Large Slime","floor":13,"turns":2},{"damage":0,"enemies":"Red Slaver","floor":14,"turns":2},{"damage":5,"enemies":"Slime Boss","floor":16,"turns":11},{"damage":20,"enemies":"Shell Parasite","floor":18,"turns":3},{"damage":0,"enemies":"Spheric Guardian","floor":19,"turns":3},{"damage":32,"enemies":"Slavers","floor":23,"turns":3},{"damage":10,"enemies":"Gremlin Leader","floor":25,"turns":3},{"damage":0,"enemies":"Snecko","floor":28,"turns":3},{"damage":0,"enemies":"Snake Plant","floor":29,"turns":2},{"damage":15,"enemies":"Book of Stabbing","floor":30,"turns":4},{"damage":23,"enemies":"Champ","floor":33,"turns":10},{"damage":18,"enemies":"3 Darklings","floor":35,"turns":3},{"damage":0,"enemies":"Mind Bloom Boss Battle","floor":36,"turns":3},{"damage":21,"enemies":"Reptomancer","floor":40,"turns":4},{"damage":2,"enemies":"Giant Head","floor":44,"turns":4},{"damage":8,"enemies":"3 Shapes","floor":45,"turns":3},{"damage":9,"enemies":"2 Orb Walkers","floor":47,"turns":3},{"damage":7,"enemies":"Writhing Mass","floor":48,"turns":3},{"damage":116,"enemies":"Awakened One","floor":50,"turns":10}],"seed_played":"-4624312993155624390","potions_obtained":[{"floor":3,"key":"Fruit Juice"},{"floor":5,"key":"EssenceOfSteel"},{"floor":7,"key":"SkillPotion"},{"floor":13,"key":"SpeedPotion"},{"floor":18,"key":"Swift Potion"},{"floor":30,"key":"Regen Potion"},{"floor":36,"key":"AttackPotion"}],"is_trial":false,"path_per_floor":["M","?","M","$","M","E","M","E","T","M","?","M","M","M","R","B",null,"M","M","?","$","?","E","R","E","T","R","M","M","E","?","R","B",null,"M","?","?","$","?","E","R","?","T","E","M","R","?","M","R","B",null],"character_chosen":"DEFECT","items_purchased":["Beam Cell","Chemical X","Regal Pillow","Static Discharge","hubris:SlimyHat","Sling"],"campfire_rested":4,"item_purchase_floors":[4,21,21,21,38,38],"current_hp_per_floor":[75,75,80,80,80,62,62,52,52,52,52,52,52,52,52,47,80,60,60,60,60,60,28,67,57,57,57,57,57,42,42,80,57,80,62,62,62,62,62,59,80,80,80,78,70,70,61,63,80,42],"gold":234,"neow_bonus":"","is_daily":true,"chose_seed":false,"campfire_upgraded":3,"win_rate":0.0,"timestamp":1610501660,"path_taken":["M","?","M","$","M","E","M","E","T","M","?","M","M","M","R","BOSS","M","M","?","$","?","E","R","E","T","R","M","M","E","?","R","BOSS","M","?","?","$","?","E","R","?","T","E","?","R","?","M","R","BOSS"],"items_purchased_type":["Card","Relic","Relic","Card","Relic","Relic"],"build_version":"2020-12-22","purchased_purges":2,"victory":true,"max_hp_per_floor":[75,75,80,80,80,80,80,80,80,80,80,80,80,80,80,80,80,80,80,80,80,80,80,80,80,80,80,80,80,80,80,80,80,80,80,80,80,80,80,80,80,80,80,80,80,80,80,80,80,80],"card_choices":[{"not_picked":["Hologram","Bouncing Flask"],"picked":"SKIP","floor":1},{"not_picked":["Slice","Streamline"],"picked":"SKIP","floor":3},{"not_picked":["Underhanded Strike"],"picked":"Beam Cell","floor":5},{"not_picked":["Acrobatics"],"picked":"Adrenaline","floor":6},{"not_picked":["Reinforced Body"],"picked":"Lockon","floor":7},{"not_picked":["Genetic Algorithm"],"picked":"Capacitor","floor":8},{"not_picked":["Deadly Poison","Backflip"],"picked":"SKIP","floor":10},{"not_picked":["Compile Driver"],"picked":"Cloak And Dagger","floor":12},{"not_picked":["Stack","Outmaneuver"],"picked":"SKIP","floor":13},{"not_picked":["Slice"],"picked":"Ball Lightning","floor":14},{"not_picked":["Adrenaline"],"picked":"hubris:SpecializedCircuitry","floor":16},{"not_picked":["Glacier","Gash"],"picked":"SKIP","floor":18},{"not_picked":["Acrobatics+1","Go for the Eyes+1"],"picked":"SKIP","floor":19},{"not_picked":["Chill","Heel Hook"],"picked":"SKIP","floor":23},{"not_picked":["FTL"],"picked":"Aggregate","floor":25},{"not_picked":["Slice","Accuracy"],"picked":"SKIP","floor":28},{"not_picked":["Recycle+1","Quick Slash"],"picked":"SKIP","floor":29},{"not_picked":["Accuracy"],"picked":"Electrodynamics","floor":30},{"not_picked":["Venomology"],"picked":"Electrodynamics","floor":33},{"not_picked":["Backflip"],"picked":"Beam Cell+1","floor":35},{"not_picked":["Go for the Eyes"],"picked":"Poisoned Stab+1","floor":36},{"not_picked":["Venomology","Barrage"],"picked":"SKIP","floor":40},{"not_picked":["Slice","Choke"],"picked":"SKIP","floor":44},{"not_picked":["Heatsinks+1"],"picked":"Ball Lightning+1","floor":45},{"not_picked":["Outmaneuver+1"],"picked":"Reboot","floor":47},{"not_picked":["hubris:TrickCloak+1","Prepared"],"picked":"SKIP","floor":48}],"player_experience":571946,"relics_obtained":[{"floor":6,"key":"Art of War"},{"floor":8,"key":"Ancient Tea Set"},{"floor":9,"key":"hubris:MysteriousPyramids"},{"floor":23,"key":"Guardian:PocketSentry"},{"floor":25,"key":"The Courier"},{"floor":26,"key":"hubris:Metronome"},{"floor":30,"key":"Runesmith:AutoHammer"},{"floor":36,"key":"hubris:BundleOfHerbs"},{"floor":40,"key":"Bronze Scales"},{"floor":43,"key":"Bag of Marbles"},{"floor":44,"key":"PreservedInsect"},{"floor":47,"key":"hubris:GlazedTorus"}],"event_choices":[{"cards_removed":["hubris:SlightOfHand"],"damage_healed":0,"gold_gain":0,"player_choice":"Card Removal","damage_taken":0,"max_hp_gain":0,"max_hp_loss":0,"event_name":"The Cleric","floor":2,"gold_loss":50},{"damage_healed":0,"gold_gain":175,"player_choice":"AGREE","damage_taken":0,"max_hp_gain":0,"max_hp_loss":0,"event_name":"Liars Game","floor":11,"gold_loss":0,"cards_obtained":["Doubt"]},{"damage_healed":0,"gold_gain":0,"player_choice":"Ignored","damage_taken":0,"max_hp_gain":0,"max_hp_loss":0,"event_name":"Vampires","floor":20,"gold_loss":0},{"damage_healed":0,"gold_gain":0,"player_choice":"Stole Relic","damage_taken":0,"relics_obtained":["Smiling Mask"],"max_hp_gain":0,"max_hp_loss":0,"event_name":"Addict","floor":22,"gold_loss":0,"cards_obtained":["Shame"]},{"cards_removed":["Shame"],"damage_healed":0,"gold_gain":0,"player_choice":"Removed Curses","damage_taken":0,"max_hp_gain":0,"max_hp_loss":0,"event_name":"Fountain of Cleansing","floor":31,"gold_loss":0},{"damage_healed":0,"gold_gain":0,"player_choice":"Fight","damage_taken":0,"max_hp_gain":0,"max_hp_loss":0,"event_name":"MindBloom","floor":36,"gold_loss":0},{"cards_removed":["hubris:SlightOfHand"],"damage_healed":0,"gold_gain":0,"player_choice":"Purged","damage_taken":0,"max_hp_gain":0,"max_hp_loss":0,"event_name":"Purifier","floor":42,"gold_loss":0},{"damage_healed":0,"gold_gain":0,"player_choice":"Fight","damage_taken":0,"max_hp_gain":0,"max_hp_loss":0,"event_name":"Mysterious Sphere","floor":47,"gold_loss":0}],"is_beta":false,"boss_relics":[{"not_picked":["Runic Dome","Runic Pyramid"],"picked":"expansioncontent:StudyCardRelic"},{"not_picked":["Calling Bell","Black Star"],"picked":"Cursed Key"}],"items_purged_floors":[21,38],"is_endless":false,"potions_floor_spawned":[3,5,7,13,18,19,30,36,40,45,47],"ascension_level":0}}