{"host":"ji1fk25fd1ga4ji1","time":1610531225,"event":{"mods":["2.2 Compatiblity","BaseMod","Colored Map","DeckTracker","Minty Spire (QoL Compilation)","Permanent Neow","Quick Restart","StSLib","SuperFastMode"],"gold_per_floor":[15,25,38,38,38,69,80,107,107,107,125,159,159,173,173,268,268,287,302,302,79,89,89,119,131,177,177,196,228,260,16,16,118,118,129,129,149,149,24,57,57,86,86,101,114,139,139,170,170,170,170,170,69,97,97],"floor_reached":56,"language":"KOR","playtime":1015,"items_purged":["Strike_R","Strike_R","Strike_R"],"score":1430,"play_id":"d17a6894-7069-43f8-a8e2-6394fdd13b0f","local_time":"20210113184705","is_ascension_mode":true,"campfire_choices":[{"data":"Limit Break","floor":10.0,"key":"SMITH"},{"data":"Sword Boomerang","floor":13.0,"key":"SMITH"},{"data":"Sword Boomerang","floor":15.0,"key":"SMITH"},{"floor":23.0,"key":"REST"},{"data":"Limit Break","floor":27.0,"key":"SMITH"},{"data":"Inflame","floor":32.0,"key":"SMITH"},{"floor":47.0,"key":"REST"},{"floor":49,"key":"RECALL"},{"data":"Disarm","floor":52,"key":"SMITH"}],"circlet_count":0,"master_deck":["Strike_R","Strike_R","Defend_R+1","Defend_R","Defend_R","Defend_R+1","Bash","Limit Break+1","Spot Weakness+1","Sword Boomerang+1","Disarm+1","Sword Boomerang+1","Feed","Spot Weakness+1","Limit Break+1","Shrug It Off+1","Inflame+1","Madness","Madness","Battle Trance+1","Injury"],"relics":["Burning Blood","Regal Pillow","Oddly Smooth Stone","Mercury Hourglass","Incense Burner","Black Star","War Paint","Ancient Tea Set","Ornamental Fan","Boot","Turnip","MawBank","Centennial Puzzle","Cursed Key","Toxic Egg 2","Charon\u0027s Ashes","Blue Candle","StoneCalendar","StrikeDummy","CeramicFish","Juzu Bracelet","Eternal Feather","Strawberry","Blood Vial"],"acts_visited":["Exordium","TheCity","TheBeyond","TheEnding"],"potions_floor_usage":[55,55],"damage_taken":[{"damage":4.0,"enemies":"Jaw Worm","floor":1.0,"turns":6.0},{"damage":7.0,"enemies":"2 Louse","floor":2.0,"turns":3.0},{"damage":1.0,"enemies":"Cultist","floor":3.0,"turns":3.0},{"damage":18.0,"enemies":"Lagavulin","floor":6.0,"turns":4.0},{"damage":8.0,"enemies":"Looter","floor":7.0,"turns":4.0},{"damage":20.0,"enemies":"3 Sentries","floor":8.0,"turns":5.0},{"damage":1.0,"enemies":"Exordium Wildlife","floor":11.0,"turns":4.0},{"damage":21.0,"enemies":"Lagavulin","floor":12.0,"turns":4.0},{"damage":5.0,"enemies":"Red Slaver","floor":14.0,"turns":5.0},{"damage":8.0,"enemies":"Slime Boss","floor":16.0,"turns":8.0},{"damage":19.0,"enemies":"2 Thieves","floor":18.0,"turns":3.0},{"damage":19.0,"enemies":"Chosen","floor":19.0,"turns":5.0},{"damage":16.0,"enemies":"Centurion and Healer","floor":22.0,"turns":5.0},{"damage":0.0,"enemies":"Gremlin Leader","floor":24.0,"turns":3.0},{"damage":15.0,"enemies":"Snake Plant","floor":25.0,"turns":5.0},{"damage":9.0,"enemies":"3 Cultists","floor":28.0,"turns":4.0},{"damage":25.0,"enemies":"Book of Stabbing","floor":29.0,"turns":4.0},{"damage":22.0,"enemies":"Centurion and Healer","floor":30.0,"turns":4.0},{"damage":24.0,"enemies":"Automaton","floor":33.0,"turns":5.0},{"damage":9.0,"enemies":"3 Shapes","floor":35.0,"turns":4.0},{"damage":1.0,"enemies":"Orb Walker","floor":37.0,"turns":2.0},{"damage":12.0,"enemies":"Giant Head","floor":40.0,"turns":5.0},{"damage":14.0,"enemies":"Reptomancer","floor":42.0,"turns":3.0},{"damage":1.0,"enemies":"Sphere and 2 Shapes","floor":44.0,"turns":2.0},{"damage":51.0,"enemies":"Writhing Mass","floor":45.0,"turns":4.0},{"damage":7.0,"enemies":"Giant Head","floor":46.0,"turns":4.0},{"damage":24,"enemies":"Nemesis","floor":48,"turns":5},{"damage":50,"enemies":"Awakened One","floor":50,"turns":7},{"damage":30,"enemies":"Shield and Spear","floor":54,"turns":5},{"damage":109,"enemies":"The Heart","floor":55,"turns":8}],"seed_played":"6266909935533534053","potions_obtained":[{"floor":3.0,"key":"AttackPotion"},{"floor":6.0,"key":"SpeedPotion"},{"floor":7.0,"key":"LiquidMemories"},{"floor":19.0,"key":"BlessingOfTheForge"},{"floor":25.0,"key":"LiquidMemories"},{"floor":29.0,"key":"PowerPotion"},{"floor":30.0,"key":"Ancient Potion"},{"floor":35.0,"key":"HeartOfIron"},{"floor":45.0,"key":"BloodPotion"}],"is_trial":false,"path_per_floor":["M","M","M","?","?","E","M","E","T","R","M","E","R","M","R","B",null,"M","M","?","$","M","R","E","M","T","R","M","E","M","$","R","B",null,"M","T","M","?","$","E","$","E","T","M","M","E","R","E","R","B",null,"R","$","E","B",null],"character_chosen":"IRONCLAD","items_purchased":["War Paint","Centennial Puzzle","FairyPotion"],"campfire_rested":2,"item_purchase_floors":[21,31,53],"current_hp_per_floor":[80,79,80,80,64,52,50,36,36,36,44,32,32,36,36,34,89,76,63,63,63,56,92,92,83,83,83,83,64,48,48,48,30,95,92,92,95,83,83,77,77,69,69,74,29,47,90,72,84,40,95,95,95,81,37],"gold":97,"neow_bonus":"THREE_RARE_CARDS","is_daily":false,"chose_seed":false,"campfire_upgraded":6,"win_rate":0.0,"timestamp":1610531225,"path_taken":["M","M","M","?","?","E","?","E","T","R","M","E","R","M","R","BOSS","M","?","?","$","M","R","E","M","T","R","M","E","M","?","R","BOSS","M","?","M","?","?","E","$","E","T","M","M","E","R","E","R","BOSS","R","$","E","BOSS"],"items_purchased_type":["Relic","Relic","Potion"],"build_version":"2020-12-22","purchased_purges":3,"victory":true,"max_hp_per_floor":[80,80,80,80,80,80,80,80,80,80,83,86,86,89,89,89,89,89,89,89,89,92,92,92,92,92,92,95,95,95,95,95,95,95,95,95,95,95,95,95,95,95,95,95,95,95,95,95,95,95,95,95,95,105,105],"card_choices":[{"not_picked":["Brutality","Reaper"],"picked":"Limit Break","floor":0.0},{"not_picked":["Armaments","Second Wind"],"picked":"Spot Weakness","floor":1.0},{"not_picked":["Reckless Charge","Cleave"],"picked":"Sword Boomerang","floor":2.0},{"not_picked":["Warcry","Infernal Blade","Metallicize"],"picked":"SKIP","floor":3.0},{"not_picked":["Rampage","Flex"],"picked":"Disarm","floor":6.0},{"not_picked":["Sword Boomerang","Cleave","Flex"],"picked":"SKIP","floor":7.0},{"not_picked":["Cleave","Flex"],"picked":"Sword Boomerang","floor":7.0},{"not_picked":["Havoc","Dark Embrace"],"picked":"Feed","floor":8.0},{"not_picked":["Wild Strike","Cleave","Body Slam"],"picked":"SKIP","floor":11.0},{"not_picked":["Barricade","Cleave","Rupture"],"picked":"SKIP","floor":12.0},{"not_picked":["Metallicize","Iron Wave"],"picked":"Spot Weakness","floor":14.0},{"not_picked":["Impervious","Demon Form"],"picked":"Limit Break","floor":16.0},{"not_picked":["Bloodletting","Pommel Strike","Rage"],"picked":"SKIP","floor":18.0},{"not_picked":["Second Wind","Heavy Blade","Headbutt"],"picked":"SKIP","floor":19.0},{"not_picked":["Body Slam","Evolve"],"picked":"Shrug It Off+1","floor":22.0},{"not_picked":["Flex+1","Shrug It Off","Thunderclap+1"],"picked":"SKIP","floor":24.0},{"not_picked":["Armaments+1","Twin Strike+1","Shrug It Off+1"],"picked":"SKIP","floor":25.0},{"not_picked":["Thunderclap+1","Hemokinesis"],"picked":"Inflame","floor":28.0},{"not_picked":["Evolve","Seeing Red","Entrench"],"picked":"SKIP","floor":29.0},{"not_picked":["Cleave","Burning Pact","Armaments"],"picked":"SKIP","floor":30.0},{"not_picked":["Clothesline+1","Power Through+1","Dropkick"],"picked":"SKIP","floor":35.0},{"not_picked":["Intimidate+1","Wild Strike+1","Rupture+1"],"picked":"SKIP","floor":37.0},{"not_picked":["Infernal Blade+1","Pummel"],"picked":"Battle Trance+1","floor":40.0},{"not_picked":["Metallicize","Warcry+1","Heavy Blade+1"],"picked":"SKIP","floor":42.0},{"not_picked":["Flame Barrier+1","Evolve+1","Perfected Strike+1"],"picked":"SKIP","floor":44.0},{"not_picked":["Combust","Pommel Strike+1","Twin Strike"],"picked":"SKIP","floor":45.0},{"not_picked":["Demon Form","Twin Strike","Headbutt"],"picked":"SKIP","floor":46.0},{"not_picked":["Clothesline+1","Combust+1","Sentinel+1"],"picked":"SKIP","floor":48},{"not_picked":["Fiend Fire","Entrench+1","Feed"],"picked":"SKIP","floor":54}],"player_experience":473186,"relics_obtained":[{"floor":6.0,"key":"Regal Pillow"},{"floor":8.0,"key":"Oddly Smooth Stone"},{"floor":9.0,"key":"Mercury Hourglass"},{"floor":12.0,"key":"Incense Burner"},{"floor":24.0,"key":"Ancient Tea Set"},{"floor":24.0,"key":"Ornamental Fan"},{"floor":26.0,"key":"Boot"},{"floor":29.0,"key":"Turnip"},{"floor":29.0,"key":"MawBank"},{"floor":40.0,"key":"Toxic Egg 2"},{"floor":40.0,"key":"Charon\u0027s Ashes"},{"floor":42.0,"key":"Blue Candle"},{"floor":42.0,"key":"StoneCalendar"},{"floor":46.0,"key":"StrikeDummy"},{"floor":46.0,"key":"CeramicFish"},{"floor":48,"key":"Juzu Bracelet"},{"floor":48,"key":"Eternal Feather"},{"floor":54,"key":"Strawberry"},{"floor":54,"key":"Blood Vial"}],"event_choices":[{"damage_healed":0.0,"max_hp_gain":0.0,"max_hp_loss":0.0,"gold_gain":0.0,"event_name":"The Cleric","player_choice":"Leave","floor":4.0,"gold_loss":0.0,"damage_taken":0.0},{"damage_healed":0.0,"max_hp_gain":0.0,"max_hp_loss":0.0,"gold_gain":0.0,"event_name":"Shining Light","player_choice":"Entered Light","floor":5.0,"gold_loss":0.0,"damage_taken":16.0,"cards_upgraded":["Defend_R","Defend_R"]},{"damage_healed":0.0,"max_hp_gain":0.0,"max_hp_loss":0.0,"gold_gain":0.0,"event_name":"Vampires","player_choice":"Ignored","floor":20.0,"gold_loss":0.0,"damage_taken":0.0},{"damage_healed":0.0,"max_hp_gain":0.0,"max_hp_loss":0.0,"gold_gain":0.0,"event_name":"Winding Halls","player_choice":"Embrace Madness","floor":38.0,"gold_loss":0.0,"damage_taken":12.0,"cards_obtained":["Madness","Madness"]}],"is_beta":false,"boss_relics":[{"not_picked":["Snecko Eye","Busted Crown"],"picked":"Black Star"},{"not_picked":["Runic Dome","Black Blood"],"picked":"Cursed Key"}],"items_purged_floors":[21,31,39],"is_endless":false,"potions_floor_spawned":[3,6,7,19,25,29,30,35,44,45,54],"ascension_level":1}}