{"host":"i0m9g0siyue4991n","time":1610530928,"event":{"mods":["100% Spire Juice","ATMod(°¢èªMod)","Act Like it!","BaseMod","BetterRewards","CapriCore","Challenge The Spire","Custom Start","Friendly Minions","Gensokyo","Marisa£¨ìFÓê¡¡Ä§ÀíÉ³£©","Minty Spire (QoL Compilation)","Quick Restart","Reimu£¨²©ÀöÁéÃÎ£©","RumiaBox-Â¶Ã×æ«µÄÉñÃØºÐ×Ó","StSLib","The Administrix","The Immortal","The Servant 0.9.4","Yakumo Yukari mod"],"gold_per_floor":[348,8,41,72,97,97,97,97,122,150,175,175,16,16,49,201,271,366],"floor_reached":19,"language":"ZHS","playtime":1294,"items_purged":["AdministrixMod:Strike_Administrix","AdministrixMod:Defend_Administrix","AdministrixMod:Strike_Administrix"],"score":590,"play_id":"0127d526-ff9c-44ca-ba7c-d07bc117bcb6","local_time":"20210113174208","daily_mods":["challengethespire:Platinum Difficulty","challengethespire:Modded Elite Rush","Uncertain Future"],"is_ascension_mode":true,"campfire_choices":[{"data":"AT_FamilyPortrait","floor":7,"key":"SMITH"},{"data":"AdministrixMod:FiendishCrimson","floor":8,"key":"SMITH"},{"data":"AdministrixMod:SyncreticSurge","floor":14,"key":"SMITH"}],"circlet_count":0,"master_deck":["AscendersBane","AdministrixMod:RedCloak","AdministrixMod:Defend_Administrix","AdministrixMod:Defend_Administrix","AdministrixMod:BlueCloak","AT_FamilyPortrait+1","AdministrixMod:StarSwordSoul","AdministrixMod:DreamsMausoleum","AdministrixMod:SyncreticSurge+1","AdministrixMod:BishamonBlessing","AdministrixMod:FiendishCrimson+1","AdministrixMod:BloodlessSapphire+1","AdministrixMod:ImmortalClarity+1","AdministrixMod:PassageOfAges+1","AdministrixMod:BattleforgedBonds","AdministrixMod:LuminaryPath","AdministrixMod:XianArts","AdministrixMod:Strike_Administrix","AdministrixMod:DreamsMausoleum","AdministrixMod:PassageOfAges+1","AdministrixMod:BegetEternity"],"relics":["AdministrixMod:ConductorRitualBaton","Black Star","Sling","PreservedInsect","AT_ATBox","Bag of Preparation","AT_PhaseBoots","AT_ForceNature","AT_TimeSand","Blood Vial","Lantern","Toy Ornithopter","Strawberry","Astrolabe","MagicDraw1","Ccalipers","AT_BellDemon","AT_BladeRuinedKing","The Courier","Akabeko","Coffee Dripper","Anchor","AT_MibuBalloonWealth","Blue Candle","MawBank","Orichalcum","Sundial","Shuriken","Toxic Egg 2"],"acts_visited":["Exordium"],"potions_floor_usage":[],"damage_taken":[{"damage":15,"enemies":"Gremlin Nob","floor":3,"turns":4},{"damage":0,"enemies":"Lagavulin","floor":4,"turns":4},{"damage":20,"enemies":"3 Sentries","floor":5,"turns":8},{"damage":0,"enemies":"Gremlin Leader","floor":9,"turns":3},{"damage":4,"enemies":"Book of Stabbing","floor":10,"turns":4},{"damage":1,"enemies":"Slavers","floor":11,"turns":4},{"damage":0,"enemies":"Giant Head","floor":15,"turns":3},{"damage":12,"enemies":"Reptomancer","floor":16,"turns":5},{"damage":4,"enemies":"Nemesis","floor":17,"turns":9},{"damage":0,"enemies":"Shield and Spear","floor":18,"turns":2}],"seed_played":"2877247363516946995","potions_obtained":[{"floor":3,"key":"FearPotion"},{"floor":9,"key":"Weak Potion"},{"floor":15,"key":"SkillPotion"}],"is_trial":true,"path_per_floor":["$","$","E","E","E","T","R","R","E","E","E","T","$","R","E","E","E","E",null],"character_chosen":"TheAdministrix","items_purchased":["Bag of Preparation","AdministrixMod:StarSwordSoul","AT_SpeedBoots","AdministrixMod:DreamsMausoleum","AdministrixMod:XianArts"],"campfire_rested":0,"item_purchase_floors":[1,1,2,2,13],"current_hp_per_floor":[55,55,43,43,40,40,40,40,56,61,71,71,71,71,71,71,71,71],"gold":378,"neow_bonus":"","is_daily":false,"chose_seed":false,"campfire_upgraded":3,"win_rate":0.0,"timestamp":1610530928,"path_taken":["$","$","E","E","E","T","R","R","E","E","E","T","$","R","E","E","E","E"],"items_purchased_type":["Relic","Card","Relic","Card","Card"],"build_version":"2020-12-22","purchased_purges":3,"victory":true,"max_hp_per_floor":[61,61,64,64,71,71,71,71,71,71,71,71,71,71,71,71,71,71],"card_choices":[],"player_experience":519590,"relics_obtained":[{"floor":3,"key":"AT_ForceNature"},{"floor":3,"key":"AT_TimeSand"},{"floor":4,"key":"Blood Vial"},{"floor":4,"key":"Lantern"},{"floor":5,"key":"Toy Ornithopter"},{"floor":5,"key":"Strawberry"},{"floor":9,"key":"MagicDraw1"},{"floor":9,"key":"Ccalipers"},{"floor":10,"key":"AT_BellDemon"},{"floor":10,"key":"AT_BladeRuinedKing"},{"floor":11,"key":"The Courier"},{"floor":11,"key":"Akabeko"},{"floor":15,"key":"Anchor"},{"floor":15,"key":"AT_MibuBalloonWealth"},{"floor":16,"key":"Blue Candle"},{"floor":16,"key":"MawBank"},{"floor":17,"key":"Orichalcum"},{"floor":17,"key":"Sundial"},{"floor":18,"key":"Shuriken"},{"floor":18,"key":"Toxic Egg 2"}],"event_choices":[],"is_beta":false,"boss_relics":[{"not_picked":["Ectoplasm","Fusion Hammer"],"picked":"Astrolabe"},{"not_picked":["Velvet Choker","Philosopher\u0027s Stone"],"picked":"Coffee Dripper"}],"items_purged_floors":[1,2,13],"is_endless":false,"potions_floor_spawned":[3,9,15,17],"ascension_level":20}}