{"host":"ekha54jsiuuqgn65","time":1610504285,"event":{"mods":["BaseMod","Colored Map","Conspire","Lobotomy","LobotomyExtend","Minty Spire (QoL Compilation)","Quick Restart","Replay The Spire","StSLib","SuperFastMode","The Marked","[IsaacMod]ÒÔÈö¼âËþ","vexMod","¡¾ÒÅÎï¿¨ÅÆ¡¿REMEMod"],"gold_per_floor":[113,125,125,88,107,130,159,218,218,233,233,246,275,303,303,405,1071,1084,693,415,431,443,443,463,463,512,512,582,497,497,517,517,517,517],"floor_reached":33,"language":"ZHS","playtime":910,"items_purged":["Strike_G"],"score":307,"play_id":"11c20eed-71ca-4865-b35e-24fa1000dbda","local_time":"20210113101805","is_ascension_mode":false,"campfire_choices":[{"floor":11,"key":"REST"},{"floor":15,"key":"REST"},{"floor":23,"key":"REST"},{"floor":27,"key":"REST"},{"floor":30,"key":"REST"},{"data":"Replay:Bag of Tricks","floor":32,"key":"SMITH"}],"circlet_count":0,"master_deck":["Strike_G","Strike_G","Strike_G","Strike_G","Defend_G","Defend_G","Defend_G","Defend_G","Defend_G","Survivor","Neutralize","EpicFetus","ReplayTheSpireMod:Speed Training","Flechettes","Blade Dance+1","Distraction","PiercingWail","Bouncing Flask","Sucker Punch","Noxious Fumes","Replay:Bag of Tricks","Replay:Bag of Tricks+1","Poisoned Stab","Noxious Fumes+1","Endless Agony+1","REME_GrazeFinale+1","Dagger Throw","Writhe","Outmaneuver+1"],"relics":["Ring of the Snake","HushsDoor","REME_ComplimentaryCards","NeowsBlessing","LetterFromLob","DeadEye","conspire:TopHat","Quantum Egg","PillsDrop","Mummified Hand","vexMod:RockOfEvil","Blue Doll","Golden Egg","Habit","Molten Egg 2","Blood Vial","AnarchistCookbook","BookOfRevelations"],"acts_visited":["Exordium","TheCity"],"potions_floor_usage":[13,16,16,16],"damage_taken":[{"damage":0,"enemies":"Cultist","floor":1,"turns":1},{"damage":0,"enemies":"Small Slimes","floor":2,"turns":1},{"damage":0,"enemies":"2 Louse","floor":5,"turns":1},{"damage":0,"enemies":"3 Sentries","floor":7,"turns":2},{"damage":17,"enemies":"Exordium Thugs","floor":8,"turns":6},{"damage":7,"enemies":"Lots of Slimes","floor":10,"turns":5},{"damage":4,"enemies":"Red Slaver","floor":12,"turns":3},{"damage":22,"enemies":"conspire:MimicChest","floor":13,"turns":4},{"damage":22,"enemies":"Lagavulin","floor":14,"turns":5},{"damage":22,"enemies":"The Guardian","floor":16,"turns":10},{"damage":17,"enemies":"Spheric Guardian","floor":18,"turns":5},{"damage":19,"enemies":"2 Thieves","floor":21,"turns":3},{"damage":10,"enemies":"Chosen and Byrds","floor":22,"turns":3},{"damage":20,"enemies":"Snake Plant","floor":24,"turns":4},{"damage":0,"enemies":"3 Cultists","floor":31,"turns":2},{"damage":67,"enemies":"conspire:MysteriousRune","floor":33,"turns":8}],"seed_played":"-4891265623842163646","potions_obtained":[{"floor":1,"key":"ColorlessPotion"},{"floor":2,"key":"EssenceOfSteel"},{"floor":13,"key":"EssenceOfSteel"},{"floor":14,"key":"Block Potion"},{"floor":16,"key":"Explosive Potion"},{"floor":24,"key":"Fire Potion"}],"is_trial":false,"path_per_floor":["M","M","?","$","M","T","E","M","T","M","R","M","?","E","R","B",null,"M","$","$","M","M","R","M","?","T","R","T","?","R","M","R","B"],"character_chosen":"THE_SILENT","items_purchased":["Blade Dance+1","Blue Doll","Golden Egg","Habit","Noxious Fumes+1"],"campfire_rested":5,"item_purchase_floors":[4,19,19,20,20],"current_hp_per_floor":[70,70,70,70,70,70,70,53,53,46,67,63,41,19,40,18,70,53,53,53,34,24,45,25,25,25,44,44,44,63,65,65,0,0],"gold":517,"neow_bonus":"THREE_ENEMY_KILL","is_daily":false,"chose_seed":false,"campfire_upgraded":1,"win_rate":0.0,"timestamp":1610504285,"path_taken":["M","?","?","?","?","?","E","?","T","M","R","M","?","E","R","BOSS","M","?","$","M","M","R","M","?","T","R","?","?","R","M","R","BOSS"],"items_purchased_type":["Card","Relic","Relic","Relic","Card"],"build_version":"2020-12-22","purchased_purges":1,"victory":false,"max_hp_per_floor":[70,70,70,70,70,70,70,70,70,70,70,70,70,70,70,70,70,70,70,70,70,70,70,65,65,65,65,65,65,65,65,65,65,65],"card_choices":[{"not_picked":[],"picked":"EpicFetus","floor":0},{"not_picked":["Acrobatics","ReplayTheSpireMod:Scrap Shanks"],"picked":"ReplayTheSpireMod:Speed Training","floor":1},{"not_picked":["REME_GreenPollution","Deadly Poison"],"picked":"Flechettes","floor":2},{"not_picked":["Dagger Throw","Finisher"],"picked":"Distraction","floor":5},{"not_picked":["Bomb","Sucker Punch"],"picked":"PiercingWail","floor":7},{"not_picked":["PiercingWail","ReplayTheSpireMod:Scrap Shanks"],"picked":"Bomb","floor":8},{"not_picked":["REME_CopyPotion","Sneak Up"],"picked":"Bomb","floor":10},{"not_picked":["Bomb","Dodge and Roll"],"picked":"Bouncing Flask","floor":12},{"not_picked":["Poisoned Stab","PiercingWail"],"picked":"Sucker Punch","floor":13},{"not_picked":["Endless Agony","Deflect"],"picked":"Noxious Fumes","floor":14},{"not_picked":["Doppelganger","A Thousand Cuts"],"picked":"Replay:Bag of Tricks","floor":16},{"not_picked":["Blur","Hidden Blade"],"picked":"Poisoned Stab","floor":18},{"not_picked":["Fluid Movement","Sucker Punch"],"picked":"Endless Agony+1","floor":21},{"not_picked":["Slice","Backflip"],"picked":"REME_GrazeFinale","floor":22},{"not_picked":["Slice","Expertise"],"picked":"Dagger Throw","floor":24},{"not_picked":["REME_GreenPollution","Dagger Throw+1"],"picked":"Outmaneuver+1","floor":31}],"player_experience":22101,"relics_obtained":[{"floor":1,"key":"LetterFromLob"},{"floor":7,"key":"conspire:TopHat"},{"floor":9,"key":"Quantum Egg"},{"floor":13,"key":"PillsDrop"},{"floor":14,"key":"Mummified Hand"},{"floor":26,"key":"Blood Vial"},{"floor":28,"key":"AnarchistCookbook"}],"event_choices":[{"damage_healed":0,"gold_gain":0,"player_choice":"Leave","damage_taken":0,"max_hp_gain":0,"max_hp_loss":0,"event_name":"The Cleric","floor":3,"gold_loss":0},{"damage_healed":0,"gold_gain":0,"player_choice":"Opened","damage_taken":0,"relics_obtained":["Molten Egg 2"],"max_hp_gain":0,"max_hp_loss":0,"event_name":"The Mausoleum","floor":25,"gold_loss":0,"cards_obtained":["Writhe"]},{"damage_healed":0,"gold_gain":0,"player_choice":"Obtained Relic","damage_taken":0,"relics_obtained":["BookOfRevelations"],"max_hp_gain":0,"max_hp_loss":0,"event_name":"Addict","floor":29,"gold_loss":85}],"is_beta":false,"boss_relics":[{"not_picked":["Runic Pyramid","vexMod:DeviousBotling"],"picked":"vexMod:RockOfEvil"},{"not_picked":[]}],"items_purged_floors":[20],"is_endless":false,"potions_floor_spawned":[1,2,13,14,16,24],"killed_by":"conspire:MysteriousRune","ascension_level":0}}