{"host":"refsn2q8at3dn95k","time":1610503387,"event":{"mods":["BaseMod","Hubris","Infinite Spire","Minty Spire (QoL Compilation)","Replay The Spire","StSLib","The Jungle"],"gold_per_floor":[10,185,198,218,493,493,493,509,562,582,582,608,627,640,640,640,640],"floor_reached":16,"language":"ENG","playtime":1679,"items_purged":[],"score":109,"play_id":"e38eb386-4fcd-4927-988e-d5222ca43f3f","local_time":"20210112200307","is_ascension_mode":true,"campfire_choices":[{"floor":7,"key":"REST"},{"floor":15,"key":"REST"}],"circlet_count":0,"master_deck":["Strike_R","Strike_R","Strike_R","Strike_R","Strike_R","Defend_R","Defend_R","Bash","Doubt","Regret","Heavy Blade","infinitespire:TheBestDefense"],"relics":["Burning Blood","Replay:Mystery Machine","Omamori"],"acts_visited":["Exordium"],"potions_floor_usage":[6,10,13,16],"damage_taken":[{"damage":10,"enemies":"Small Slimes","floor":1,"turns":3},{"damage":13,"enemies":"Jaw Worm","floor":3,"turns":4},{"damage":5,"enemies":"Cultist","floor":4,"turns":4},{"damage":25,"enemies":"Lagavulin","floor":6,"turns":5},{"damage":17,"enemies":"3 Louse","floor":8,"turns":4},{"damage":12,"enemies":"Blue Slaver","floor":10,"turns":3},{"damage":9,"enemies":"2 Fungi Beasts","floor":13,"turns":3},{"damage":14,"enemies":"Lots of Slimes","floor":14,"turns":6},{"damage":23,"enemies":"Hexaghost","floor":16,"turns":4}],"seed_played":"-8969658611428132326","potions_obtained":[{"floor":3,"key":"SmokeBomb"},{"floor":8,"key":"ColorlessPotion"},{"floor":10,"key":"PowerPotion"},{"floor":14,"key":"HeartOfIron"}],"is_trial":false,"path_per_floor":["M","?","M","M","?","E","R","M","T","M","?","T","M","M","R","B"],"character_chosen":"IRONCLAD","items_purchased":[],"campfire_rested":2,"item_purchase_floors":[],"current_hp_per_floor":[76,76,69,70,70,51,75,64,64,58,38,38,35,27,51,28,28],"gold":640,"neow_bonus":"REMOVE_TWO","is_daily":false,"chose_seed":false,"campfire_upgraded":0,"win_rate":0.0,"timestamp":1610503387,"path_taken":["M","?","M","M","?","E","R","M","T","?","?","?","M","M","R","BOSS"],"items_purchased_type":[],"build_version":"2020-12-22","purchased_purges":0,"victory":false,"max_hp_per_floor":[80,80,80,80,80,80,80,80,80,80,80,80,80,80,80,80,80],"card_choices":[{"not_picked":["ReplayTheSpireMod:Strike From Hell","Perfected Strike","Headbutt"],"picked":"SKIP","floor":1},{"not_picked":["Replay:Undeath\u0027s Touch","Sever Soul","Run Through"],"picked":"SKIP","floor":3},{"not_picked":["Fire Breathing","Pummel","Thunderclap"],"picked":"SKIP","floor":4},{"not_picked":["Wild Strike","Anger"],"picked":"Heavy Blade","floor":8},{"not_picked":["Pommel Strike","Uppercut","Warcry"],"picked":"SKIP","floor":10},{"not_picked":["infinitespire:Punishment","infinitespire:SealOfDarkness+"],"picked":"infinitespire:TheBestDefense","floor":11},{"not_picked":["Sword Boomerang","Clothesline","Headbutt"],"picked":"SKIP","floor":13},{"not_picked":["Defy Death","Pummel","ReplayTheSpireMod:Limb From Limb"],"picked":"SKIP","floor":14}],"player_experience":1635955,"relics_obtained":[{"floor":9,"key":"Replay:Mystery Machine"},{"floor":12,"key":"Omamori"}],"event_choices":[{"damage_healed":0,"gold_gain":175,"player_choice":"AGREE","damage_taken":0,"max_hp_gain":0,"max_hp_loss":0,"event_name":"Liars Game","floor":2,"gold_loss":0,"cards_obtained":["Doubt"]},{"damage_healed":0,"gold_gain":275,"player_choice":"Desecrate","damage_taken":0,"max_hp_gain":0,"max_hp_loss":0,"event_name":"Golden Shrine","floor":5,"gold_loss":0,"cards_obtained":["Regret"]}],"is_beta":false,"boss_relics":[],"items_purged_floors":[],"is_endless":false,"potions_floor_spawned":[3,8,10,14],"killed_by":"Hexaghost","ascension_level":1}}