{"host":"n4fty02wqqi95laq","time":1610521893,"event":{"mods":["BaseMod","Highlight Path","Minty Spire (QoL Compilation)","Quick Restart","Rare Cards Sparkle","StSLib"],"gold_per_floor":[115,40,40,115,130,160,224,224,249,249,268,1,19,19,19,98,98,113,3,18,35,52,85,85,85,85,100,110,144,144,144,144],"floor_reached":31,"language":"ZHS","playtime":658,"items_purged":["Strike_R","Strike_R"],"score":650,"play_id":"857400a1-ae54-4600-bed5-8631072c19c1","local_time":"20210113151133","is_ascension_mode":true,"campfire_choices":[{"data":"Double Tap","floor":8.0,"key":"SMITH"},{"data":"Sword Boomerang","floor":10.0,"key":"SMITH"},{"floor":15.0,"key":"RECALL"},{"data":"Evolve","floor":24.0,"key":"SMITH"}],"circlet_count":0,"master_deck":["AscendersBane","Strike_R","Strike_R","Defend_R","Defend_R+1","Defend_R","Defend_R+1","Bash+1","Sword Boomerang+1","Double Tap+1","Pummel","Fiend Fire","Flex+1","Evolve+1","Second Wind","Reckless Charge","Pommel Strike"],"relics":["Burning Blood","NeowsBlessing","Shuriken","Anchor","Bag of Preparation","Medical Kit","StrikeDummy","Philosopher\u0027s Stone","Bronze Scales","Omamori","Nilry\u0027s Codex"],"acts_visited":["Exordium","TheCity"],"potions_floor_usage":[29],"damage_taken":[{"damage":0.0,"enemies":"Cultist","floor":1.0,"turns":1.0},{"damage":0.0,"enemies":"2 Louse","floor":5.0,"turns":1.0},{"damage":0.0,"enemies":"Lagavulin","floor":6.0,"turns":1.0},{"damage":8.0,"enemies":"Gremlin Nob","floor":7.0,"turns":3.0},{"damage":0.0,"enemies":"Small Slimes","floor":11.0,"turns":2.0},{"damage":0.0,"enemies":"Exordium Wildlife","floor":13.0,"turns":2.0},{"damage":29.0,"enemies":"Hexaghost","floor":16.0,"turns":6.0},{"damage":2.0,"enemies":"Spheric Guardian","floor":18.0,"turns":3.0},{"damage":10.0,"enemies":"2 Thieves","floor":20.0,"turns":4.0},{"damage":0.0,"enemies":"Sentry and Sphere","floor":21.0,"turns":3.0},{"damage":0.0,"enemies":"Snecko","floor":22.0,"turns":1.0},{"damage":0.0,"enemies":"Gremlin Leader","floor":23.0,"turns":5.0},{"damage":13.0,"enemies":"Snake Plant","floor":27.0,"turns":4.0},{"damage":16.0,"enemies":"3 Cultists","floor":28.0,"turns":4.0},{"damage":9,"enemies":"Slavers","floor":29,"turns":3},{"damage":20,"enemies":"Book of Stabbing","floor":31,"turns":3}],"seed_played":"-3998683697761809639","potions_obtained":[{"floor":1.0,"key":"Energy Potion"},{"floor":5.0,"key":"Energy Potion"},{"floor":28.0,"key":"DuplicationPotion"},{"floor":29,"key":"Explosive Potion"}],"is_trial":false,"path_per_floor":["M","$","?","?","M","E","?","R","T","R","M","$","M","?","R","B",null,"M","?","M","M","M","E","R","?","T","M","M","E","?","E"],"character_chosen":"IRONCLAD","items_purchased":["Medical Kit"],"campfire_rested":0,"item_purchase_floors":[12],"current_hp_per_floor":[74,74,51,40,46,52,50,50,50,50,56,56,62,36,36,13,60,64,64,60,66,72,75,75,75,75,68,58,55,34,14,14],"gold":144,"neow_bonus":"THREE_ENEMY_KILL","is_daily":false,"chose_seed":false,"campfire_upgraded":3,"win_rate":0.0,"timestamp":1610521893,"path_taken":["M","$","?","?","M","E","?","R","T","R","M","?","M","?","R","BOSS","M","?","?","M","M","E","R","?","T","M","M","E","?","E"],"items_purchased_type":["Relic"],"build_version":"2020-12-22","purchased_purges":2,"victory":false,"max_hp_per_floor":[75,75,75,75,75,75,75,75,75,75,75,75,75,75,75,75,75,75,75,75,75,75,75,75,75,75,75,75,75,75,75,75],"card_choices":[{"not_picked":["Anger","Iron Wave"],"picked":"Sword Boomerang","floor":1.0},{"not_picked":["Warcry","Searing Blow","Heavy Blade"],"picked":"SKIP","floor":5.0},{"not_picked":["Feed","Headbutt"],"picked":"Double Tap","floor":6.0},{"not_picked":["Body Slam","Cleave"],"picked":"Pummel","floor":7.0},{"not_picked":["Thunderclap","Perfected Strike","Havoc"],"picked":"SKIP","floor":11.0},{"not_picked":["Warcry","Uppercut","Heavy Blade"],"picked":"SKIP","floor":13.0},{"not_picked":["Bludgeon","Brutality"],"picked":"Fiend Fire","floor":16.0},{"not_picked":["Sever Soul","Entrench","Ghostly Armor"],"picked":"SKIP","floor":18.0},{"not_picked":["Spot Weakness","Shrug It Off"],"picked":"Flex+1","floor":20.0},{"not_picked":["Infernal Blade","Heavy Blade","Intimidate"],"picked":"SKIP","floor":21.0},{"not_picked":["Twin Strike","Cleave","Clash+1"],"picked":"SKIP","floor":22.0},{"not_picked":["Twin Strike","Cleave","Clash+1"],"picked":"SKIP","floor":22.0},{"not_picked":["Impervious","Carnage"],"picked":"Evolve","floor":23.0},{"not_picked":["Shrug It Off","Combust+1"],"picked":"Second Wind","floor":27.0},{"not_picked":["Cleave+1","Warcry"],"picked":"Reckless Charge","floor":28.0},{"not_picked":["Clothesline","Twin Strike"],"picked":"Pommel Strike","floor":29}],"player_experience":662731,"relics_obtained":[{"floor":6.0,"key":"Shuriken"},{"floor":9.0,"key":"Bag of Preparation"},{"floor":23.0,"key":"Bronze Scales"},{"floor":29,"key":"Omamori"},{"floor":30,"key":"Nilry\u0027s Codex"}],"event_choices":[{"damage_healed":0.0,"max_hp_gain":0.0,"max_hp_loss":0.0,"gold_gain":0.0,"event_name":"Shining Light","player_choice":"Entered Light","floor":3.0,"gold_loss":0.0,"damage_taken":23.0,"cards_upgraded":["Defend_R","Bash"]},{"damage_healed":0.0,"max_hp_gain":0.0,"max_hp_loss":0.0,"gold_gain":75.0,"event_name":"World of Goop","player_choice":"Gather Gold","floor":4.0,"gold_loss":0.0,"damage_taken":11.0},{"damage_healed":0.0,"max_hp_gain":0.0,"max_hp_loss":0.0,"gold_gain":30.0,"event_name":"Dead Adventurer","player_choice":"Searched \u00273\u0027 times","floor":7.0,"gold_loss":0.0,"damage_taken":0.0,"relics_obtained":["Anchor"]},{"damage_healed":0.0,"max_hp_gain":0.0,"max_hp_loss":0.0,"gold_gain":0.0,"event_name":"Scrap Ooze","player_choice":"Success","floor":14.0,"gold_loss":0.0,"damage_taken":26.0,"relics_obtained":["StrikeDummy"]},{"cards_removed":["Strike_R"],"damage_healed":0.0,"max_hp_gain":0.0,"max_hp_loss":0.0,"gold_gain":0.0,"event_name":"Designer","player_choice":"Upgrade and Remove","floor":19.0,"gold_loss":110.0,"damage_taken":0.0,"cards_upgraded":["Defend_R"]},{"damage_healed":0.0,"max_hp_gain":0.0,"max_hp_loss":0.0,"gold_gain":0.0,"event_name":"Ghosts","player_choice":"Ignored","floor":25.0,"gold_loss":0.0,"damage_taken":0.0},{"damage_healed":0,"gold_gain":0,"player_choice":"Obtained Book","damage_taken":21,"max_hp_gain":0,"max_hp_loss":0,"event_name":"Cursed Tome","floor":30,"gold_loss":0}],"is_beta":false,"boss_relics":[{"not_picked":["Tiny House","Runic Cube"],"picked":"Philosopher\u0027s Stone"}],"items_purged_floors":[2,12],"is_endless":false,"potions_floor_spawned":[1,5,28,29],"killed_by":"Book of Stabbing","ascension_level":20}}