{"host":"r6jigiblrojhp6xe","time":1610512456,"event":{"mods":["AchievementEnabler","BaseMod","DeckTracker","Minty Spire (QoL Compilation)","Quick Restart","Rare Cards Sparkle","Relic Stats","StSLib","SuperFastMode","The Cursed","everything is the same but u backflip on backflip"],"gold_per_floor":[20,20,39,55,55,91,91,116,116,116,116,140,180,194,194,289,289,304,354,354,370,383,416,416,449,449,487,487,487,503,536,536,627,627,650,650,650],"floor_reached":36,"language":"KOR","playtime":994,"items_purged":[],"score":954,"play_id":"c3001b63-e67e-4f22-8886-01ed4ea13090","local_time":"20210113133416","is_ascension_mode":true,"campfire_choices":[{"data":"Whirlwind","floor":7.0,"key":"SMITH"},{"floor":11.0,"key":"REST"},{"data":"Uppercut","floor":15.0,"key":"SMITH"},{"data":"Immolate","floor":24.0,"key":"SMITH"},{"floor":29.0,"key":"REST"},{"data":"Offering","floor":32.0,"key":"SMITH"}],"circlet_count":0,"master_deck":["AscendersBane","Strike_R+1","Strike_R+1","Strike_R+1","Strike_R+1","Defend_R+1","Defend_R+1","Defend_R+1","Defend_R+1","Bash","Wild Strike","Evolve","Whirlwind+1","Reckless Charge","Uppercut+1","Offering+1","Immolate+1","Second Wind","Burning Pact+1","Blood for Blood+1","Ghostly Armor","Feed","Feel No Pain+1"],"relics":["Burning Blood","Gambling Chip","Golden Idol","Du-Vu Doll","Champion Belt","StoneCalendar","Question Card","Philosopher\u0027s Stone","Thread and Needle","Juzu Bracelet","WingedGreaves","Vajra","Nunchaku","Coffee Dripper"],"acts_visited":["Exordium","TheCity","TheBeyond"],"potions_floor_usage":[],"damage_taken":[{"damage":1.0,"enemies":"Cultist","floor":1.0,"turns":3.0},{"damage":0.0,"enemies":"Small Slimes","floor":3.0,"turns":2.0},{"damage":9.0,"enemies":"Jaw Worm","floor":4.0,"turns":4.0},{"damage":35.0,"enemies":"3 Sentries","floor":6.0,"turns":8.0},{"damage":7.0,"enemies":"Exordium Wildlife","floor":8.0,"turns":2.0},{"damage":0.0,"enemies":"3 Louse","floor":12.0,"turns":1.0},{"damage":20.0,"enemies":"Lagavulin","floor":13.0,"turns":7.0},{"damage":3.0,"enemies":"Looter","floor":14.0,"turns":2.0},{"damage":18.0,"enemies":"Hexaghost","floor":16.0,"turns":8.0},{"damage":12.0,"enemies":"2 Thieves","floor":18.0,"turns":2.0},{"damage":0.0,"enemies":"Chosen","floor":21.0,"turns":3.0},{"damage":2.0,"enemies":"Snake Plant","floor":22.0,"turns":3.0},{"damage":28.0,"enemies":"Book of Stabbing","floor":23.0,"turns":5.0},{"damage":21.0,"enemies":"Gremlin Leader","floor":25.0,"turns":5.0},{"damage":17.0,"enemies":"Book of Stabbing","floor":27.0,"turns":4.0},{"damage":26.0,"enemies":"Shelled Parasite and Fungi","floor":30.0,"turns":2.0},{"damage":6.0,"enemies":"Slavers","floor":31.0,"turns":1.0},{"damage":53.0,"enemies":"Automaton","floor":33.0,"turns":7.0},{"damage":20,"enemies":"3 Darklings","floor":35,"turns":2},{"damage":55,"enemies":"3 Shapes","floor":36,"turns":1}],"seed_played":"8509154887202106800","potions_obtained":[{"floor":6.0,"key":"Energy Potion"},{"floor":12.0,"key":"ElixirPotion"},{"floor":16.0,"key":"AttackPotion"},{"floor":18.0,"key":"FairyPotion"},{"floor":25.0,"key":"PowerPotion"},{"floor":27.0,"key":"Regen Potion"},{"floor":30.0,"key":"LiquidBronze"}],"is_trial":false,"path_per_floor":["M","?","M","M","?","E","R","M","T","?","R","M","E","M","R","B",null,"M","?","?","M","M","E","R","E","T","E","?","R","M","E","R","B",null,"M","M"],"character_chosen":"IRONCLAD","items_purchased":[],"campfire_rested":2,"item_purchase_floors":[],"current_hp_per_floor":[73,47,53,50,43,14,14,13,13,2,24,30,16,19,19,7,58,52,52,52,58,62,40,40,25,25,14,14,36,21,21,21,28,63,49,0,0],"gold":650,"neow_bonus":"ONE_RARE_RELIC","is_daily":false,"chose_seed":false,"campfire_upgraded":4,"win_rate":0.0,"timestamp":1610512456,"path_taken":["M","?","M","M","?","E","R","M","T","?","R","M","E","M","R","BOSS","M","?","?","M","M","E","R","E","T","E","?","R","M","E","R","BOSS","M","M"],"items_purchased_type":[],"build_version":"2020-12-22","purchased_purges":0,"victory":false,"max_hp_per_floor":[75,75,75,75,75,75,75,75,75,75,75,75,75,75,75,75,75,75,75,75,75,75,75,75,75,75,75,75,75,75,75,75,75,75,75,75,75],"relic_stats":{"Nunchaku":[2],"counters":[20,72],"Golden Idol":118,"Gambling Chip":[72],"StoneCalendar":[75],"Juzu Bracelet":0,"Champion Belt":[19],"Question Card":12,"obtain_stats":[{"Golden Idol":2,"Vajra":27,"StoneCalendar":10,"Thread and Needle":23,"Juzu Bracelet":25,"Question Card":13,"Burning Blood":0,"Du-Vu Doll":6,"Nunchaku":31,"Gambling Chip":0,"Philosopher\u0027s Stone":17,"WingedGreaves":26,"Coffee Dripper":34,"Champion Belt":9},{"Golden Idol":1,"Vajra":15,"StoneCalendar":5,"Thread and Needle":13,"Juzu Bracelet":14,"Question Card":7,"Burning Blood":0,"Du-Vu Doll":4,"Nunchaku":17,"Gambling Chip":0,"Philosopher\u0027s Stone":9,"WingedGreaves":14,"Coffee Dripper":18,"Champion Belt":5},{"Golden Idol":3,"Vajra":59,"StoneCalendar":19,"Thread and Needle":50,"Juzu Bracelet":55,"Question Card":27,"Burning Blood":0,"Du-Vu Doll":17,"Nunchaku":62,"Gambling Chip":0,"Philosopher\u0027s Stone":37,"WingedGreaves":55,"Coffee Dripper":69,"Champion Belt":19}],"Burning Blood":114},"card_choices":[{"not_picked":["Clash","Pummel"],"picked":"Wild Strike","floor":1.0},{"not_picked":["Infernal Blade","Rupture"],"picked":"Evolve","floor":3.0},{"not_picked":["Dark Embrace","Perfected Strike"],"picked":"Whirlwind","floor":4.0},{"not_picked":["Anger","Pommel Strike","Heavy Blade"],"picked":"SKIP","floor":6.0},{"not_picked":["Whirlwind","Clothesline","Iron Wave"],"picked":"SKIP","floor":8.0},{"not_picked":["Seeing Red","Uppercut"],"picked":"Reckless Charge","floor":12.0},{"not_picked":["Headbutt","Pummel"],"picked":"Uppercut","floor":13.0},{"not_picked":["Thunderclap","Armaments","Cleave"],"picked":"Offering","floor":14.0},{"not_picked":["Corruption","Impervious","Double Tap"],"picked":"Immolate","floor":16.0},{"not_picked":["Infernal Blade","Warcry","Sword Boomerang","Pommel Strike"],"picked":"SKIP","floor":18.0},{"not_picked":["Shrug It Off","Havoc","Twin Strike"],"picked":"Second Wind","floor":21.0},{"not_picked":["Sword Boomerang","Havoc","Bludgeon","Blood for Blood"],"picked":"SKIP","floor":22.0},{"not_picked":["Shockwave","Pommel Strike","Havoc"],"picked":"Burning Pact+1","floor":23.0},{"not_picked":["Berserk","Iron Wave","Shrug It Off"],"picked":"Blood for Blood+1","floor":25.0},{"not_picked":["Anger","Sword Boomerang","Wild Strike","Rage"],"picked":"SKIP","floor":27.0},{"not_picked":["True Grit","Clothesline","Metallicize","Rage"],"picked":"SKIP","floor":30.0},{"not_picked":["Cleave","Body Slam","Bludgeon"],"picked":"Ghostly Armor","floor":31.0},{"not_picked":["Demon Form","Barricade","Immolate"],"picked":"Feed","floor":33.0},{"not_picked":["Clash","Heavy Blade","Twin Strike+1"],"picked":"Feel No Pain+1","floor":35}],"player_experience":572707,"relics_obtained":[{"floor":6.0,"key":"Du-Vu Doll"},{"floor":9.0,"key":"Champion Belt"},{"floor":13.0,"key":"Question Card"},{"floor":23.0,"key":"Thread and Needle"},{"floor":25.0,"key":"Juzu Bracelet"},{"floor":26.0,"key":"WingedGreaves"},{"floor":27.0,"key":"Vajra"},{"floor":31.0,"key":"Nunchaku"}],"event_choices":[{"damage_healed":0.0,"max_hp_gain":0.0,"max_hp_loss":0.0,"gold_gain":0.0,"event_name":"Golden Idol","player_choice":"Take Damage","floor":2.0,"gold_loss":0.0,"damage_taken":26.0,"relics_obtained":["Golden Idol"]},{"cards_removed":["Strike_R"],"damage_healed":0.0,"max_hp_gain":0.0,"max_hp_loss":0.0,"gold_gain":0.0,"event_name":"Golden Wing","player_choice":"Card Removal","floor":5.0,"gold_loss":0.0,"damage_taken":7.0},{"damage_healed":0.0,"max_hp_gain":0.0,"max_hp_loss":0.0,"gold_gain":0.0,"event_name":"Scrap Ooze","player_choice":"Success","floor":10.0,"gold_loss":0.0,"damage_taken":11.0,"relics_obtained":["StoneCalendar"]},{"damage_healed":0.0,"max_hp_gain":0.0,"max_hp_loss":0.0,"gold_gain":50.0,"event_name":"Nest","player_choice":"Stole From Cult","floor":19.0,"gold_loss":0.0,"damage_taken":0.0},{"damage_healed":0.0,"max_hp_gain":0.0,"max_hp_loss":0.0,"gold_gain":0.0,"event_name":"Back to Basics","player_choice":"Simplicity","floor":20.0,"gold_loss":0.0,"damage_taken":0.0,"cards_upgraded":["Strike_R","Strike_R","Strike_R","Strike_R","Defend_R","Defend_R","Defend_R","Defend_R"]},{"damage_healed":0.0,"max_hp_gain":0.0,"max_hp_loss":0.0,"gold_gain":0.0,"event_name":"The Mausoleum","player_choice":"Ignored","floor":28.0,"gold_loss":0.0,"damage_taken":0.0}],"is_beta":false,"boss_relics":[{"not_picked":["Snecko Eye","Calling Bell"],"picked":"Philosopher\u0027s Stone"},{"not_picked":["Astrolabe","Mark of Pain"],"picked":"Coffee Dripper"}],"items_purged_floors":[],"is_endless":false,"potions_floor_spawned":[6,12,16,18,25,27,30],"killed_by":"3 Shapes","ascension_level":20}}