{"host":"pn0n58vrtcysp2am","time":1610536941,"event":{"mods":["100% Spire Juice","ATMod(∞¢Ë™Mod)","Act Like it!","Arknights The Spire","BaseMod","CapriCore","Friendly Minions","Marisa£®ÏF”Í°°ƒß¿Ì…≥£©","Minty Spire (QoL Compilation)","READ ME - Guardian Mod","Reimu£®≤©¿ˆ¡È√Œ£©","Remilia£®¿Ÿ√◊¿Ú—«£©","StSLib","The Immortal","WarShipGirlsR/’ΩΩ¢…Ÿ≈ÆR mod","Youmu£®ªÍ∆«—˝√Œ£©","°æ“≈ŒÔø®≈∆°øREMEMod"],"gold_per_floor":[119,137,150,165,179,179,210,210,256,256,269,300,300,316,316,415,415,432,432,461,478,42,75,75,85,85,12,24,49,64,79,79,183,183,198,198,214,64,82,96,128,128,128,139,165,165,175,193,193,193],"floor_reached":51,"language":"ZHS","playtime":5222,"items_purged":["ats:Defend","Wraith"],"score":740,"play_id":"0cd5314f-f4ba-4940-bc6b-60b7163acb55","local_time":"20210113192221","is_ascension_mode":false,"campfire_choices":[{"floor":6.0,"key":"REST"},{"data":"ats:Beaten Up","floor":8.0,"key":"SMITH"},{"floor":13.0,"key":"REST"},{"data":"ats:Neurotoxin","floor":15.0,"key":"SMITH"},{"data":"ats:Part Time Job","floor":24.0,"key":"SMITH"},{"data":"ats:Dogmatic Field","floor":32.0,"key":"SMITH"},{"data":"ats:Disruption Kick","floor":42.0,"key":"SMITH"},{"data":"ats:Healing Drone","floor":46,"key":"SMITH"},{"data":"Moonworks:HolyNight","floor":49,"key":"SMITH"}],"circlet_count":0,"master_deck":["ats:Strike S","ats:Armor Crushing Shot","ats:Defend","ats:Defend","ats:Defend","ats:Emotion Absorption","Moonworks:HolyNight+1","ats:Beaten Up+1","ats:Counter Healing Mode","ats:Poison Spread","ats:Poison Spread","ats:Childhood Dance","ats:Charging Defense","ats:Hook Shot","ats:Neurotoxin+1","ats:Explosion Area Strengthen","ats:Shell Defense","ats:Dogmatic Field+1","ats:Part Time Job+1","ats:Overload","ats:Spore Proliferation+1","ats:Part Time Job+1","ats:Healing Drone+1","ats:Powerful Strike","ats:Song Of Battle","ats:Revitalization","ats:Counter Healing Mode","ats:Apocalypse","ats:Rat Pack","ats:Flexible Camouflage+1","ats:Disruption Kick+1","ats:Revitalization","ats:Consecutive Shot Auto+1","ats:Healing Strengthening+1","ats:Poison Spread+1","Parasite"],"relics":["ats:Sanity","REME_ComplimentaryCards","AT_ATBox","ats:Originium","Matryoshka","Strawberry","Bronze Scales","PreservedInsect","Black Star","Red Mask","ats:Military Tradition","AT_DeathDance","ats:Ability Aura","Eternal Feather","AT_BellowingDragoncrestRing","PureWhite:ReiMu","AT_SunfireAegis","REME_ChargedStone","Orichalcum","Dream Catcher","Darkstone Periapt","Molten Egg 2","Sundial"],"acts_visited":["Exordium","TheCity","TheBeyond"],"potions_floor_usage":[45],"damage_taken":[{"damage":18.0,"enemies":"Cultist","floor":1.0,"turns":7.0},{"damage":4.0,"enemies":"2 Louse","floor":2.0,"turns":4.0},{"damage":9.0,"enemies":"Small Slimes","floor":3.0,"turns":6.0},{"damage":10.0,"enemies":"2 Fungi Beasts","floor":4.0,"turns":4.0},{"damage":14.0,"enemies":"Exordium Wildlife","floor":5.0,"turns":5.0},{"damage":32.0,"enemies":"3 Sentries","floor":7.0,"turns":12.0},{"damage":4.0,"enemies":"Looter","floor":11.0,"turns":3.0},{"damage":13.0,"enemies":"Lagavulin","floor":12.0,"turns":5.0},{"damage":2.0,"enemies":"Red Slaver","floor":14.0,"turns":3.0},{"damage":17.0,"enemies":"The Guardian","floor":16.0,"turns":12.0},{"damage":7.0,"enemies":"3 Byrds","floor":18.0,"turns":4.0},{"damage":51.0,"enemies":"Masked Bandits","floor":20.0,"turns":6.0},{"damage":7.0,"enemies":"2 Thieves","floor":21.0,"turns":4.0},{"damage":28.0,"enemies":"Book of Stabbing","floor":23.0,"turns":6.0},{"damage":55.0,"enemies":"Centurion and Healer","floor":25.0,"turns":10.0},{"damage":40.0,"enemies":"3 Cultists","floor":28.0,"turns":5.0},{"damage":50.0,"enemies":"Slavers","floor":29.0,"turns":5.0},{"damage":22.0,"enemies":"Chosen and Byrds","floor":30.0,"turns":5.0},{"damage":46.0,"enemies":"Centurion and Healer","floor":31.0,"turns":8.0},{"damage":107.0,"enemies":"Collector","floor":33.0,"turns":9.0},{"damage":58.0,"enemies":"3 Darklings","floor":35.0,"turns":5.0},{"damage":38.0,"enemies":"Orb Walker","floor":37.0,"turns":5.0},{"damage":62.0,"enemies":"Writhing Mass","floor":39.0,"turns":6.0},{"damage":12.0,"enemies":"Sphere and 2 Shapes","floor":40.0,"turns":5.0},{"damage":69.0,"enemies":"Nemesis","floor":41.0,"turns":6.0},{"damage":26,"enemies":"Transient","floor":44,"turns":5},{"damage":16,"enemies":"Giant Head","floor":45,"turns":6},{"damage":26,"enemies":"Writhing Mass","floor":47,"turns":6},{"damage":30,"enemies":"Maw","floor":48,"turns":9},{"damage":118,"enemies":"Donu and Deca","floor":50,"turns":10}],"seed_played":"-679286423012589812","potions_obtained":[{"floor":1.0,"key":"Ancient Potion"},{"floor":5.0,"key":"Regen Potion"},{"floor":7.0,"key":"Block Potion"},{"floor":14.0,"key":"SpeedPotion"},{"floor":18.0,"key":"GamblersBrew"},{"floor":21.0,"key":"DuplicationPotion"},{"floor":29.0,"key":"SkillPotion"},{"floor":30.0,"key":"Energy Potion"},{"floor":35.0,"key":"SteroidPotion"},{"floor":37.0,"key":"CultistPotion"}],"is_trial":false,"path_per_floor":["M","M","M","M","M","R","E","R","T","?","M","E","R","M","R","B",null,"M","?","?","M","$","E","R","M","T","$","M","E","M","M","R","B",null,"M","?","M","$","M","M","E","R","T","M","E","R","M","M","R","B",null],"character_chosen":"DOCTOR_CLASS","items_purchased":["ats:Part Time Job","ats:Healing Drone","ats:Military Tradition","ats:Song Of Battle","ats:Revitalization"],"campfire_rested":2,"item_purchase_floors":[22,22,22,27,38],"current_hp_per_floor":[54,50,41,31,17,38,21,21,28,21,17,4,27,25,25,19,79,72,72,34,27,27,17,17,61,61,61,46,33,50,79,79,79,79,74,74,57,57,79,79,44,62,62,48,78,79,85,85,85,76],"gold":193,"neow_bonus":"TRANSFORM_CARD","is_daily":false,"chose_seed":false,"campfire_upgraded":7,"win_rate":0.0,"timestamp":1610536941,"path_taken":["M","M","?","M","M","R","E","R","T","?","M","E","R","M","R","BOSS","M","?","?","M","?","E","R","M","T","$","M","E","M","M","R","BOSS","M","?","M","$","M","M","E","R","T","M","E","R","M","M","R","BOSS"],"items_purchased_type":["Card","Card","Relic","Card","Card"],"build_version":"2020-12-22","purchased_purges":2,"victory":true,"max_hp_per_floor":[72,72,72,72,72,72,72,72,79,79,79,79,79,79,79,79,79,79,79,79,79,79,79,79,79,79,79,79,79,79,79,79,79,79,79,79,79,79,79,79,79,79,79,79,79,79,85,85,85,85],"card_choices":[{"not_picked":["ats:Soul Absorption","ats:Support Order"],"picked":"ats:Counter Healing Mode","floor":1.0},{"not_picked":["ats:Flexible Camouflage","ats:Assault Order"],"picked":"ats:Poison Spread","floor":2.0},{"not_picked":["ats:Explosion Area Strengthen","ats:Burning Ground"],"picked":"ats:Poison Spread","floor":3.0},{"not_picked":["ats:Song Of Battle","ats:Support Order"],"picked":"ats:Childhood Dance","floor":4.0},{"not_picked":["ats:Explosion Area Strengthen","ats:Song Of Battle"],"picked":"ats:Charging Defense","floor":5.0},{"not_picked":["ats:Very Hot Blade","ats:Nebulous Foxfire"],"picked":"ats:Hook Shot","floor":7.0},{"not_picked":["ats:Cat Scratch","ats:Support Order"],"picked":"ats:Neurotoxin","floor":11.0},{"not_picked":["ats:Steam Pump","ats:Defend Order"],"picked":"ats:Explosion Area Strengthen","floor":12.0},{"not_picked":["ats:Powerful Strike","ats:Neurotoxin"],"picked":"ats:Shell Defense","floor":14.0},{"not_picked":["ats:Durian","ats:Wolf Pack"],"picked":"ats:Dogmatic Field","floor":16.0},{"not_picked":["ats:Beaten Up","ats:Ignite"],"picked":"ats:Part Time Job+1","floor":18.0},{"not_picked":["ats:Flame Of Heaven","ats:Sunburst"],"picked":"ats:Overload","floor":20.0},{"not_picked":["ats:Beaten Up","ats:Cat Scratch"],"picked":"ats:Spore Proliferation+1","floor":21.0},{"not_picked":["ats:Cat Scratch+1","ats:Wolf Pack"],"picked":"ats:Powerful Strike","floor":23.0},{"not_picked":["ats:Counter Healing Mode","ats:Steam Pump","ats:Assault Order"],"picked":"SKIP","floor":25.0},{"not_picked":["ats:Cat Scratch+1","ats:Powerful Strike"],"picked":"ats:Revitalization","floor":28.0},{"not_picked":["ats:Sword Rain","ats:Charging Defense"],"picked":"ats:Counter Healing Mode","floor":29.0},{"not_picked":["ats:Assault Order","ats:Encircling Forest+1"],"picked":"ats:Apocalypse","floor":30.0},{"not_picked":["ats:Hammer On","ats:Blood Oath","ats:Childhood Dance"],"picked":"SKIP","floor":31.0},{"not_picked":["ats:Nebulous Foxfire","ats:Dogmatic Field"],"picked":"ats:Rat Pack","floor":33.0},{"not_picked":["ats:Soul Absorption","ats:Apocalypse+1"],"picked":"ats:Flexible Camouflage+1","floor":35.0},{"not_picked":["ats:Poison Spread","ats:Ignite+1"],"picked":"ats:Disruption Kick","floor":37.0},{"not_picked":["ats:Encircling Forest+1","ats:Apocalypse","ats:Very Hot Blade+1"],"picked":"SKIP","floor":39.0},{"not_picked":["ats:Powerful Strike+1","ats:Childhood Dance","ats:Encircling Forest"],"picked":"SKIP","floor":40.0},{"not_picked":["ats:Spore Proliferation","ats:Explosion Area Strengthen"],"picked":"ats:Consecutive Shot Auto+1","floor":41.0},{"not_picked":["ats:Hook Shot+1","ats:Steam Pump"],"picked":"ats:Healing Strengthening+1","floor":44},{"not_picked":["ats:Spore Proliferation+1","ats:Burning Ground"],"picked":"ats:Poison Spread+1","floor":45},{"not_picked":["ats:Beaten Up+1","ats:Explosion Area Strengthen+1","ats:Collapsing Strike+1"],"picked":"SKIP","floor":47},{"not_picked":["ats:Mental Burst+1","ats:Curse Doll","ats:Powerful Strike+1"],"picked":"SKIP","floor":48}],"player_experience":10897,"relics_obtained":[{"floor":7.0,"key":"ats:Originium"},{"floor":7.0,"key":"Matryoshka"},{"floor":9.0,"key":"Strawberry"},{"floor":9.0,"key":"Bronze Scales"},{"floor":12.0,"key":"ats:Originium"},{"floor":12.0,"key":"PreservedInsect"},{"floor":20.0,"key":"Red Mask"},{"floor":23.0,"key":"ats:Originium"},{"floor":23.0,"key":"AT_DeathDance"},{"floor":23.0,"key":"ats:Ability Aura"},{"floor":26.0,"key":"Eternal Feather"},{"floor":26.0,"key":"AT_BellowingDragoncrestRing"},{"floor":29.0,"key":"PureWhite:ReiMu"},{"floor":29.0,"key":"AT_SunfireAegis"},{"floor":41.0,"key":"Orichalcum"},{"floor":41.0,"key":"Dream Catcher"},{"floor":43.0,"key":"Darkstone Periapt"},{"floor":45,"key":"Molten Egg 2"},{"floor":45,"key":"Sundial"}],"event_choices":[{"cards_removed":["ats:Strike C"],"damage_healed":0.0,"max_hp_gain":0.0,"max_hp_loss":0.0,"gold_gain":0.0,"event_name":"Golden Wing","player_choice":"Card Removal","floor":10.0,"gold_loss":0.0,"damage_taken":7.0},{"cards_removed":["ats:Strike G"],"damage_healed":0.0,"max_hp_gain":0.0,"max_hp_loss":0.0,"gold_gain":0.0,"event_name":"Back to Basics","player_choice":"Elegance","floor":19.0,"gold_loss":0.0,"damage_taken":0.0},{"damage_healed":0.0,"max_hp_gain":0.0,"max_hp_loss":0.0,"gold_gain":0.0,"event_name":"Masked Bandits","player_choice":"Fought Bandits","floor":20.0,"gold_loss":0.0,"damage_taken":0.0},{"damage_healed":0.0,"max_hp_gain":0.0,"max_hp_loss":0.0,"gold_gain":0.0,"event_name":"OrinTheCat","player_choice":"Ignored","floor":36.0,"gold_loss":0.0,"damage_taken":0.0}],"is_beta":false,"boss_relics":[{"not_picked":["Runic Pyramid","ats:Omniscience"],"picked":"Black Star"},{"not_picked":["Empty Cage","Sozu"],"picked":"REME_ChargedStone"}],"items_purged_floors":[22,38],"is_endless":false,"potions_floor_spawned":[1,5,7,14,18,21,29,30,35,37,44],"ascension_level":0}}