{"host":"Connor","time":1610533045,"event":{"mods":["Aspiration","BaseMod","Downfall","Hubris","Marisa????????","Minty Spire (QoL Compilation)","Replay The Spire","StSLib","The Cursed","The Jungle","The Servant 0.9.4"],"gold_per_floor":[99,118,136,136,156,81,81,106,106,140,140,159,159,185,198,299,299,224,236,251,21,21,21,70,99,117,42,58,77,77,145,198,336,336,336,395,450,244,294,347,394,434,434,434],"floor_reached":42,"language":"ENG","playtime":2416,"items_purged":["Slimebound:Tackle+1"],"score":587,"play_id":"b95f2a56-e7b0-4021-a2b4-e8ce5fec47fc","local_time":"20210113021725","is_ascension_mode":true,"campfire_choices":[{"floor":1.0,"key":"RECALL"},{"data":"champ:BringItOn","floor":6.0,"key":"SMITH"},{"data":"champ:Taunt","floor":9.0,"key":"SMITH"},{"data":"champ:IgnorePain","floor":11.0,"key":"SMITH"},{"data":"champ:DefensiveStyle","floor":13.0,"key":"SMITH"},{"data":"champ:Strike","floor":18.0,"key":"PURGE"},{"data":"champ:IronFortress","floor":27.0,"key":"SMITH"},{"data":"champ:Devastate","floor":35,"key":"SMITH"}],"circlet_count":0,"master_deck":["champ:Defend","champ:Defend","champ:Defend","champ:Execute","champ:Taunt+1","champ:EndlessRage","champ:BringItOn+1","champ:TornadoPunch","champ:BringItOn","champ:IgnorePain+1","champ:DefensiveStyle+1","champ:Circumvent","champ:Control","champ:ShieldThrow","champ:ViciousMockery","champ:DefensiveStyle","champ:DefensiveStyle","Slimebound:Tackle+1","Slimebound:Tackle+1","champ:IronFortress+1","champ:BringItOn","champ:EnGarde+1","Pot Of Greed","Pot Of Greed","champ:Balance","Pot Of Greed","champ:DefensiveShout+1","champ:Devastate+1","champ:Control","champ:PerfectForm","champ:EnGarde+1","champ:DefensiveShout"],"relics":["champ:ChampionCrown","Bag of Preparation","downfall:HeartBlessingRed","Ornamental Fan","Potion Belt","Shuriken","Quantum Egg","hubris:RunicObelisk","downfall:HeartBlessingGreen","aspiration:Nostalgia","Burning Blood","Simple Rune","downfall:HeartBlessingBlue","downfall:KnowingSkull","Grinning Jar","hubris:Backtick","Calipers","DollysMirror","Dream Catcher"],"acts_visited":["Exordium","TheCity","TheBeyond"],"potions_floor_usage":[36,38,38],"damage_taken":[{"damage":11.0,"enemies":"Cultist","floor":2.0,"turns":3.0},{"damage":13.0,"enemies":"2 Louse","floor":3.0,"turns":4.0},{"damage":4.0,"enemies":"Jaw Worm","floor":5.0,"turns":4.0},{"damage":19.0,"enemies":"Lagavulin","floor":8.0,"turns":10.0},{"damage":8.0,"enemies":"3 Sentries","floor":10.0,"turns":6.0},{"damage":5.0,"enemies":"3 Louse","floor":12.0,"turns":4.0},{"damage":3.0,"enemies":"Gremlin Nob","floor":14.0,"turns":6.0},{"damage":3.0,"enemies":"Red Slaver","floor":15.0,"turns":3.0},{"damage":20.0,"enemies":"downfall:Watcher","floor":16.0,"turns":12.0},{"damage":0.0,"enemies":"Spheric Guardian","floor":19.0,"turns":4.0},{"damage":0.0,"enemies":"Snake Plant","floor":20.0,"turns":5.0},{"damage":5.0,"enemies":"downfall:FleeingMerchant","floor":21.0,"turns":4.0},{"damage":0.0,"enemies":"Slavers","floor":25.0,"turns":5.0},{"damage":10.0,"enemies":"Centurion and Healer","floor":26.0,"turns":6.0},{"damage":5.0,"enemies":"3 Cultists","floor":28.0,"turns":4.0},{"damage":0.0,"enemies":"Snake Plant","floor":29.0,"turns":3.0},{"damage":3.0,"enemies":"Gremlin Leader","floor":31.0,"turns":12.0},{"damage":3,"enemies":"Shelled Parasite and Fungi","floor":32,"turns":4},{"damage":4,"enemies":"downfall:Defect","floor":33,"turns":9},{"damage":3,"enemies":"3 Darklings","floor":36,"turns":6},{"damage":16,"enemies":"3 Shapes","floor":37,"turns":8},{"damage":8,"enemies":"downfall:FleeingMerchant","floor":38,"turns":4},{"damage":3,"enemies":"Sphere and 2 Shapes","floor":39,"turns":5},{"damage":18,"enemies":"Jaw Worm Horde","floor":40,"turns":5},{"damage":106,"enemies":"Transient","floor":42,"turns":5}],"seed_played":"640668842415645842","potions_obtained":[{"floor":2.0,"key":"DistilledChaos"},{"floor":5.0,"key":"FearPotion"},{"floor":8.0,"key":"SkillPotion"},{"floor":14.0,"key":"Adrenaline Potion"},{"floor":16.0,"key":"AttackPotion"},{"floor":25.0,"key":"Explosive Potion"},{"floor":28.0,"key":"DuplicationPotion"},{"floor":29.0,"key":"hexamod:EctoCoolerPotion"},{"floor":31.0,"key":"Ancient Potion"},{"floor":33,"key":"Venom Potion"},{"floor":36,"key":"sneckomod:MuddlingPotion"},{"floor":37,"key":"champ:UltimateStancePotion"},{"floor":40,"key":"Dexterity Potion"}],"is_trial":false,"path_per_floor":["R","M","M","?","M","R","T","E","R","E","R","M","R","E","M","B",null,"R","M","M","$","?","?","T","E","M","R","M","M","?","E","M","B",null,"R","M","M","$","M","M","T","M"],"character_chosen":"THE_CHAMP","items_purchased":["aspiration:Nostalgia","champ:DefensiveStyle","DollysMirror"],"campfire_rested":0,"item_purchase_floors":[21,21,38],"current_hp_per_floor":[90,89,81,81,77,77,77,63,63,55,55,55,55,52,49,39,90,90,90,90,90,90,90,90,90,90,100,100,100,91,94,97,99,100,100,100,100,100,100,88,88,0,0,0],"gold":434,"neow_bonus":"RANDOM_COMMON_RELIC","is_daily":false,"chose_seed":false,"campfire_upgraded":6,"win_rate":0.0,"timestamp":1610533045,"path_taken":["R","M","?","?","M","R","T","E","R","E","R","M","R","E","M","BOSS","R","M","M","$","?","?","T","E","M","R","M","?","?","E","M","BOSS","R","M","M","$","M","M","T","?"],"items_purchased_type":["Relic","Card","Relic"],"build_version":"2020-12-18","purchased_purges":1,"victory":false,"max_hp_per_floor":[90,90,90,90,90,90,90,90,90,90,90,90,90,90,90,90,90,90,90,90,90,90,90,90,90,90,100,100,100,100,100,100,100,100,100,100,100,100,100,100,100,100,100,100],"card_choices":[{"not_picked":["champ:GutPunch","champ:TornadoPunch"],"picked":"champ:EndlessRage","floor":2.0},{"not_picked":["champ:GutPunch","champ:FalseCounter"],"picked":"champ:BringItOn","floor":3.0},{"not_picked":["champ:RisingSlash","champ:HeartStrike"],"picked":"champ:TornadoPunch","floor":5.0},{"not_picked":["champ:AdrenalArmor","champ:Encircle"],"picked":"champ:BringItOn","floor":8.0},{"not_picked":["champ:FanOfKnives","champ:TornadoPunch"],"picked":"champ:IgnorePain","floor":10.0},{"not_picked":["champ:CrookedStrike","champ:GladiatorsShout"],"picked":"champ:DefensiveStyle","floor":12.0},{"not_picked":["champ:Riposte","champ:FightOn"],"picked":"champ:Circumvent","floor":14.0},{"not_picked":["champ:CalledShot","champ:Riposte"],"picked":"champ:Control","floor":15.0},{"not_picked":["champ:IgnorePain","champ:SwordThrow"],"picked":"champ:ShieldThrow","floor":16.0},{"not_picked":["champ:RapidStrikes","champ:Backstep","champ:AdrenalArmor"],"picked":"SKIP","floor":19.0},{"not_picked":["champ:BladeFlurry","champ:AdrenalArmor"],"picked":"champ:ViciousMockery","floor":20.0},{"not_picked":["champ:FanOfKnives+1","champ:FocusedBerserking+1","champ:BerserkersShout"],"picked":"SKIP","floor":21.0},{"not_picked":["champ:BerserkerStyle","champ:BerserkersShout"],"picked":"champ:IronFortress","floor":25.0},{"not_picked":["champ:GutPunch","champ:BladeFlurry","champ:Haymaker"],"picked":"SKIP","floor":26.0},{"not_picked":["champ:MurderStrike","champ:BladeFlurry+1"],"picked":"champ:BringItOn","floor":28.0},{"not_picked":["champ:Backstep","champ:Circumvent"],"picked":"champ:EnGarde+1","floor":29.0},{"not_picked":["champ:StanceDance","champ:BerserkersShout+1"],"picked":"champ:Balance","floor":31.0},{"not_picked":["champ:FanOfKnives","champ:CalledShot+1"],"picked":"champ:DefensiveShout+1","floor":32},{"not_picked":["champ:SwordThrow","champ:CheapShot"],"picked":"champ:Devastate","floor":33},{"not_picked":["champ:BringItOn+1","champ:BerserkerStyle"],"picked":"champ:Control","floor":36},{"not_picked":["champ:Backstep+1","champ:GladiatorStyle","champ:BringItOn+1"],"picked":"SKIP","floor":37},{"not_picked":["champ:SkillfulDodge+1","champ:GutPunch+1"],"picked":"champ:PerfectForm","floor":38},{"not_picked":["champ:Backstep","champ:AdrenalArmor"],"picked":"champ:DefensiveShout","floor":39},{"not_picked":["champ:Haymaker+1","champ:StanceDance","champ:TornadoPunch"],"picked":"SKIP","floor":40}],"player_experience":620482,"relics_obtained":[{"floor":7.0,"key":"Ornamental Fan"},{"floor":8.0,"key":"Potion Belt"},{"floor":10.0,"key":"Shuriken"},{"floor":14.0,"key":"Quantum Egg"},{"floor":25.0,"key":"Simple Rune"},{"floor":31.0,"key":"Grinning Jar"},{"floor":41,"key":"Dream Catcher"}],"event_choices":[{"cards_removed":["champ:Defend"],"damage_healed":0.0,"max_hp_gain":0.0,"max_hp_loss":0.0,"gold_gain":0.0,"event_name":"Bonfire Elementals","player_choice":"Offered Basic","floor":23.0,"gold_loss":0.0,"damage_taken":0.0}],"is_beta":true,"boss_relics":[{"not_picked":["aspiration:RunicSpoon","Honey Jar"],"picked":"hubris:RunicObelisk"},{"not_picked":["Velvet Choker","Philosopher\u0027s Stone"],"picked":"hubris:Backtick"}],"items_purged_floors":[38],"is_endless":false,"potions_floor_spawned":[2,5,8,14,16,25,28,29,31,33,36,37,40],"killed_by":"Transient","ascension_level":1}}