{"host":"dhr6iszse2qz12e2","time":1610548868,"event":{"mods":["100% Spire Juice","2.2 Compatiblity","A Magickal Journey","Act Like it!","BaseMod","Bestiary","Better Note","BetterRewards","Colored Map","Downfall","Gensokyo","Hermit","Hubris","Infinite Spire","Marisa????????","Minty Spire (QoL Compilation)","Permanent Neow","Quick Restart","Reimu??????","Replay The Spire","Shop Mod","StSLib","Td1madao Mod","The Administrix","The Animator","The Bug Knight","The Cursed","The Gatherer","The Hierophant","The IronCluck","The Jungle","The Servant 0.9.4","everything is the same but u backflip on backflip","slay the spire mod where everything is the same but ironclad has a cowboy hat","??????REMEMod"],"gold_per_floor":[117,131,142,200,200,112,37,37,119,135,151,161,161,195,195,195,195],"floor_reached":16,"language":"ENG","playtime":621,"items_purged":["hubris:Disease"],"score":151,"play_id":"c75d506d-5aca-476c-9cac-691e3f4ea843","local_time":"20210113164108","is_ascension_mode":true,"campfire_choices":[{"data":"Moonworks:IndiscriminateFireSupport","floor":8,"key":"SMITH"},{"floor":15,"key":"REST"}],"circlet_count":0,"master_deck":["Moonworks:Strike","Moonworks:Strike","Moonworks:Strike","Moonworks:Strike","Moonworks:Defend","Moonworks:Defend","Moonworks:Defend","Moonworks:Defend","Moonworks:Ambush","Moonworks:LongDistanceShot","Moonworks:IndiscriminateFireSupport+1","Moonworks:Dinner","Delirium","Moonworks:StiffCrystal","Moonworks:ImOnFire","Delirium"],"relics":["Moonworks:Homemark","REME_ComplimentaryCards","Cursed Key","infinitespire:Eraser","Nunchaku","Vajra","hubris:TinFlute"],"acts_visited":["Exordium"],"potions_floor_usage":[6],"damage_taken":[{"damage":1,"enemies":"Cultist","floor":1,"turns":4},{"damage":0,"enemies":"2 Louse","floor":2,"turns":1},{"damage":7,"enemies":"Jaw Worm","floor":3,"turns":2},{"damage":14,"enemies":"Gremlin Nob","floor":6,"turns":4},{"damage":24,"enemies":"Exordium Thugs","floor":10,"turns":5},{"damage":0,"enemies":"Gremlin Gang","floor":11,"turns":1},{"damage":0,"enemies":"2 Fungi Beasts","floor":12,"turns":2},{"damage":0,"enemies":"Lagavulin","floor":14,"turns":1},{"damage":62,"enemies":"Fading Forest","floor":16,"turns":10}],"seed_played":"-7009577934946504185","potions_obtained":[{"floor":2,"key":"PowerPotion"},{"floor":4,"key":"Flashbang"},{"floor":6,"key":"SpeedPotion"},{"floor":10,"key":"Ancient Potion"}],"is_trial":false,"path_per_floor":["M","M","M","?","?","E","$","R","T","M","M","M","?","E","R","B"],"character_chosen":"THE_STARBREAKER","items_purchased":[],"campfire_rested":1,"item_purchase_floors":[],"current_hp_per_floor":[59,59,52,52,52,38,38,38,38,20,20,20,20,20,38,0,0],"gold":195,"neow_bonus":"BOSS_RELIC","is_daily":false,"chose_seed":false,"campfire_upgraded":1,"win_rate":0.0,"timestamp":1610548868,"path_taken":["M","?","M","?","?","E","$","R","T","M","?","?","?","E","R","BOSS"],"items_purchased_type":[],"build_version":"2020-12-22","purchased_purges":1,"victory":false,"max_hp_per_floor":[60,60,60,60,60,60,60,60,60,60,60,60,60,60,60,60,60],"card_choices":[{"not_picked":["Moonworks:LulusLuckyEgg","Moonworks:CloudOfSeagulls"],"picked":"Moonworks:IndiscriminateFireSupport","floor":1},{"not_picked":["Moonworks:Assault","Moonworks:StarBlastingFuse"],"picked":"Moonworks:Dinner","floor":2},{"not_picked":["Moonworks:JonathanRush","Moonworks:Assault","Moonworks:StiffCrystal"],"picked":"SKIP","floor":3},{"not_picked":["Moonworks:ExtendedPhotonRifle","Moonworks:LulusLuckyEgg","Moonworks:EvilSpyWorkPreparation"],"picked":"SKIP","floor":6},{"not_picked":["Moonworks:NicePresent","Moonworks:IndiscriminateFireSupport","Moonworks:LulusLuckyEgg"],"picked":"SKIP","floor":10},{"not_picked":["Moonworks:OutOfAmmo","Moonworks:LulusLuckyEgg"],"picked":"Moonworks:StiffCrystal","floor":11},{"not_picked":["Moonworks:Assault","Moonworks:TreasureThief"],"picked":"Moonworks:ImOnFire","floor":12},{"not_picked":["Moonworks:UnluckyCharm","Moonworks:LulusLuckyEgg","Moonworks:SelfDestruct"],"picked":"SKIP","floor":14}],"player_experience":480810,"relics_obtained":[{"floor":4,"key":"infinitespire:Eraser"},{"floor":6,"key":"Vajra"},{"floor":14,"key":"hubris:TinFlute"}],"event_choices":[{"damage_healed":0,"gold_gain":0,"player_choice":"Gave Potion","damage_taken":0,"relics_obtained":["Nunchaku"],"max_hp_gain":0,"max_hp_loss":0,"event_name":"WeMeetAgain","floor":5,"gold_loss":0}],"is_beta":false,"boss_relics":[],"items_purged_floors":[7],"is_endless":false,"potions_floor_spawned":[2,6,10],"killed_by":"Fading Forest","ascension_level":2}}