{"host":"2lo6hma6kymb0g9i","time":1610514954,"event":{"mods":["BaseMod","Colored Map","DeckTracker","Minty Spire (QoL Compilation)"],"gold_per_floor":[113,113,63,63,138,138,88,88,88,115,125,139,40,56,56,130,130,144,144,144],"floor_reached":19,"language":"JPN","playtime":1033,"items_purged":["Strike_B","Strike_B"],"score":287,"play_id":"141f39fc-8ed5-48a4-a04c-6d9d7e1ddbdb","local_time":"20210113141554","is_ascension_mode":true,"campfire_choices":[{"data":"Zap","floor":6,"key":"SMITH"},{"data":"Go for the Eyes","floor":8,"key":"SMITH"},{"data":"Rip and Tear","floor":15,"key":"SMITH"}],"circlet_count":0,"master_deck":["AscendersBane","Strike_B","Strike_B","Defend_B","Defend_B","Defend_B","Defend_B","Zap+1","Dualcast","Go for the Eyes+1","Conserve Battery","FTL","Rip and Tear+1","Reinforced Body","Echo Form","Undo"],"relics":["Cracked Core","Smiling Mask","Darkstone Periapt","Odd Mushroom","Snecko Eye"],"acts_visited":["Exordium","TheCity"],"potions_floor_usage":[12,16,19],"damage_taken":[{"damage":10,"enemies":"Small Slimes","floor":1,"turns":3},{"damage":15,"enemies":"The Mushroom Lair","floor":10,"turns":4},{"damage":6,"enemies":"Jaw Worm","floor":11,"turns":4},{"damage":0,"enemies":"2 Louse","floor":12,"turns":3},{"damage":8,"enemies":"Large Slime","floor":14,"turns":5},{"damage":12,"enemies":"Slime Boss","floor":16,"turns":8},{"damage":14,"enemies":"Shell Parasite","floor":18,"turns":7},{"damage":50,"enemies":"3 Byrds","floor":19,"turns":5}],"seed_played":"4548514340932327055","potions_obtained":[{"floor":11,"key":"SpeedPotion"},{"floor":12,"key":"Fruit Juice"},{"floor":18,"key":"SteroidPotion"}],"is_trial":false,"path_per_floor":["M","?","$","?","?","R","$","R","T","?","M","M","$","M","R","B",null,"M","M"],"character_chosen":"DEFECT","items_purchased":["Rip and Tear","Fire Potion"],"campfire_rested":0,"item_purchase_floors":[13,13],"current_hp_per_floor":[54,54,54,59,48,48,48,48,48,33,27,32,32,24,24,12,64,50,0,0],"gold":144,"neow_bonus":"RANDOM_COMMON_RELIC","is_daily":false,"chose_seed":false,"campfire_upgraded":3,"win_rate":0.0,"timestamp":1610514954,"path_taken":["M","?","$","?","?","R","$","R","T","?","M","M","$","M","R","BOSS","M","M"],"items_purchased_type":["Card","Potion"],"build_version":"2020-12-22","purchased_purges":2,"victory":false,"max_hp_per_floor":[71,71,71,76,76,76,76,76,76,76,76,81,81,81,81,81,81,81,81,81],"card_choices":[{"not_picked":["Coolheaded","Leap"],"picked":"Go for the Eyes","floor":1},{"not_picked":["Coolheaded","Steam Power"],"picked":"Conserve Battery","floor":11},{"not_picked":["Storm","Thunder Strike"],"picked":"FTL","floor":12},{"not_picked":["Beam Cell","Steam"],"picked":"Reinforced Body","floor":14},{"not_picked":["Reboot","All For One"],"picked":"Echo Form","floor":16},{"not_picked":["Hologram","Barrage"],"picked":"Undo","floor":18}],"player_experience":1058808,"relics_obtained":[{"floor":9,"key":"Darkstone Periapt"},{"floor":10,"key":"Odd Mushroom"}],"event_choices":[{"damage_healed":0,"gold_gain":0,"player_choice":"Leave","damage_taken":0,"max_hp_gain":0,"max_hp_loss":0,"event_name":"The Cleric","floor":2,"gold_loss":0},{"damage_healed":0,"gold_gain":0,"player_choice":"Donut","damage_taken":0,"max_hp_gain":5,"max_hp_loss":0,"event_name":"Big Fish","floor":4,"gold_loss":0},{"damage_healed":0,"gold_gain":75,"player_choice":"Gather Gold","damage_taken":11,"max_hp_gain":0,"max_hp_loss":0,"event_name":"World of Goop","floor":5,"gold_loss":0},{"damage_healed":0,"gold_gain":0,"player_choice":"Fought Mushrooms","damage_taken":0,"max_hp_gain":0,"max_hp_loss":0,"event_name":"Mushrooms","floor":10,"gold_loss":0}],"is_beta":false,"boss_relics":[{"not_picked":["Philosopher\u0027s Stone","Velvet Choker"],"picked":"Snecko Eye"}],"items_purged_floors":[3,7],"is_endless":false,"potions_floor_spawned":[11,12,18],"killed_by":"3 Byrds","ascension_level":17}}