{"host":"19t2eyow02s954g8","time":1610505060,"event":{"mods":["BaseMod","Colored Map","DeckTracker","Minty Spire (QoL Compilation)","StSLib","SuperFastMode"],"gold_per_floor":[117,42,61,61,61,86,106,106,106,125,141,141,141,141,141],"floor_reached":14,"language":"KOR","playtime":383,"items_purged":["Strike_G"],"score":230,"play_id":"20b83ccd-c2ce-4b04-8411-076c55e56e7f","local_time":"20210113113100","is_ascension_mode":true,"campfire_choices":[{"data":"Calculated Gamble","floor":8,"key":"SMITH"},{"data":"Neutralize","floor":12,"key":"SMITH"}],"circlet_count":0,"master_deck":["AscendersBane","Strike_G","Strike_G","Defend_G","Defend_G","Defend_G","Defend_G","Defend_G","Survivor","Neutralize+1","Reflex","Dash","Grand Finale","Calculated Gamble+1"],"relics":["Ring of the Snake","NeowsBlessing","Bottled Flame","Tiny Chest"],"acts_visited":["Exordium"],"potions_floor_usage":[11,14],"damage_taken":[{"damage":0,"enemies":"Jaw Worm","floor":1,"turns":1},{"damage":0,"enemies":"2 Louse","floor":3,"turns":1},{"damage":0,"enemies":"3 Sentries","floor":6,"turns":2},{"damage":0,"enemies":"Small Slimes","floor":7,"turns":6},{"damage":34,"enemies":"Exordium Wildlife","floor":10,"turns":7},{"damage":0,"enemies":"Lots of Slimes","floor":11,"turns":1},{"damage":32,"enemies":"Lagavulin","floor":14,"turns":10}],"seed_played":"2716914113723177307","potions_obtained":[{"floor":1,"key":"GamblersBrew"},{"floor":6,"key":"PowerPotion"}],"is_trial":false,"path_per_floor":["M","$","M","?","?","E","M","R","T","M","M","R","?","E"],"character_chosen":"THE_SILENT","items_purchased":[],"campfire_rested":0,"item_purchase_floors":[],"current_hp_per_floor":[59,59,59,59,59,59,59,59,59,25,25,25,18,0,0],"gold":141,"neow_bonus":"THREE_ENEMY_KILL","is_daily":false,"chose_seed":false,"campfire_upgraded":2,"win_rate":0.0,"timestamp":1610505060,"path_taken":["M","$","M","?","?","E","M","R","T","M","M","R","?","E"],"items_purchased_type":[],"build_version":"2020-12-22","purchased_purges":1,"victory":false,"max_hp_per_floor":[66,66,66,66,66,66,66,66,66,66,66,66,66,66,66],"card_choices":[{"not_picked":["Deflect","Flechettes"],"picked":"Reflex","floor":1},{"not_picked":["Deadly Poison","Sucker Punch","Escape Plan"],"picked":"SKIP","floor":3},{"not_picked":["All Out Attack","Bouncing Flask"],"picked":"Grand Finale","floor":6},{"not_picked":["Poisoned Stab","Blade Dance"],"picked":"Calculated Gamble","floor":7},{"not_picked":["Eviscerate","Deflect","Riddle With Holes"],"picked":"SKIP","floor":10},{"not_picked":["Dodge and Roll","All Out Attack","Masterful Stab"],"picked":"SKIP","floor":11}],"player_experience":4258881,"relics_obtained":[{"floor":6,"key":"Bottled Flame"},{"floor":9,"key":"Tiny Chest"}],"event_choices":[{"damage_healed":0,"gold_gain":0,"player_choice":"Leave","damage_taken":0,"max_hp_gain":0,"max_hp_loss":0,"event_name":"The Cleric","floor":4,"gold_loss":0},{"damage_healed":0,"gold_gain":0,"cards_transformed":["Strike_G"],"player_choice":"Change","damage_taken":0,"max_hp_gain":0,"max_hp_loss":0,"event_name":"Living Wall","floor":5,"gold_loss":0,"cards_obtained":["Dash"]},{"cards_removed":["Strike_G"],"damage_healed":0,"gold_gain":0,"player_choice":"Card Removal","damage_taken":7,"max_hp_gain":0,"max_hp_loss":0,"event_name":"Golden Wing","floor":13,"gold_loss":0}],"is_beta":false,"boss_relics":[],"items_purged_floors":[2],"is_endless":false,"potions_floor_spawned":[1,6,7],"killed_by":"Lagavulin","ascension_level":20}}