{"host":"vohenq18pmg6jboc","time":1610545991,"event":{"mods":["Arknights The Spire","Bard","BaseMod","Chen","Downfall","Gremlin Mod","GungeonMod","Hermit","Koishi","Marisa¡]Ãú«B¡@Å]²z¨F¡^","Minty Spire (QoL Compilation)","Relic Stats","Remilia¡]Á¢¦Ì²ú?¡^","StSLib","The Administrix","The Bug Knight","The Cursed","The Hierophant","The IronCluck","The Runesmith","The Servant 0.9.4","WarShipGirlsR/??¤Ö¤kR mod","Yakumo Yukari mod","Youmu¡]»î¾z§¯?¡^","Yuyuko"],"gold_per_floor":[109,184,204,221,210,210,210,210,291,291,301,301,313,11,11,7,7],"floor_reached":16,"language":"ZHS","playtime":1124,"items_purged":[],"score":94,"play_id":"f2a79963-2b16-49d6-97e1-fc4786650bf3","local_time":"20210113215311","is_ascension_mode":false,"campfire_choices":[{"data":"hierophant:RepressedViolence","floor":6,"key":"SMITH"},{"data":"hierophant:ChurchCoffers","floor":8,"key":"SMITH"},{"data":"hierophant:LocustPlague","floor":15,"key":"SMITH"}],"circlet_count":0,"master_deck":["hierophant:Strike_Hierophant","hierophant:Strike_Hierophant","hierophant:Strike_Hierophant","hierophant:Strike_Hierophant","hierophant:Punish","hierophant:Defend_Hierophant","hierophant:Defend_Hierophant","hierophant:Defend_Hierophant","hierophant:Defend_Hierophant","hierophant:ChurchCoffers+1","hierophant:ThreeLashes","hierophant:HammerAndAnvil","hierophant:RepressedViolence+1","hierophant:ThreeLashes","hierophant:HolyVerse","hierophant:DeathKnell","hierophant:LocustPlague+1","hierophant:MorningPrayer","hierophant:Zeal","hierophant:DisplayOfPower","hierophant:Refuge","hierophant:Doubloon"],"relics":["hierophant:PropheticMaskRelic","NeowsBlessing","Pantograph","Sling"],"acts_visited":["Exordium"],"potions_floor_usage":[16,16],"damage_taken":[{"damage":0,"enemies":"Jaw Worm","floor":1,"turns":1},{"damage":0,"enemies":"Small Slimes","floor":3,"turns":1},{"damage":0,"enemies":"2 Louse","floor":4,"turns":1},{"damage":9,"enemies":"Looter","floor":5,"turns":3},{"damage":6,"enemies":"Exordium Wildlife","floor":7,"turns":5},{"damage":0,"enemies":"2 Fungi Beasts","floor":11,"turns":3},{"damage":14,"enemies":"Lots of Slimes","floor":13,"turns":3},{"damage":81,"enemies":"Hexaghost","floor":16,"turns":10}],"seed_played":"6629205440437450058","potions_obtained":[{"floor":4,"key":"LiquidMemories"},{"floor":11,"key":"GamblersBrew"}],"is_trial":false,"path_per_floor":["M","?","M","M","M","R","M","R","T","?","M","?","M","$","R","B"],"character_chosen":"HIEROPHANT","items_purchased":["Sling","hierophant:Zeal","hierophant:DisplayOfPower","hierophant:Refuge"],"campfire_rested":0,"item_purchase_floors":[14,14,14,14],"current_hp_per_floor":[75,64,64,64,55,55,49,49,49,49,49,74,60,60,60,0,0],"gold":7,"neow_bonus":"THREE_ENEMY_KILL","is_daily":false,"chose_seed":false,"campfire_upgraded":3,"win_rate":0.0,"timestamp":1610545991,"path_taken":["M","?","M","M","M","R","M","R","T","?","M","?","?","$","R","BOSS"],"items_purchased_type":["Relic","Card","Card","Card"],"build_version":"2020-12-22","purchased_purges":0,"victory":false,"max_hp_per_floor":[75,75,75,75,75,75,75,75,75,75,75,75,75,75,75,75,75],"relic_stats":{"counters":[8,27],"Pantograph":15,"obtain_stats":[{"NeowsBlessing":0,"hierophant:PropheticMaskRelic":0,"Pantograph":9,"DemoMod:GlassGuonStoneRelic":3,"Sling":14},{"NeowsBlessing":0,"hierophant:PropheticMaskRelic":0,"Pantograph":5,"DemoMod:GlassGuonStoneRelic":2,"Sling":7},{"NeowsBlessing":0,"hierophant:PropheticMaskRelic":0,"Pantograph":11,"DemoMod:GlassGuonStoneRelic":2,"Sling":17}]},"card_choices":[{"not_picked":["hierophant:FlamingChariot","hierophant:Embezzle"],"picked":"hierophant:ThreeLashes","floor":1},{"not_picked":["hierophant:DisplayOfPower","hierophant:FlamingChariot"],"picked":"hierophant:HammerAndAnvil","floor":3},{"not_picked":["hierophant:Shelter","hierophant:AuricBeam"],"picked":"hierophant:RepressedViolence","floor":4},{"not_picked":["hierophant:Upheaval","hierophant:Rebuild"],"picked":"hierophant:ThreeLashes","floor":5},{"not_picked":["hierophant:HammerAndAnvil","hierophant:Glossolalia"],"picked":"hierophant:HolyVerse","floor":7},{"not_picked":[],"picked":"hierophant:DeathKnell","floor":10},{"not_picked":["hierophant:Exaltation","hierophant:Bribe"],"picked":"hierophant:LocustPlague","floor":11},{"not_picked":["hierophant:Embezzle","hierophant:FlamingChariot"],"picked":"hierophant:MorningPrayer","floor":13}],"player_experience":81852,"relics_obtained":[{"floor":9,"key":"Pantograph"}],"event_choices":[{"damage_healed":0,"gold_gain":75,"player_choice":"Gather Gold","damage_taken":11,"max_hp_gain":0,"max_hp_loss":0,"event_name":"World of Goop","floor":2,"gold_loss":0},{"damage_healed":25,"gold_gain":0,"player_choice":"Banana","damage_taken":0,"max_hp_gain":0,"max_hp_loss":0,"event_name":"Big Fish","floor":12,"gold_loss":0}],"is_beta":false,"boss_relics":[],"items_purged_floors":[],"is_endless":false,"potions_floor_spawned":[4,11],"killed_by":"Hexaghost","ascension_level":0}}