{"host":"474oh00kq6ni8dn3","time":1610567692,"event":{"mods":["AchievementEnabler","Aspiration","BaseMod","Colored Map","Colored Powertips","Conspire","Downfall","Duelist Mod","GifTheSpireLib","Googly Eyes","GungeonMod","Halation","Hubris","Infinite Spire","Jedi Mod","Minty Spire (QoL Compilation)","Permanent Neow","Quick Restart","Replay The Spire","Shop Mod","StSLib","Stuff the Spire","The Factory","The Jungle","Trackpad","vexMod"],"gold_per_floor":[118,137,148,148,188,221,221,254,277,316,316,195,195,208,208,311,311,328,328,341,364,364,364,364,364,364,364,364,364,364,364,364,364,364,364,364,364,364,364,364,364,364,364,364,364,364,364,364,364,364],"floor_reached":51,"language":"ENG","playtime":3169,"items_purged":["Defend_G","Defend_G","Defend_G"],"score":1314,"play_id":"d6bfd570-478b-4dcb-ac84-faf10e8cb0a2","local_time":"20210113195452","is_ascension_mode":true,"campfire_choices":[{"data":"Neutralize","floor":7,"key":"SMITH"},{"floor":11,"key":"REST"},{"data":"Cloak And Dagger","floor":13,"key":"SMITH"},{"data":"Cloak And Dagger","floor":15,"key":"SMITH"},{"data":"jedi:pocketpoison","floor":24,"key":"SMITH"},{"data":"Envenom","floor":27,"key":"SMITH"},{"data":"Noxious Fumes","floor":30,"key":"SMITH"},{"data":"Adrenaline","floor":32,"key":"SMITH"},{"data":"Bane","floor":44,"key":"SMITH"},{"data":"Bane","floor":49,"key":"SMITH"}],"circlet_count":0,"master_deck":["Defend_G+1","Defend_G","Survivor","Neutralize+1","jedi:pocketpoison+1","Noxious Fumes+1","Cloak And Dagger+1","Cloak And Dagger+1","Bane+1","Envenom+1","Infinite Blades+1","Bane+1","jedi:pocketpoison+1","Cloak And Dagger+1","Adrenaline+1","StuffTheSpire:Python+1","Quick Slash+1"],"relics":["trackpad:StolenKidneys","infinitespire:Eraser","trackpad:SappingStone","Ancient Tea Set","Pet Ghost","DemoMod:ClearGuonStone","vexMod:MysteryBossChallenge","Coffee Dripper","Incense Burner","jedi:ominousloannote","trackpad:CultistFigurine","aspiration:Lifesprig","DemoMod:GlassGuonStoneRelic","InkBottle","hubris:ToyBattleship","hubris:Spice","Juzu Bracelet","conspire:SpecialSausage","Replay:Baseball","hubris:Icosahedron","Smiling Mask","ReplayTheSpireMod:Ninjato","Bag of Marbles","trackpad:PocketGalaxy"],"acts_visited":["Exordium","Exordium","theJungle:Jungle"],"potions_floor_usage":[16,33,33],"damage_taken":[{"damage":1,"enemies":"Small Slimes","floor":1,"turns":16},{"damage":0,"enemies":"Jaw Worm","floor":2,"turns":6},{"damage":0,"enemies":"Cultist","floor":3,"turns":6},{"damage":3,"enemies":"conspire:MimicChest","floor":5,"turns":7},{"damage":0,"enemies":"3 Sentries","floor":6,"turns":9},{"damage":39,"enemies":"Gremlin Nob","floor":8,"turns":6},{"damage":0,"enemies":"Looter","floor":10,"turns":7},{"damage":0,"enemies":"Looter","floor":14,"turns":2},{"damage":0,"enemies":"Hexaghost","floor":16,"turns":8},{"damage":0,"enemies":"theJungle:GiantWrat","floor":18,"turns":4},{"damage":4,"enemies":"theJungle:MUSHROOMGANG","floor":20,"turns":4},{"damage":0,"enemies":"theJungle:JungleHuntersEncounter","floor":22,"turns":5},{"damage":0,"enemies":"Nightmare","floor":23,"turns":5},{"damage":4,"enemies":"theJungle:Snecko_Cultist_And_Trap","floor":25,"turns":4},{"damage":0,"enemies":"theJungle:Cassacara","floor":28,"turns":3},{"damage":0,"enemies":"theJungle:MamaSnecko","floor":31,"turns":3},{"damage":0,"enemies":"theJungle:TotemBoss","floor":33,"turns":5},{"damage":0,"enemies":"theFactory:4_Mini-Bots","floor":35,"turns":3},{"damage":0,"enemies":"theFactory:2_Experiment_Personnel","floor":37,"turns":3},{"damage":0,"enemies":"theFactory:DefectiveSentry","floor":39,"turns":3},{"damage":0,"enemies":"theFactory:DrinkBrewer","floor":40,"turns":3},{"damage":0,"enemies":"theFactory:DecayingSentinel","floor":41,"turns":3},{"damage":0,"enemies":"theFactory:Manservantes","floor":42,"turns":3},{"damage":1,"enemies":"theFactory:SmogElemental","floor":46,"turns":2},{"damage":0,"enemies":"theFactory:Experiment01","floor":50,"turns":2}],"seed_played":"-6627825902372330607","potions_obtained":[{"floor":3,"key":"AttackPotion"},{"floor":5,"key":"Weak Potion"},{"floor":8,"key":"Energy Potion"},{"floor":14,"key":"Reflective Coating"},{"floor":16,"key":"LiquidBronze"},{"floor":20,"key":"BlessingOfTheForge"},{"floor":22,"key":"DemoMod:BlankPotion"},{"floor":23,"key":"CunningPotion"},{"floor":39,"key":"FearPotion"}],"is_trial":false,"path_per_floor":["M","M","M","?","?","E","R","E","T","?","R","$","R","M","R","B",null,"M","?","M","$","M","NM","R","M","T","R","E","?","R","E","R","B",null,"M","AVR","M","?","M","E","M","E","T","R","?","E","$","?","R","B",null],"character_chosen":"THE_SILENT","items_purchased":["Bane","jedi:ominousloannote","trackpad:CultistFigurine","aspiration:Lifesprig"],"campfire_rested":1,"item_purchase_floors":[12,21,21,21],"current_hp_per_floor":[69,69,69,55,52,52,52,13,13,13,34,34,34,34,34,34,70,70,70,66,66,66,66,66,62,62,62,70,63,63,63,63,63,78,78,78,78,78,78,78,78,86,86,86,86,85,85,69,69,69],"gold":364,"neow_bonus":"BOSS_RELIC","is_daily":false,"chose_seed":false,"campfire_upgraded":9,"win_rate":0.0,"timestamp":1610567692,"path_taken":["M","M","M","?","?","E","R","E","T","?","R","?","R","?","R","BOSS","M","?","M","$","M","NM","R","?","T","R","E","?","R","E","R","BOSS","M","AVR","M","?","M","E","M","E","T","R","?","E","?","?","R","BOSS"],"items_purchased_type":["Card","Relic","Relic","Relic"],"build_version":"2020-12-22","purchased_purges":3,"victory":true,"max_hp_per_floor":[70,70,70,70,70,70,70,70,70,70,70,70,70,70,70,70,70,70,70,70,70,70,70,70,70,70,70,78,78,78,78,78,78,78,78,78,78,78,78,78,78,86,86,86,86,86,86,86,86,86],"card_choices":[{"not_picked":["Cloak And Dagger","StuffTheSpire:ReptileScales"],"picked":"jedi:pocketpoison","floor":1},{"not_picked":["Crippling Poison","StuffTheSpire:Python","StuffTheSpire:ReptileScales"],"picked":"SKIP","floor":2},{"not_picked":["Cloak And Dagger","Caltrops"],"picked":"Noxious Fumes","floor":3},{"not_picked":["hubris:SlightOfHand","StuffTheSpire:Injection"],"picked":"Cloak And Dagger","floor":6},{"not_picked":["StuffTheSpire:ClusterCrunch","Sucker Punch","StuffTheSpire:ReptileScales"],"picked":"SKIP","floor":8},{"not_picked":["Outmaneuver","Acrobatics"],"picked":"Cloak And Dagger","floor":10},{"not_picked":["Reflex","StuffTheSpire:BumpUp","Hidden Blade"],"picked":"SKIP","floor":14},{"not_picked":["jedi:studypoison","Corpse Explosion"],"picked":"Envenom","floor":16},{"not_picked":["Calculated Gamble+1","Acrobatics+1","hubris:SlightOfHand"],"picked":"SKIP","floor":18},{"not_picked":["Outmaneuver","hubris:SlightOfHand"],"picked":"Infinite Blades+1","floor":20},{"not_picked":["Toxin Wave","Slice+1"],"picked":"Bane","floor":22},{"not_picked":["Backflip+1","jedi:rejectivetoxin"],"picked":"jedi:pocketpoison","floor":23},{"not_picked":["Prepared","StuffTheSpire:Injection"],"picked":"Cloak And Dagger+1","floor":25},{"not_picked":["Skewer","Setup","hubris:SlightOfHand+1"],"picked":"SKIP","floor":28},{"not_picked":["Caltrops","jedi:pocketpoison"],"picked":"Adrenaline","floor":31},{"not_picked":["Hidden Blade","Setup"],"picked":"StuffTheSpire:Python+1","floor":35},{"not_picked":["Concentrate+1","jedi:poisonivy+1","Poisoned Stab"],"picked":"SKIP","floor":37},{"not_picked":["Outmaneuver","Flechettes+1","Poisoned Stab"],"picked":"SKIP","floor":39},{"not_picked":["Outmaneuver","Flechettes+1","Poisoned Stab"],"picked":"SKIP","floor":39},{"not_picked":["hubris:Sniper+1","ReplayTheSpireMod:Shiv Toss","Underhanded Strike"],"picked":"SKIP","floor":40},{"not_picked":["StuffTheSpire:ClusterCrunch+1","Prepared+1"],"picked":"Quick Slash+1","floor":41},{"not_picked":["Outmaneuver+1","StuffTheSpire:Injection","Setup+1"],"picked":"SKIP","floor":42},{"not_picked":["Riddle With Holes","Corpse Explosion","ReplayTheSpireMod:Exploit Weakness+1"],"picked":"SKIP","floor":46}],"player_experience":105192,"relics_obtained":[{"floor":5,"key":"infinitespire:Eraser"},{"floor":6,"key":"trackpad:SappingStone"},{"floor":8,"key":"Ancient Tea Set"},{"floor":9,"key":"Pet Ghost"},{"floor":10,"key":"DemoMod:ClearGuonStone"},{"floor":23,"key":"InkBottle"},{"floor":26,"key":"hubris:ToyBattleship"},{"floor":28,"key":"hubris:Spice"},{"floor":31,"key":"Juzu Bracelet"},{"floor":40,"key":"Smiling Mask"},{"floor":42,"key":"hubris:Spice"},{"floor":43,"key":"ReplayTheSpireMod:Ninjato"},{"floor":46,"key":"Bag of Marbles"}],"event_choices":[{"damage_healed":0,"gold_gain":0,"player_choice":"Entered Light","damage_taken":14,"max_hp_gain":0,"max_hp_loss":0,"event_name":"Shining Light","floor":4,"gold_loss":0,"cards_upgraded":["Defend_G","jedi:pocketpoison"]},{"damage_healed":0,"gold_gain":0,"player_choice":"Gave Potion","damage_taken":0,"relics_obtained":["Incense Burner"],"max_hp_gain":0,"max_hp_loss":0,"event_name":"WeMeetAgain","floor":19,"gold_loss":0},{"damage_healed":0,"gold_gain":0,"player_choice":"Damaged","damage_taken":7,"max_hp_gain":0,"max_hp_loss":0,"event_name":"Wheel of Change","floor":29,"gold_loss":0}],"is_beta":false,"boss_relics":[{"not_picked":["hubris:GrandSneckoEye","aspiration:DefectSkillbook"],"picked":"vexMod:MysteryBossChallenge"},{"not_picked":["hubris:Spice","Replay:Ancient Bell"],"picked":"conspire:SpecialSausage"}],"items_purged_floors":[12,21,36],"is_endless":false,"potions_floor_spawned":[3,5,8,14,16,20,22,23,31,39,40,50],"ascension_level":2}}