{"host":"x21cvmfdo17nyhii","time":1610579243,"event":{"mods":["AchievementEnabler","BaseMod","Colored Map","Colored Powertips","DeckTracker","Highlight Path","Minty Spire (QoL Compilation)","Quick Restart","Rare Cards Sparkle","SuperFastMode"],"gold_per_floor":[113,113,26,26,43,56,56,73,73,108,120,120,0,0,0,97,97,117,35,35,110,124,124,137,37,37,11,11,22,33,53,53,53,53],"floor_reached":33,"language":"ENG","playtime":1155,"items_purged":["Strike_R","Strike_R"],"score":247,"play_id":"2a026f36-d1a0-45f5-be43-dffa4af42c9b","local_time":"20210113150723","is_ascension_mode":false,"campfire_choices":[{"data":"Madness","floor":7.0,"key":"SMITH"},{"data":"Bash","floor":12,"key":"SMITH"},{"data":"Corruption","floor":15,"key":"SMITH"},{"floor":23,"key":"REST"},{"floor":28,"key":"REST"},{"floor":32,"key":"REST"}],"circlet_count":0,"master_deck":["Strike_R","Defend_R","Defend_R","Defend_R","Defend_R","Bash+1","Carnage","Madness+1","Perfected Strike","Corruption+1","Dropkick","Shrug It Off","Exhume","Disarm+1","Uppercut","Warcry","Shrug It Off","Shrug It Off+1"],"relics":["Sozu"],"acts_visited":["Exordium","TheCity"],"potions_floor_usage":[],"damage_taken":[{"damage":0.0,"enemies":"Small Slimes","floor":1.0,"turns":4.0},{"damage":0.0,"enemies":"Jaw Worm","floor":5.0,"turns":2.0},{"damage":0.0,"enemies":"Cultist","floor":6.0,"turns":2.0},{"damage":4,"enemies":"Gremlin Gang","floor":8,"turns":5},{"damage":5,"enemies":"Gremlin Nob","floor":10,"turns":3},{"damage":8,"enemies":"Red Slaver","floor":11,"turns":2},{"damage":24,"enemies":"Slime Boss","floor":16,"turns":8},{"damage":24,"enemies":"2 Thieves","floor":18,"turns":4},{"damage":17,"enemies":"3 Byrds","floor":22,"turns":6},{"damage":15,"enemies":"Snake Plant","floor":24,"turns":4},{"damage":3,"enemies":"Centurion and Healer","floor":29,"turns":4},{"damage":21,"enemies":"Cultist and Chosen","floor":30,"turns":7},{"damage":15,"enemies":"Snake Plant","floor":31,"turns":6},{"damage":63,"enemies":"Collector","floor":33,"turns":9}],"seed_played":"-3908710485713294300","potions_obtained":[],"is_trial":false,"path_per_floor":["M","?","$","?","M","M","R","M","T","E","M","R","$","?","R","B",null,"M","$","?","?","M","R","M","$","T","$","R","M","M","M","R","B"],"character_chosen":"IRONCLAD","items_purchased":["Madness","Shrug It Off","Uppercut","Warcry","Shrug It Off"],"campfire_rested":3,"item_purchase_floors":[3,13,19,19,27],"current_hp_per_floor":[80,73,73,73,73,73,73,69,69,64,56,56,56,56,56,32,80,56,56,56,48,31,55,40,40,40,40,64,61,40,25,49,0,0],"gold":53,"neow_bonus":"BOSS_RELIC","is_daily":false,"chose_seed":false,"campfire_upgraded":3,"win_rate":0.0,"timestamp":1610579243,"path_taken":["M","?","$","?","M","M","R","?","T","E","?","R","?","?","R","BOSS","M","$","?","?","?","R","M","$","T","?","R","M","M","?","R","BOSS"],"items_purchased_type":["Card","Card","Card","Card","Card"],"build_version":"2020-12-22","purchased_purges":2,"victory":false,"max_hp_per_floor":[80,80,80,80,80,80,80,80,80,80,80,80,80,80,80,80,80,80,80,80,80,80,80,80,80,80,80,80,80,80,80,80,80,80],"card_choices":[{"not_picked":["Flex","Perfected Strike"],"picked":"Carnage","floor":1.0},{"not_picked":["Havoc","Wild Strike","Combust"],"picked":"SKIP","floor":5.0},{"not_picked":["Cleave","Infernal Blade","Clothesline"],"picked":"SKIP","floor":6.0},{"not_picked":["Power Through","Body Slam"],"picked":"Corruption","floor":8},{"not_picked":["Perfected Strike","Havoc"],"picked":"Dropkick","floor":10},{"not_picked":["Twin Strike","Sever Soul","Warcry"],"picked":"SKIP","floor":11},{"not_picked":["Brutality","Berserk"],"picked":"Exhume","floor":16},{"not_picked":["True Grit","Cleave"],"picked":"Disarm+1","floor":18},{"not_picked":["Cleave","Whirlwind","Wild Strike"],"picked":"SKIP","floor":22},{"not_picked":["Rampage","Thunderclap","Armaments"],"picked":"SKIP","floor":24},{"not_picked":["Wild Strike","Iron Wave","Second Wind"],"picked":"SKIP","floor":29},{"not_picked":["Feel No Pain","Battle Trance+1","Flex"],"picked":"SKIP","floor":30},{"not_picked":["Sever Soul","Body Slam"],"picked":"Shrug It Off+1","floor":31}],"player_experience":349513,"relics_obtained":[],"event_choices":[{"cards_removed":["Strike_R"],"damage_healed":0.0,"max_hp_gain":0.0,"max_hp_loss":0.0,"gold_gain":0.0,"event_name":"Golden Wing","player_choice":"Card Removal","floor":2.0,"gold_loss":0.0,"damage_taken":7.0},{"damage_healed":0.0,"max_hp_gain":0.0,"max_hp_loss":0.0,"gold_gain":0.0,"cards_transformed":["Strike_R"],"event_name":"Transmorgrifier","player_choice":"Transformed","floor":4.0,"gold_loss":0.0,"damage_taken":0.0,"cards_obtained":["Perfected Strike"]},{"damage_healed":0,"gold_gain":0,"player_choice":"Fled","damage_taken":0,"max_hp_gain":0,"max_hp_loss":0,"event_name":"Scrap Ooze","floor":14,"gold_loss":0},{"damage_healed":0,"gold_gain":0,"player_choice":"Ignored","damage_taken":0,"max_hp_gain":0,"max_hp_loss":0,"event_name":"Vampires","floor":20,"gold_loss":0},{"damage_healed":0,"gold_gain":75,"player_choice":"Touch","damage_taken":8,"max_hp_gain":0,"max_hp_loss":0,"event_name":"FaceTrader","floor":21,"gold_loss":0}],"is_beta":false,"boss_relics":[{"not_picked":["Mark of Pain","Philosopher\u0027s Stone","Tiny House"]}],"items_purged_floors":[13,25],"is_endless":false,"potions_floor_spawned":[5,16,22,29],"killed_by":"Collector","ascension_level":0}}