{"host":"49mjcbkra2jp3wty","time":1610513479,"event":{"mods":["BaseMod","Highlight Path","Minty Spire (QoL Compilation)","Quick Restart","Relic Stats"],"gold_per_floor":[117,127,144,94,106,138,138,148,148,163,163,163,173,98,98,199,199,211,197,97,110,110,144,157,157,157],"floor_reached":25,"language":"ZHS","playtime":2777,"items_purged":["Strike_B","Defend_B"],"score":341,"play_id":"e0f87978-c571-4f18-91d7-c065d79e6180","local_time":"20210113125119","is_ascension_mode":true,"campfire_choices":[{"data":"Streamline","floor":7.0,"key":"SMITH"},{"data":"Recycle","floor":11.0,"key":"SMITH"},{"floor":15.0,"key":"REST"}],"circlet_count":0,"master_deck":["AscendersBane","Strike_B","Defend_B","Defend_B","Zap","Dualcast","Recycle+1","Undo","White Noise","Streamline+1","Glacier","Seek+1","Self Repair","Echo Form","Gash","Hologram","Meteor Strike"],"relics":["Cracked Core","NeowsBlessing","Potion Belt","Shovel","Empty Cage","Unceasing Top"],"acts_visited":[],"potions_floor_usage":[],"damage_taken":[{"damage":0.0,"enemies":"2 Louse","floor":1.0,"turns":1.0},{"damage":0.0,"enemies":"Small Slimes","floor":2.0,"turns":1.0},{"damage":0.0,"enemies":"Cultist","floor":3.0,"turns":1.0},{"damage":10.0,"enemies":"2 Fungi Beasts","floor":5.0,"turns":4.0},{"damage":29.0,"enemies":"Gremlin Nob","floor":6.0,"turns":4.0},{"damage":7.0,"enemies":"Large Slime","floor":8.0,"turns":8.0},{"damage":7.0,"enemies":"Looter","floor":10.0,"turns":4.0},{"damage":4.0,"enemies":"Exordium Thugs","floor":13.0,"turns":5.0},{"damage":10.0,"enemies":"The Guardian","floor":16.0,"turns":15.0},{"damage":5.0,"enemies":"Shell Parasite","floor":18.0,"turns":12.0},{"damage":21.0,"enemies":"2 Thieves","floor":19.0,"turns":4.0},{"damage":13.0,"enemies":"Shelled Parasite and Fungi","floor":21.0,"turns":8.0},{"damage":30.0,"enemies":"Book of Stabbing","floor":23.0,"turns":7.0},{"damage":0.0,"enemies":"Snecko","floor":24.0,"turns":4.0},{"damage":0,"enemies":"Cultist and Chosen","floor":25,"turns":1}],"seed_played":"-8949157195422339502","potions_obtained":[{"floor":1.0,"key":"Fire Potion"},{"floor":3.0,"key":"SteroidPotion"},{"floor":6.0,"key":"Explosive Potion"},{"floor":13.0,"key":"LiquidMemories"},{"floor":21.0,"key":"Energy Potion"},{"floor":22.0,"key":"CultistPotion"},{"floor":22.0,"key":"DistilledChaos"},{"floor":23.0,"key":"Swift Potion"},{"floor":24.0,"key":"FearPotion"}],"is_trial":false,"path_per_floor":["M","M","M","?","M","E","R","M","T","M","R","?","M","$","R","B",null,"M","M","$","M","?","E","M","M"],"character_chosen":"DEFECT","items_purchased":[],"campfire_rested":1,"item_purchase_floors":[],"current_hp_per_floor":[68,68,68,68,58,29,29,22,22,15,15,15,11,11,33,30,64,66,52,52,46,46,23,30,30,30],"gold":157,"neow_bonus":"THREE_ENEMY_KILL","is_daily":false,"chose_seed":false,"campfire_upgraded":2,"win_rate":0.0,"timestamp":1610513479,"path_taken":["M","M","M","?","M","E","R","M","T","M","R","?","M","$","R","BOSS","BOSS","M","M","$","M","?","E","?","M"],"items_purchased_type":[],"build_version":"2020-12-22","purchased_purges":2,"victory":false,"max_hp_per_floor":[75,75,75,75,75,75,75,75,75,75,75,75,75,75,75,75,75,75,75,75,75,75,75,75,75,75],"relic_stats":{"Shovel":0,"counters":[1,1],"obtain_stats":[{"Potion Belt":0,"Shovel":0,"NeowsBlessing":0,"Cracked Core":0,"Empty Cage":0,"Unceasing Top":0},{"Potion Belt":0,"Shovel":0,"NeowsBlessing":0,"Cracked Core":0,"Empty Cage":0,"Unceasing Top":0},{"Potion Belt":0,"Shovel":0,"NeowsBlessing":0,"Cracked Core":0,"Empty Cage":0,"Unceasing Top":0}],"Unceasing Top":[0]},"card_choices":[{"not_picked":["Tempest","Scrape"],"picked":"Recycle","floor":1.0},{"not_picked":["Sweeping Beam","Compile Driver"],"picked":"Undo","floor":2.0},{"not_picked":["Beam Cell","Chill"],"picked":"White Noise","floor":3.0},{"not_picked":["Cold Snap","Redo"],"picked":"Streamline","floor":5.0},{"not_picked":["Reinforced Body","Melter"],"picked":"Glacier","floor":6.0},{"not_picked":["Redo","Capacitor","Barrage"],"picked":"SKIP","floor":8.0},{"not_picked":["Coolheaded","Glacier"],"picked":"Seek","floor":10.0},{"not_picked":["Scrape","Steam"],"picked":"Self Repair","floor":13.0},{"not_picked":["Amplify","Reboot"],"picked":"Echo Form","floor":16.0},{"not_picked":["Streamline","Go for the Eyes+1","Sunder"],"picked":"SKIP","floor":18.0},{"not_picked":["Cold Snap","Reinforced Body"],"picked":"Gash","floor":19.0},{"not_picked":["Go for the Eyes","Double Energy"],"picked":"Hologram","floor":21.0},{"not_picked":["All For One","Go for the Eyes"],"picked":"Meteor Strike","floor":23.0},{"not_picked":["Streamline","Beam Cell","Barrage"],"picked":"SKIP","floor":24.0}],"player_experience":284276,"relics_obtained":[{"floor":6.0,"key":"Potion Belt"},{"floor":9.0,"key":"Shovel"},{"floor":23.0,"key":"Unceasing Top"}],"event_choices":[{"cards_removed":["Strike_B"],"damage_healed":0.0,"max_hp_gain":0.0,"max_hp_loss":0.0,"gold_gain":0.0,"event_name":"The Cleric","player_choice":"Card Removal","floor":4.0,"gold_loss":50.0,"damage_taken":0.0},{"damage_healed":0.0,"max_hp_gain":0.0,"max_hp_loss":0.0,"gold_gain":0.0,"event_name":"Living Wall","player_choice":"Grow","floor":12.0,"gold_loss":0.0,"damage_taken":0.0,"cards_upgraded":["Seek"]},{"damage_healed":0.0,"max_hp_gain":0.0,"max_hp_loss":0.0,"gold_gain":0.0,"event_name":"Lab","player_choice":"Got Potions","floor":22.0,"gold_loss":0.0,"damage_taken":0.0}],"is_beta":false,"boss_relics":[{"not_picked":["Coffee Dripper","Velvet Choker"],"picked":"Empty Cage"}],"items_purged_floors":[14,20],"is_endless":false,"potions_floor_spawned":[1,3,6,13,21,23,24],"killed_by":"Cultist and Chosen","ascension_level":10}}