{"host":"hgppx942rrnelsya","time":1610577875,"event":{"mods":["Act Like it!","BaseMod","Friendly Minions","Gensokyo","GifTheSpireLib","Hallownest","KinomotoSakuraMod(????)","Koishi","Marisa????????","Minty Spire (QoL Compilation)","Prisma Mod","Remilia??????","StSLib","The Alterego","The Animator","The Forsaken","The Hierophant","The Mystic","The Runesmith","The Servant 0.9.4"],"gold_per_floor":[111,127,137,43,43,76,76,76,103,58,58,72,72,89,89,190,190,209,221,233,97,97,97,112,112,112],"floor_reached":25,"language":"ENG","playtime":1274,"items_purged":[],"score":205,"play_id":"a4116ba8-0a25-42f1-a9fd-a09d71e3be93","local_time":"20210113224435","is_ascension_mode":false,"campfire_choices":[{"floor":7,"key":"REST"},{"floor":13,"key":"REST"},{"data":"Potential","floor":15,"key":"SMITH"},{"floor":23,"key":"REST"}],"circlet_count":0,"master_deck":["Strike_S","Strike_S","Strike_S","Strike_S","Defend_S","Defend_S","Defend_S","Defend_S","KidneyShot","Exchange","Potential+1","Advance","TimeWarp","Sunlight","TimeWarp","BottledTime","Revamp","Embodiment","SpecialFormula","Rearm","SpecialFormula"],"relics":["Uniform","NeowsBlessing","Gensokyo:OccultBall","theForsaken:Gavel","MealTicket","theForsaken:ScaryMask","Black Star","Toolbox"],"acts_visited":["Gensokyo:Gensokyo","Gensokyo:Gensokyoer"],"potions_floor_usage":[6,6,19,20,20],"damage_taken":[{"damage":0,"enemies":"Gensokyo:2_Kodama","floor":1,"turns":1},{"damage":0,"enemies":"Gensokyo:Python","floor":2,"turns":1},{"damage":0,"enemies":"Gensokyo:3_Fairies","floor":3,"turns":1},{"damage":50,"enemies":"Gensokyo:Cirno","floor":6,"turns":10},{"damage":16,"enemies":"Gensokyo:Kitsune","floor":8,"turns":5},{"damage":6,"enemies":"Gensokyo:2_Rabbits","floor":12,"turns":2},{"damage":6,"enemies":"Gensokyo:3_Kodama","floor":14,"turns":3},{"damage":35,"enemies":"Gensokyo:Kokoro","floor":16,"turns":14},{"damage":15,"enemies":"Gensokyo:CosmicMonolith","floor":18,"turns":7},{"damage":16,"enemies":"Gensokyo:3_Dogs","floor":19,"turns":4},{"damage":18,"enemies":"Gensokyo:Swordslinger","floor":20,"turns":5},{"damage":29,"enemies":"Gensokyo:Slime_Group","floor":24,"turns":4},{"damage":33,"enemies":"Gensokyo:Chomper_and_Gloop","floor":25,"turns":3}],"seed_played":"8254459962898345841","potions_obtained":[{"floor":1,"key":"SteroidPotion"},{"floor":3,"key":"Dexterity Potion"},{"floor":16,"key":"Ancient Potion"},{"floor":18,"key":"Block Potion"},{"floor":19,"key":"AttackPotion"}],"is_trial":false,"path_per_floor":["M","M","M","COS","?","E","R","M","T","$","?","M","R","M","R","B",null,"M","M","M","COS","?","R","M","M"],"character_chosen":"THE_SERVANT","items_purchased":["TimeWarp"],"campfire_rested":3,"item_purchase_floors":[10],"current_hp_per_floor":[65,65,65,65,65,15,34,18,18,33,33,27,46,40,40,5,65,50,34,16,16,21,42,13,0,0],"gold":112,"neow_bonus":"THREE_ENEMY_KILL","is_daily":false,"chose_seed":false,"campfire_upgraded":1,"win_rate":0.0,"timestamp":1610577875,"path_taken":["M","M","M","COS","?","E","R","M","T","$","?","?","R","M","R","BOSS","M","M","M","COS","?","R","M","M"],"items_purchased_type":["Card"],"build_version":"2020-12-22","purchased_purges":0,"victory":false,"max_hp_per_floor":[65,65,65,65,65,65,65,65,65,65,65,65,65,65,65,65,65,65,65,65,65,70,70,70,70,70],"card_choices":[{"not_picked":["Alleviate","DualDimension"],"picked":"Sabotage","floor":1},{"not_picked":["RealityMarble","Replace"],"picked":"Potential","floor":2},{"not_picked":["Spin","Alleviate"],"picked":"Advance","floor":3},{"not_picked":["Spin","DoubleEdge"],"picked":"TimeWarp","floor":6},{"not_picked":["Solidify","MurderousAura"],"picked":"Sunlight","floor":8},{"not_picked":["LightFlow","Replace","DoubleEdge"],"picked":"SKIP","floor":8},{"not_picked":["Replace","Deny"],"picked":"BottledTime","floor":12},{"not_picked":["FastForward","Alleviate"],"picked":"Revamp","floor":14},{"not_picked":["KillingDoll","Sunlight"],"picked":"Embodiment","floor":16},{"not_picked":["Sabotage","Revamp"],"picked":"SpecialFormula","floor":18},{"not_picked":["Rewind+1","TimeWarp","Replace+1"],"picked":"SKIP","floor":19},{"not_picked":["Ricochet","Rewind+1"],"picked":"Rearm","floor":20},{"not_picked":["ShatteredReality","Potential"],"picked":"SpecialFormula","floor":24}],"player_experience":48321,"relics_obtained":[{"floor":6,"key":"Gensokyo:OccultBall"},{"floor":6,"key":"theForsaken:Gavel"},{"floor":9,"key":"MealTicket"},{"floor":16,"key":"Gensokyo:OccultBall"}],"event_choices":[],"is_beta":false,"boss_relics":[{"not_picked":["Runic Dome","Philosopher\u0027s Stone"],"picked":"Black Star"}],"items_purged_floors":[],"is_endless":false,"potions_floor_spawned":[1,3,16,18,19],"killed_by":"Gensokyo:Chomper_and_Gloop","ascension_level":0}}