{"host":"egwexuw5uvnxf11j","time":1610502207,"event":{"mods":["2.2 Compatiblity","Aspiration","BaseMod","Better Altar","Better Note","Better Sensory Stone","Better Third Choice","Displayed Cursed Tome","Downfall","Hermit","Key Reminder","Koishi","Marisa????????","Minty Spire (QoL Compilation)","Quick Restart","Shade Mod","Spicy Shops","StSLib","The Construct","The Cursed","The Hierophant","The Runesmith","The Senshi","The Servant 0.9.4","Transform Curses"],"gold_per_floor":[112,112,39,34,34,34,49,53,53,67,70,43,8,80,80,158,158,164,164,158,158,108,108],"floor_reached":22,"language":"ENG","playtime":840,"items_purged":[],"score":244,"play_id":"cb1de7a3-f18d-47b7-b330-94673975b57b","local_time":"20210112204327","is_ascension_mode":true,"campfire_choices":[{"data":"hierophant:Glossolalia","floor":6,"key":"SMITH"},{"floor":15,"key":"REST"}],"circlet_count":0,"master_deck":["hierophant:Strike_Hierophant","hierophant:Strike_Hierophant","hierophant:Strike_Hierophant","hierophant:Strike_Hierophant","hierophant:Punish","hierophant:Defend_Hierophant","hierophant:Defend_Hierophant","hierophant:Defend_Hierophant","hierophant:Defend_Hierophant","hierophant:ChurchCoffers","hierophant:HammerAndAnvil","Injury","hierophant:Glossolalia+1","hierophant:Embezzle","hierophant:Determination","hierophant:Chorus","hierophant:FieryStrike","hierophant:WrathOfGod","hierophant:Sermon","hierophant:AuricForm","SignatureMove","Chrysalis","expansioncontent:DefensiveMode","BowlingBash"],"relics":["hierophant:PropheticMaskRelic","Juzu Bracelet","Golden Idol","aspiration:FrozenJewel","aspiration:WatcherSkillbook","Bag of Marbles"],"acts_visited":["Exordium","TheCity"],"potions_floor_usage":[16,16,16,16,18],"damage_taken":[{"damage":6,"enemies":"2 Louse","floor":1,"turns":2},{"damage":0,"enemies":"Small Slimes","floor":4,"turns":2},{"damage":9,"enemies":"Jaw Worm","floor":7,"turns":4},{"damage":4,"enemies":"Exordium Wildlife","floor":8,"turns":3},{"damage":16,"enemies":"2 Fungi Beasts","floor":10,"turns":4},{"damage":13,"enemies":"Lots of Slimes","floor":11,"turns":4},{"damage":13,"enemies":"Exordium Thugs","floor":12,"turns":4},{"damage":53,"enemies":"The Guardian","floor":16,"turns":7},{"damage":19,"enemies":"2 Thieves","floor":18,"turns":3},{"damage":36,"enemies":"Spheric Guardian","floor":20,"turns":3}],"seed_played":"5692670801791253350","potions_obtained":[{"floor":7,"key":"SpeedPotion"},{"floor":10,"key":"EntropicBrew"},{"floor":12,"key":"Explosive Potion"},{"floor":16,"key":"ColorlessPotion"},{"floor":18,"key":"DuplicationPotion"}],"is_trial":false,"path_per_floor":["M","?","$","M","?","R","M","M","T","M","M","M","?","?","R","B",null,"M","?","M","?","M"],"character_chosen":"HIEROPHANT","items_purchased":["hierophant:Glossolalia"],"campfire_rested":1,"item_purchase_floors":[3],"current_hp_per_floor":[69,69,69,69,74,74,65,62,62,46,33,20,40,40,64,13,80,61,61,25,25,0,0],"gold":108,"neow_bonus":"RANDOM_COMMON_RELIC","is_daily":false,"chose_seed":false,"campfire_upgraded":1,"win_rate":0.0,"timestamp":1610502207,"path_taken":["M","?","$","M","?","R","M","M","T","M","M","M","?","?","R","BOSS","M","?","M","?","M"],"items_purchased_type":["Card"],"build_version":"2020-12-22","purchased_purges":0,"victory":false,"max_hp_per_floor":[75,75,75,75,80,80,80,80,80,80,80,80,80,80,80,80,80,80,80,80,80,80,80],"card_choices":[{"not_picked":["hierophant:MirrorShield","hierophant:OrnateBuckler"],"picked":"hierophant:HammerAndAnvil","floor":1},{"not_picked":["hierophant:Purify","hierophant:OrnateBuckler"],"picked":"hierophant:Embezzle","floor":4},{"not_picked":["hierophant:EyeForCoin","hierophant:Shelter"],"picked":"hierophant:Determination","floor":7},{"not_picked":["hierophant:Sermon","hierophant:FlamingChariot"],"picked":"hierophant:Chorus","floor":8},{"not_picked":["hierophant:Racketeering","hierophant:Remorse"],"picked":"hierophant:FieryStrike","floor":10},{"not_picked":["hierophant:MirrorShield","hierophant:Rebuild"],"picked":"hierophant:WrathOfGod","floor":11},{"not_picked":["hierophant:Doubloon","hierophant:Purify"],"picked":"hierophant:Sermon","floor":12},{"not_picked":["hierophant:MintersHammer","hierophant:BulkyChest"],"picked":"hierophant:AuricForm","floor":16},{"not_picked":["Halt+1","Evaluate","hierophant:PassingBell+1"],"picked":"SignatureMove","floor":18},{"not_picked":["expansioncontent:AwakenDeath","expansioncontent:BronzeBeam","expansioncontent:Hexaburn"],"picked":"Chrysalis","floor":19},{"not_picked":["expansioncontent:DecasProtection","expansioncontent:SuperHexaguard","expansioncontent:Flail"],"picked":"expansioncontent:DefensiveMode","floor":19},{"not_picked":["hierophant:SealAway","hierophant:Upheaval+1","hierophant:Remorse"],"picked":"BowlingBash","floor":20}],"player_experience":2218773,"relics_obtained":[{"floor":9,"key":"aspiration:FrozenJewel"}],"event_choices":[{"damage_healed":0,"gold_gain":0,"player_choice":"Take Wound","damage_taken":0,"relics_obtained":["Golden Idol"],"max_hp_gain":0,"max_hp_loss":0,"event_name":"Golden Idol","floor":2,"gold_loss":0,"cards_obtained":["Injury"]},{"damage_healed":0,"gold_gain":0,"player_choice":"Donut","damage_taken":0,"max_hp_gain":5,"max_hp_loss":0,"event_name":"Big Fish","floor":5,"gold_loss":0},{"damage_healed":20,"gold_gain":0,"player_choice":"Healed","damage_taken":0,"max_hp_gain":0,"max_hp_loss":0,"event_name":"The Cleric","floor":13,"gold_loss":35},{"damage_healed":0,"gold_gain":72,"player_choice":"Gained Gold","damage_taken":0,"max_hp_gain":0,"max_hp_loss":0,"event_name":"Golden Wing","floor":14,"gold_loss":0},{"damage_healed":0,"gold_gain":2,"player_choice":"1","damage_taken":0,"max_hp_gain":0,"max_hp_loss":0,"event_name":"betterStone:BetterStone","floor":19,"gold_loss":0},{"damage_healed":0,"gold_gain":0,"player_choice":"Gave Potion","damage_taken":0,"relics_obtained":["Bag of Marbles"],"max_hp_gain":0,"max_hp_loss":0,"event_name":"WeMeetAgain","floor":21,"gold_loss":0}],"is_beta":false,"boss_relics":[{"not_picked":["Velvet Choker","Snecko Eye"],"picked":"aspiration:WatcherSkillbook"}],"items_purged_floors":[],"is_endless":false,"potions_floor_spawned":[7,10,12,16,18],"killed_by":"Snake Plant","ascension_level":4}}