{"host":"zzgvnd5w85j1s2e6","time":1610499643,"event":{"mods":["Act Like it!","BaseMod","Minty Spire (QoL Compilation)","Quick Restart","SIMod","StSLib","[IsaacMod]ÒÔÈö¼âËþ","vexMod"],"gold_per_floor":[114,129,144,144,159,189,189,204,204,219,219,394,409,34,34,134,134,149,199,214,229,229,259,259,289,339,354,354,369,119,134,134,234,234,249,264,264,279,279,309,309,337,362,377,377,392,451,466,466,466],"floor_reached":51,"language":"ZHS","playtime":4541,"items_purged":["Doubt"],"score":898,"play_id":"b2095613-04fa-4b1a-a070-2cb5458e8f1a","local_time":"20210113090043","daily_mods":["SealedDeck","Diverse","Binary"],"is_ascension_mode":false,"campfire_choices":[{"data":"Armaments","floor":7.0,"key":"SMITH"},{"data":"Omniscience","floor":11.0,"key":"SMITH"},{"data":"Study","floor":15.0,"key":"SMITH"},{"data":"Body Slam","floor":24.0,"key":"SMITH"},{"data":"Shockwave","floor":28.0,"key":"SMITH"},{"data":"TalkToTheHand","floor":32.0,"key":"SMITH"},{"data":"Well Laid Plans","floor":41.0,"key":"SMITH"},{"data":"Tornado","floor":45,"key":"SMITH"},{"data":"Blasphemy","floor":49,"key":"SMITH"}],"circlet_count":0,"master_deck":["Twin Strike","Finisher","Steam","Study+1","Shockwave+1","Flying Knee","Disarm","FlyingSleeves","Body Slam+1","Armaments+1","Tornado+1","Twin Strike","CutThroughFate","Omniscience+1","Evaluate","Steam","Impervious","EmptyFist","Body Slam+1","SashWhip+1","Jack Of All Trades","ThirdEye","Juggernaut","Well Laid Plans+1","EmptyBody","TalkToTheHand+1","Blasphemy+1","CurseOfTheBell"],"relics":["Burning Blood","HushsDoor","Chaos","PokeGo","vexMod:InvisibilityCloak","Leech","TungstenRod","vexMod:FocusSash","vexMod:CardConverter","HandDrill","D6","vexMod:MysteryBossChallenge","vexMod:CursedCompass","Cauldron","Shuriken","Calling Bell","Busted Crown","Brimstone","Pen Nib","White Beast Statue","The Specimen","BookofShadows"],"acts_visited":["Exordium","TheCity","TheBeyond"],"potions_floor_usage":[50,50],"damage_taken":[{"damage":4.0,"enemies":"Cultist","floor":1.0,"turns":4.0},{"damage":0.0,"enemies":"Small Slimes","floor":2.0,"turns":3.0},{"damage":0.0,"enemies":"2 Louse","floor":3.0,"turns":1.0},{"damage":2.0,"enemies":"Large Slime","floor":5.0,"turns":5.0},{"damage":0.0,"enemies":"Lagavulin","floor":6.0,"turns":5.0},{"damage":0.0,"enemies":"Gremlin Gang","floor":8.0,"turns":4.0},{"damage":0.0,"enemies":"2 Fungi Beasts","floor":10.0,"turns":2.0},{"damage":4.0,"enemies":"Exordium Thugs","floor":13.0,"turns":4.0},{"damage":24.0,"enemies":"Slime Boss","floor":16.0,"turns":9.0},{"damage":3.0,"enemies":"Shell Parasite","floor":18.0,"turns":6.0},{"damage":0.0,"enemies":"Hiden Room Battle","floor":19.0,"turns":5.0},{"damage":0.0,"enemies":"3 Byrds","floor":20.0,"turns":3.0},{"damage":0.0,"enemies":"Snake Plant","floor":21.0,"turns":3.0},{"damage":0.0,"enemies":"Slavers","floor":23.0,"turns":3.0},{"damage":0.0,"enemies":"Gremlin Leader","floor":25.0,"turns":6.0},{"damage":0.0,"enemies":"Chosen and Byrds","floor":27.0,"turns":4.0},{"damage":0.0,"enemies":"Snecko","floor":29.0,"turns":4.0},{"damage":0.0,"enemies":"Cultist and Chosen","floor":31.0,"turns":4.0},{"damage":0.0,"enemies":"Automaton","floor":33.0,"turns":6.0},{"damage":0.0,"enemies":"3 Shapes","floor":35.0,"turns":2.0},{"damage":0.0,"enemies":"3 Darklings","floor":36.0,"turns":3.0},{"damage":0.0,"enemies":"Writhing Mass","floor":38.0,"turns":3.0},{"damage":0.0,"enemies":"Nemesis","floor":40.0,"turns":3.0},{"damage":0.0,"enemies":"2 Orb Walkers","floor":42.0,"turns":2.0},{"damage":0.0,"enemies":"Jaw Worm Horde","floor":44.0,"turns":3.0},{"damage":4,"enemies":"4 Shapes","floor":46,"turns":3},{"damage":0,"enemies":"Transient","floor":48,"turns":5},{"damage":0,"enemies":"Time Eater","floor":50,"turns":6}],"seed_played":"5451747836825439005","potions_obtained":[{"floor":3.0,"key":"Energy Potion"},{"floor":5.0,"key":"ElixirPotion"},{"floor":6.0,"key":"Fire Potion"},{"floor":8.0,"key":"AttackPotion"},{"floor":13.0,"key":"FearPotion"},{"floor":26.0,"key":"DistilledChaos"},{"floor":26.0,"key":"SteroidPotion"},{"floor":33.0,"key":"DuplicationPotion"}],"is_trial":false,"path_per_floor":["M","M","M","?","M","E","R","M","T","M","R","?","M","$","R","B",null,"M","?","M","M","?","E","R","E","T","M","R","M","$","M","R","B",null,"M","M","$","M","?","E","R","?","T","M","R","M","?","M","R","B",null],"character_chosen":"IRONCLAD","items_purchased":["TungstenRod","Shuriken"],"campfire_rested":0,"item_purchase_floors":[14,30],"current_hp_per_floor":[80,80,80,80,80,80,80,80,80,80,80,80,80,80,80,65,80,80,82,84,86,92,92,92,94,94,94,94,96,96,98,98,100,102,102,102,102,102,102,102,102,102,102,102,102,102,88,99,99,102],"gold":466,"neow_bonus":"","is_daily":true,"chose_seed":false,"campfire_upgraded":9,"win_rate":0.0,"timestamp":1610499643,"path_taken":["M","?","M","?","M","E","R","M","T","M","R","?","M","$","R","BOSS","M","?","M","M","?","E","R","E","T","M","R","M","?","M","R","BOSS","M","M","$","M","?","E","R","?","T","M","R","M","?","M","R","BOSS"],"items_purchased_type":["Relic","Relic"],"build_version":"2020-12-22","purchased_purges":1,"victory":true,"max_hp_per_floor":[80,80,80,80,80,80,80,80,80,80,80,80,80,80,80,80,80,80,82,84,86,92,92,92,94,94,94,94,96,96,98,98,100,102,102,102,102,102,102,102,102,102,102,102,102,102,102,102,102,102],"card_choices":[{"not_picked":[],"picked":"Bomb","floor":0.0},{"not_picked":["Heavy Blade"],"picked":"Tornado","floor":1.0},{"not_picked":["HideCarefully"],"picked":"Twin Strike","floor":2.0},{"not_picked":["Stack"],"picked":"CutThroughFate","floor":3.0},{"not_picked":["FarmExpert","FollowTherRainbow"],"picked":"SKIP","floor":5.0},{"not_picked":["Power Through"],"picked":"Omniscience","floor":6.0},{"not_picked":["Skim"],"picked":"Evaluate","floor":8.0},{"not_picked":["Weave"],"picked":"Steam","floor":10.0},{"not_picked":["Thunderclap","Honesty"],"picked":"SKIP","floor":13.0},{"not_picked":["Thunder Strike"],"picked":"Impervious","floor":16.0},{"not_picked":["FlyingSleeves","Indignation"],"picked":"SKIP","floor":18.0},{"not_picked":["Power Through"],"picked":"EmptyFist","floor":19.0},{"not_picked":["Uppercut"],"picked":"Body Slam+1","floor":20.0},{"not_picked":["KillingWithKindness"],"picked":"SashWhip+1","floor":21.0},{"not_picked":["ThunderCloud+1","WheelKick"],"picked":"SKIP","floor":23.0},{"not_picked":["SashWhip"],"picked":"Well Laid Plans","floor":25.0},{"not_picked":["SashWhip","FlyingSleeves"],"picked":"SKIP","floor":27.0},{"not_picked":["FarmExpert"],"picked":"EmptyBody","floor":29.0},{"not_picked":["Recycle+1"],"picked":"TalkToTheHand","floor":31.0},{"not_picked":["Judgement"],"picked":"Blasphemy","floor":33.0}],"player_experience":423771,"relics_obtained":[{"floor":6.0,"key":"vexMod:InvisibilityCloak"},{"floor":9.0,"key":"Leech"},{"floor":19.0,"key":"vexMod:CardConverter"},{"floor":19.0,"key":"HandDrill"},{"floor":23.0,"key":"D6"},{"floor":25.0,"key":"vexMod:MysteryBossChallenge"},{"floor":26.0,"key":"Cauldron"},{"floor":34.0,"key":"Busted Crown"},{"floor":34.0,"key":"Brimstone"},{"floor":34.0,"key":"Pen Nib"},{"floor":40.0,"key":"White Beast Statue"},{"floor":42.0,"key":"The Specimen"},{"floor":43.0,"key":"BookofShadows"}],"event_choices":[{"damage_healed":0.0,"max_hp_gain":0.0,"max_hp_loss":0.0,"gold_gain":0.0,"event_name":"WeMeetAgain","player_choice":"Gave Potion","floor":4.0,"gold_loss":0.0,"damage_taken":0.0,"relics_obtained":["PokeGo"]},{"damage_healed":0.0,"max_hp_gain":0.0,"max_hp_loss":0.0,"gold_gain":175.0,"event_name":"Liars Game","player_choice":"AGREE","floor":12.0,"gold_loss":0.0,"damage_taken":0.0,"cards_obtained":["Doubt"]},{"damage_healed":0.0,"max_hp_gain":0.0,"max_hp_loss":0.0,"gold_gain":0.0,"event_name":"HidenRoomEvent","player_choice":"Fight","floor":19.0,"gold_loss":0.0,"damage_taken":0.0},{"damage_healed":0.0,"max_hp_gain":0.0,"max_hp_loss":0.0,"gold_gain":0.0,"event_name":"Match and Keep!","player_choice":"3 cards matched","floor":22.0,"gold_loss":0.0,"damage_taken":0.0,"cards_obtained":["Jack Of All Trades","ThirdEye","Juggernaut"]},{"damage_healed":0.0,"max_hp_gain":0.0,"max_hp_loss":0.0,"gold_gain":0.0,"event_name":"Mysterious Sphere","player_choice":"Fight","floor":42.0,"gold_loss":0.0,"damage_taken":0.0}],"is_beta":false,"boss_relics":[{"not_picked":["AnarchistCookbook","Bird Faced Urn"],"picked":"vexMod:FocusSash"},{"not_picked":[]},{"not_picked":["BookofShadows","Membership Card"],"picked":"Calling Bell"},{"not_picked":[]}],"items_purged_floors":[14],"is_endless":false,"potions_floor_spawned":[3,5,6,8,13,21,23,25,27,33,38,40,42,44,46,48],"ascension_level":0}}