{"host":"cjhtzh7tp54jdfyv","time":1610534552,"event":{"mods":["AchievementEnabler","BaseMod","Colored Map","Colored Powertips","Curses Come First","DeckTracker","Filter the Spire","Minty Spire (QoL Compilation)","RNG Fix","Relic Sorter","Relic Stats","StSLib","UnlockEverythingMod","ojb\u0027s Better Paths Mod","ojb\u0027s Info Mod"],"gold_per_floor":[119,134,3,13,25,50,69,79,79,79,90,108,108,133,133,207,207,217,227,51,66,66,66,80,80,80],"floor_reached":25,"language":"ENG","playtime":1618,"items_purged":["Defend_P","Defend_P"],"score":488,"play_id":"bcb88b55-37b5-4519-839b-26e92a101933","local_time":"20210113054232","is_ascension_mode":true,"campfire_choices":[{"data":"Eruption","floor":13.0,"key":"SMITH"},{"data":"InnerPeace","floor":15.0,"key":"SMITH"},{"data":"Adaptation","floor":23.0,"key":"SMITH"}],"circlet_count":0,"master_deck":["AscendersBane","Strike_P","Strike_P","Strike_P","Strike_P","Eruption+1","Vigilance","EmptyFist","FlyingSleeves","CutThroughFate","InnerPeace+1","Ragnarok","Sanctity","Adaptation+1"],"relics":["Empty Cage","Meat on the Bone","Orichalcum","Akabeko","Runic Dome"],"acts_visited":["Exordium","TheCity"],"potions_floor_usage":[],"damage_taken":[{"damage":9.0,"enemies":"2 Louse","floor":1.0,"turns":3.0},{"damage":0.0,"enemies":"Cultist","floor":2.0,"turns":2.0},{"damage":4.0,"enemies":"Jaw Worm","floor":4.0,"turns":2.0},{"damage":9.0,"enemies":"Looter","floor":5.0,"turns":3.0},{"damage":0.0,"enemies":"Lagavulin","floor":6.0,"turns":3.0},{"damage":5.0,"enemies":"Blue Slaver","floor":7.0,"turns":2.0},{"damage":0.0,"enemies":"3 Louse","floor":8.0,"turns":1.0},{"damage":22.0,"enemies":"Red Slaver","floor":11.0,"turns":2.0},{"damage":9.0,"enemies":"Exordium Thugs","floor":12.0,"turns":4.0},{"damage":18.0,"enemies":"3 Sentries","floor":14.0,"turns":4.0},{"damage":24.0,"enemies":"Slime Boss","floor":16.0,"turns":6.0},{"damage":6.0,"enemies":"Chosen","floor":18.0,"turns":3.0},{"damage":28.0,"enemies":"3 Byrds","floor":19.0,"turns":3.0},{"damage":24.0,"enemies":"Snecko","floor":21.0,"turns":4.0},{"damage":0.0,"enemies":"Cultist and Chosen","floor":24.0,"turns":2.0},{"damage":0,"enemies":"Gremlin Leader","floor":25,"turns":2}],"seed_played":"5333731167373484670","potions_obtained":[{"floor":2.0,"key":"Weak Potion"},{"floor":7.0,"key":"DistilledChaos"},{"floor":11.0,"key":"SteroidPotion"},{"floor":12.0,"key":"FairyPotion"},{"floor":14.0,"key":"BlessingOfTheForge"},{"floor":16.0,"key":"BottledMiracle"},{"floor":18.0,"key":"AttackPotion"},{"floor":21.0,"key":"StancePotion"}],"is_trial":false,"path_per_floor":["M","M","$","M","M","E","M","M","T","?","M","M","R","E","R","B",null,"M","M","$","M","?","R","M","E"],"character_chosen":"WATCHER","items_purchased":["FearPotion","Adaptation"],"campfire_rested":0,"item_purchase_floors":[3,20],"current_hp_per_floor":[52,52,52,48,39,39,46,46,46,46,36,39,39,33,33,21,56,50,34,34,22,22,22,34,34,34],"gold":80,"neow_bonus":"BOSS_RELIC","is_daily":false,"chose_seed":false,"campfire_upgraded":3,"win_rate":0.0,"timestamp":1610534552,"path_taken":["M","M","$","M","M","E","M","M","T","?","M","M","R","E","R","BOSS","M","M","$","M","?","R","M","E"],"items_purchased_type":["Potion","Card"],"build_version":"2020-12-22","purchased_purges":2,"victory":false,"max_hp_per_floor":[68,68,68,68,68,68,68,68,68,68,68,68,68,68,68,68,68,68,68,68,68,68,68,68,68,68],"relic_stats":{"counters":[16,46],"Orichalcum":[102],"obtain_stats":[{"Runic Dome":17,"PureWater":0,"Orichalcum":9,"Empty Cage":0,"Akabeko":14,"Meat on the Bone":6},{"Runic Dome":11,"PureWater":0,"Orichalcum":7,"Empty Cage":0,"Akabeko":10,"Meat on the Bone":5},{"Runic Dome":32,"PureWater":0,"Orichalcum":16,"Empty Cage":0,"Akabeko":26,"Meat on the Bone":13}],"Meat on the Bone":96},"card_choices":[{"not_picked":["ReachHeaven","PathToVictory"],"picked":"EmptyFist","floor":1.0},{"not_picked":["EmptyFist","Prostrate"],"picked":"FlyingSleeves","floor":2.0},{"not_picked":["MentalFortress","Worship","BowlingBash"],"picked":"SKIP","floor":4.0},{"not_picked":["ThirdEye","EmptyFist","Study"],"picked":"SKIP","floor":5.0},{"not_picked":["Prostrate","ReachHeaven"],"picked":"CutThroughFate","floor":6.0},{"not_picked":["Perseverance","EmptyBody","WindmillStrike"],"picked":"SKIP","floor":7.0},{"not_picked":["Consecrate","EmptyFist","SashWhip"],"picked":"SKIP","floor":8.0},{"not_picked":["Establishment","Prostrate","MentalFortress"],"picked":"SKIP","floor":11.0},{"not_picked":["CutThroughFate","PathToVictory","ClearTheMind"],"picked":"SKIP","floor":12.0},{"not_picked":["Fasting2","Nirvana"],"picked":"InnerPeace","floor":14.0},{"not_picked":["Establishment","Wish"],"picked":"Ragnarok","floor":16.0},{"not_picked":["Halt","Evaluate","SignatureMove"],"picked":"SKIP","floor":18.0},{"not_picked":["PathToVictory","BattleHymn"],"picked":"Sanctity","floor":19.0},{"not_picked":["EmptyBody+1","Consecrate","Worship"],"picked":"SKIP","floor":21.0},{"not_picked":["SashWhip","Protect","JustLucky"],"picked":"SKIP","floor":24.0},{"not_picked":["SashWhip","Protect","JustLucky"],"picked":"SKIP","floor":24.0}],"player_experience":4492964,"relics_obtained":[{"floor":6.0,"key":"Meat on the Bone"},{"floor":9.0,"key":"Orichalcum"},{"floor":14.0,"key":"Akabeko"}],"event_choices":[{"damage_healed":0.0,"max_hp_gain":0.0,"max_hp_loss":0.0,"gold_gain":0.0,"event_name":"Liars Game","player_choice":"Ignored","floor":10.0,"gold_loss":0.0,"damage_taken":0.0}],"is_beta":false,"boss_relics":[{"not_picked":["Busted Crown","SacredBark"],"picked":"Runic Dome"}],"items_purged_floors":[3,20],"is_endless":false,"potions_floor_spawned":[2,5,7,11,12,14,16,18,21],"killed_by":"Gremlin Leader","ascension_level":20}}