{"host":"3twtdwjpiqhvvn5s","time":1610506416,"event":{"mods":["AchievementEnabler","Act Like it!","BaseMod","BetterRewards","Colored Map","Colored Powertips","Downfall","Duelist Mod","Friendly Minions","GifTheSpireLib","Hallownest","Hermit","Hubris","Infinite Spire","Jorbs\u0027s Wanderer Trilogy","Koishi","KomeijiMod","Marisa????????","Minty Spire (QoL Compilation)","Random Character Mod","Rare Cards Sparkle","Replay The Spire","Shop Mod","StSLib","Td1madao Mod","The Administrix","The Animator","The Bug Knight","The Caster","The Cursed","The Disciple","The Hierophant","The Necromancer","The Poker Player","The Runesmith","The Servant 0.9.4","TheFirefly"],"gold_per_floor":[99,127,6,24,40,84,97,97,97,97,125,137,137,169,169,269,269,285,37,50,123,139,139,184,94,146,189,218,218,218],"floor_reached":29,"playtime":6526,"items_purged":["stsjorbsmod:Strike_Wanderer"],"score":284,"play_id":"f4329975-4d01-43a4-8904-f1fc73e8cc8b","local_time":"20210112205335","daily_mods":["Binary"],"is_ascension_mode":false,"campfire_choices":[{"floor":10,"key":"REST"},{"data":"stsjorbsmod:EyeOfTheStorm","floor":13,"key":"SMITH"},{"data":"stsjorbsmod:Defend_Wanderer","floor":15,"key":"SMITH"},{"floor":23,"key":"REST"}],"circlet_count":0,"master_deck":["stsjorbsmod:Strike_Wanderer","stsjorbsmod:Strike_Wanderer","stsjorbsmod:Strike_Wanderer","stsjorbsmod:Defend_Wanderer+1","stsjorbsmod:Defend_Wanderer+1","stsjorbsmod:Defend_Wanderer+1","stsjorbsmod:Defend_Wanderer","stsjorbsmod:FreshAdventure","stsjorbsmod:EyeOfTheStorm+1","stsjorbsmod:ForbiddenGrimoire+1","stsjorbsmod:ArcaneWeapon+1","Replay:SS_hec_1"],"relics":["stsjorbsmod:GrimoireRelic","Busted Crown","Pear","infinitespire:CheckeredPen","hubris:SphereOfDissonance","SacredBark","infinitespire:Satchel","Hallownest:StagBellRelic1","Replay:Bandana","Blue Doll"],"acts_visited":["Exordium","Hallownest:CityofTears"],"potions_floor_usage":[7,11,16,16,22,24,24,24,27],"damage_taken":[{"damage":0,"enemies":"Jaw Worm","floor":2,"turns":4},{"damage":0,"enemies":"Cultist","floor":4,"turns":3},{"damage":0,"enemies":"Small Slimes","floor":5,"turns":3},{"damage":19,"enemies":"Lagavulin","floor":6,"turns":7},{"damage":12,"enemies":"Red Slaver","floor":7,"turns":4},{"damage":14,"enemies":"Gremlin Nob","floor":11,"turns":3},{"damage":2,"enemies":"2 Fungi Beasts","floor":12,"turns":3},{"damage":0,"enemies":"Gremlin Gang","floor":14,"turns":3},{"damage":9,"enemies":"Fading Forest","floor":16,"turns":10},{"damage":22,"enemies":"Hallownest:3_Youths","floor":18,"turns":5},{"damage":2,"enemies":"Hallownest:2_Mistakes","floor":20,"turns":6},{"damage":8,"enemies":"Hallownest:Glutton_and_Coward","floor":21,"turns":5},{"damage":3,"enemies":"Hallownest:3_Mistakes","floor":22,"turns":8},{"damage":5,"enemies":"Hallownest:2_Flukemon","floor":24,"turns":7},{"damage":22,"enemies":"Hallownest:eliteSoulWarrior","floor":27,"turns":6},{"damage":0,"enemies":"Hallownest:2_Husk_Sentries","floor":28,"turns":5}],"seed_played":"581164356350274418","potions_obtained":[{"floor":6,"key":"Death Potion"},{"floor":7,"key":"Toxic Potion"},{"floor":12,"key":"stsjorbsmod:BurningPotion"},{"floor":14,"key":"Block Potion"},{"floor":21,"key":"Block Potion"},{"floor":22,"key":"EntropicBrew"},{"floor":24,"key":"ColorlessPotion"},{"floor":28,"key":"LiquidMemories"}],"is_trial":true,"path_per_floor":["?","M","$","M","M","E","M","?","T","R","E","M","R","M","R","B",null,"M","$","M","M","M","R","M","?","T","E","M","$"],"character_chosen":"WANDERER","items_purchased":["stsjorbsmod:ArcaneWeapon","infinitespire:Satchel","Replay:SS_hec_1"],"campfire_rested":2,"item_purchase_floors":[3,19,19],"current_hp_per_floor":[68,68,68,68,68,62,52,52,52,75,63,62,62,64,64,65,78,58,58,58,54,51,74,78,78,78,59,66,66,66],"gold":218,"neow_bonus":"","is_daily":false,"chose_seed":false,"campfire_upgraded":2,"win_rate":0.0,"timestamp":1610506415,"path_taken":["?","?","$","M","?","E","M","?","T","R","E","?","R","M","R","BOSS","M","$","M","M","M","R","M","?","T","E","M","$"],"items_purchased_type":["Card","Relic","Card"],"build_version":"2020-12-22","purchased_purges":1,"victory":false,"max_hp_per_floor":[68,68,68,68,68,78,78,78,78,78,78,78,78,78,78,78,78,78,78,78,78,78,78,82,82,82,82,86,86,86],"card_choices":[],"player_experience":1651435,"relics_obtained":[{"floor":6,"key":"Pear"},{"floor":9,"key":"infinitespire:CheckeredPen"},{"floor":11,"key":"hubris:SphereOfDissonance"},{"floor":26,"key":"Replay:Bandana"},{"floor":27,"key":"Blue Doll"}],"event_choices":[{"damage_healed":0,"gold_gain":0,"player_choice":"Forge","damage_taken":0,"max_hp_gain":0,"max_hp_loss":0,"event_name":"Accursed Blacksmith","floor":8,"gold_loss":0,"cards_upgraded":["stsjorbsmod:ArcaneWeapon"]}],"is_beta":false,"boss_relics":[{"not_picked":["Coffee Dripper","Replay:Bronze Core"],"picked":"SacredBark"}],"items_purged_floors":[3],"is_endless":false,"potions_floor_spawned":[6,7,12,14,21,22,24,28],"ascension_level":0}}