{"host":"2lo6hma6kymb0g9i","time":1610563016,"event":{"mods":["BaseMod","Colored Map","DeckTracker","Minty Spire (QoL Compilation)"],"gold_per_floor":[112,112,112,37,37,37,55,70,96,107,107,7,34,59,59,137,137,149,164,80,80,99,99,114,128,128,141,141,141,154,8,8,84,84,104,129,139,191,203,203,216,243,243,254,6,24,24,24,24,24],"floor_reached":51,"language":"JPN","playtime":4556,"items_purged":["Strike_B","Strike_B","Defend_B","Defend_B"],"score":1210,"play_id":"18336635-7f4c-4efa-9e2b-fc8bc73c8040","local_time":"20210114033656","is_ascension_mode":true,"campfire_choices":[{"data":"Defragment","floor":6.0,"key":"SMITH"},{"data":"Streamline","floor":11.0,"key":"SMITH"},{"data":"Cold Snap","floor":15.0,"key":"SMITH"},{"data":"Defragment","floor":23.0,"key":"SMITH"},{"floor":29.0,"key":"REST"},{"data":"Hologram","floor":32.0,"key":"SMITH"},{"floor":40.0,"key":"REST"},{"data":"Barrage","floor":47,"key":"SMITH"},{"data":"Blizzard","floor":49,"key":"SMITH"}],"circlet_count":0,"master_deck":["AscendersBane","Defend_B+1","Defend_B+1","Dualcast","Defragment+1","Coolheaded","Cold Snap+1","Streamline+1","Glacier","Machine Learning","Defragment+1","Blizzard+1","Hologram+1","Defragment+1","Barrage+1","Seek","Beam Cell+1","BootSequence","Recycle","Seek"],"relics":["Cracked Core","Emotion Chip","War Paint","StrikeDummy","Odd Mushroom","Nuclear Battery","The Courier","Inserter","Bird Faced Urn","Unceasing Top","Bag of Marbles","Girya","Anchor"],"acts_visited":["Exordium","TheCity","TheBeyond"],"potions_floor_usage":[50],"damage_taken":[{"damage":1.0,"enemies":"Small Slimes","floor":1.0,"turns":3.0},{"damage":0.0,"enemies":"2 Louse","floor":7.0,"turns":2.0},{"damage":3.0,"enemies":"Jaw Worm","floor":8.0,"turns":7.0},{"damage":3.0,"enemies":"Looter","floor":10.0,"turns":3.0},{"damage":8.0,"enemies":"3 Sentries","floor":13.0,"turns":7.0},{"damage":8.0,"enemies":"The Mushroom Lair","floor":14.0,"turns":4.0},{"damage":19.0,"enemies":"Hexaghost","floor":16.0,"turns":12.0},{"damage":4.0,"enemies":"3 Byrds","floor":18.0,"turns":5.0},{"damage":4.0,"enemies":"Spheric Guardian","floor":19.0,"turns":8.0},{"damage":0.0,"enemies":"Snecko","floor":22.0,"turns":6.0},{"damage":16.0,"enemies":"Snake Plant","floor":24.0,"turns":3.0},{"damage":11.0,"enemies":"Centurion and Healer","floor":25.0,"turns":8.0},{"damage":21.0,"enemies":"Shelled Parasite and Fungi","floor":27.0,"turns":7.0},{"damage":0.0,"enemies":"Snake Plant","floor":30.0,"turns":6.0},{"damage":12.0,"enemies":"Collector","floor":33.0,"turns":12.0},{"damage":1.0,"enemies":"3 Shapes","floor":35.0,"turns":12.0},{"damage":0.0,"enemies":"Mind Bloom Boss Battle","floor":36.0,"turns":10.0},{"damage":5.0,"enemies":"3 Darklings","floor":37.0,"turns":7.0},{"damage":21.0,"enemies":"2 Orb Walkers","floor":38.0,"turns":5.0},{"damage":12.0,"enemies":"Transient","floor":39.0,"turns":6.0},{"damage":2.0,"enemies":"4 Shapes","floor":41.0,"turns":7.0},{"damage":0.0,"enemies":"Giant Head","floor":42.0,"turns":9.0},{"damage":2,"enemies":"3 Darklings","floor":44,"turns":7},{"damage":0,"enemies":"Maw","floor":46,"turns":9},{"damage":1,"enemies":"Awakened One","floor":50,"turns":16}],"seed_played":"-3696230477015973286","potions_obtained":[{"floor":1.0,"key":"CultistPotion"},{"floor":10.0,"key":"SmokeBomb"},{"floor":18.0,"key":"SkillPotion"},{"floor":36.0,"key":"LiquidMemories"},{"floor":39.0,"key":"SkillPotion"}],"is_trial":false,"path_per_floor":["M","?","?","$","?","R","M","M","T","M","R","$","E","?","R","B",null,"M","M","$","?","M","R","M","M","T","M","?","R","M","$","R","B",null,"M","?","M","?","M","R","M","E","T","M","$","M","R","?","R","B",null],"character_chosen":"DEFECT","items_purchased":["Defragment","Block Potion","Anchor"],"campfire_rested":2,"item_purchase_floors":[20,31,45],"current_hp_per_floor":[63,56,61,61,61,61,61,58,58,55,55,55,47,39,39,20,57,53,49,49,49,49,49,33,22,22,1,1,21,21,21,21,9,54,53,53,56,43,39,59,63,69,69,69,69,69,69,69,69,69],"gold":24,"neow_bonus":"ONE_RARE_RELIC","is_daily":false,"chose_seed":false,"campfire_upgraded":7,"win_rate":0.0,"timestamp":1610563016,"path_taken":["M","?","?","$","?","R","M","?","T","M","R","$","E","?","R","BOSS","M","M","$","?","M","R","M","M","T","M","?","R","M","$","R","BOSS","M","?","M","?","M","R","M","E","T","M","$","M","R","?","R","BOSS"],"items_purchased_type":["Card","Potion","Relic"],"build_version":"2020-12-22","purchased_purges":4,"victory":true,"max_hp_per_floor":[64,64,69,69,69,69,69,69,69,69,69,69,69,69,69,69,69,69,69,69,69,69,69,69,69,69,69,69,69,69,69,69,69,69,69,69,69,69,69,69,69,69,69,69,69,69,69,69,69,69],"card_choices":[{"not_picked":["Doom and Gloom","White Noise"],"picked":"Defragment","floor":1.0},{"not_picked":["Hologram","Beam Cell"],"picked":"Coolheaded","floor":7.0},{"not_picked":["Go for the Eyes","Auto Shields"],"picked":"Cold Snap","floor":8.0},{"not_picked":["Redo","Go for the Eyes"],"picked":"Streamline","floor":10.0},{"not_picked":["Recycle","Turbo"],"picked":"Glacier","floor":13.0},{"not_picked":["Rainbow","Creative AI"],"picked":"Machine Learning","floor":16.0},{"not_picked":["Streamline","Doom and Gloom","White Noise"],"picked":"SKIP","floor":18.0},{"not_picked":["Gash","Redo","Steam Power"],"picked":"SKIP","floor":19.0},{"not_picked":["Leap","Turbo"],"picked":"Hologram","floor":22.0},{"not_picked":["Turbo","Lockon+1"],"picked":"Defragment+1","floor":24.0},{"not_picked":["Compile Driver+1","Redo"],"picked":"Barrage","floor":25.0},{"not_picked":["Double Energy","Gash","Turbo"],"picked":"SKIP","floor":27.0},{"not_picked":["Gash","White Noise","Steam"],"picked":"SKIP","floor":30.0},{"not_picked":["Electrodynamics","Creative AI"],"picked":"Seek","floor":33.0},{"not_picked":["Aggregate","Barrage","Steam"],"picked":"SKIP","floor":35.0},{"not_picked":["Hello World","Sweeping Beam"],"picked":"Beam Cell+1","floor":37.0},{"not_picked":["Storm","Coolheaded"],"picked":"BootSequence","floor":38.0},{"not_picked":["Beam Cell+1","Chill"],"picked":"Recycle","floor":39.0},{"not_picked":["Compile Driver","Beam Cell","Hologram+1"],"picked":"SKIP","floor":41.0},{"not_picked":["Steam","White Noise"],"picked":"Seek","floor":42},{"not_picked":["BootSequence","Beam Cell+1","Hello World+1"],"picked":"SKIP","floor":44},{"not_picked":["Rebound","Steam+1","Conserve Battery"],"picked":"SKIP","floor":46}],"player_experience":1059841,"relics_obtained":[{"floor":9.0,"key":"War Paint"},{"floor":13.0,"key":"StrikeDummy"},{"floor":14.0,"key":"Odd Mushroom"},{"floor":26.0,"key":"The Courier"},{"floor":36.0,"key":"Bird Faced Urn"},{"floor":38.0,"key":"Unceasing Top"},{"floor":42,"key":"Bag of Marbles"},{"floor":43,"key":"Girya"}],"event_choices":[{"cards_removed":["Strike_B"],"damage_healed":0.0,"max_hp_gain":0.0,"max_hp_loss":0.0,"gold_gain":0.0,"event_name":"Golden Wing","player_choice":"Card Removal","floor":2.0,"gold_loss":0.0,"damage_taken":7.0},{"damage_healed":0.0,"max_hp_gain":5.0,"max_hp_loss":0.0,"gold_gain":0.0,"event_name":"Big Fish","player_choice":"Donut","floor":3.0,"gold_loss":0.0,"damage_taken":0.0},{"damage_healed":0.0,"max_hp_gain":0.0,"max_hp_loss":0.0,"gold_gain":0.0,"event_name":"The Cleric","player_choice":"Leave","floor":5.0,"gold_loss":0.0,"damage_taken":0.0},{"damage_healed":0.0,"max_hp_gain":0.0,"max_hp_loss":0.0,"gold_gain":0.0,"event_name":"Mushrooms","player_choice":"Fought Mushrooms","floor":14.0,"gold_loss":0.0,"damage_taken":0.0},{"damage_healed":0.0,"max_hp_gain":0.0,"max_hp_loss":0.0,"gold_gain":0.0,"event_name":"The Library","player_choice":"Read","floor":21.0,"gold_loss":0.0,"damage_taken":0.0,"cards_obtained":["Blizzard"]},{"cards_removed":["Zap"],"damage_healed":0.0,"max_hp_gain":0.0,"max_hp_loss":0.0,"gold_gain":0.0,"event_name":"Back to Basics","player_choice":"Elegance","floor":28.0,"gold_loss":0.0,"damage_taken":0.0},{"damage_healed":0.0,"max_hp_gain":0.0,"max_hp_loss":0.0,"gold_gain":0.0,"event_name":"MindBloom","player_choice":"Fight","floor":36.0,"gold_loss":0.0,"damage_taken":0.0},{"damage_healed":0.0,"max_hp_gain":0.0,"max_hp_loss":0.0,"gold_gain":0.0,"event_name":"Mysterious Sphere","player_choice":"Fight","floor":38.0,"gold_loss":0.0,"damage_taken":0.0},{"cards_removed":["Strike_B"],"damage_healed":0,"gold_gain":0,"player_choice":"Offered Basic","damage_taken":0,"max_hp_gain":0,"max_hp_loss":0,"event_name":"Bonfire Elementals","floor":48,"gold_loss":0}],"is_beta":false,"boss_relics":[{"not_picked":["Cursed Key","Coffee Dripper"],"picked":"Nuclear Battery"},{"not_picked":["Calling Bell","Fusion Hammer"],"picked":"Inserter"}],"items_purged_floors":[4,12,31,45],"is_endless":false,"potions_floor_spawned":[1,10,14,18,19,36,37,39,41,46],"ascension_level":17}}