{"host":"y1oqg7uy0jc6f5mb","time":1610539415,"event":{"mods":["BaseMod","Block Reminder","Colored Map","Colored Powertips","Custom Start","DeckTracker","Highlight Path","Minty Spire (QoL Compilation)","Permanent Neow","Quick Restart","Relic Sorter","Relic Stats","StSLib"],"gold_per_floor":[116,116,135,159,159,159,194,32,32,53,53,83,83,97,97,218,218,236,236,236],"floor_reached":19,"language":"ENG","playtime":1423,"items_purged":[],"score":184,"play_id":"d3085adf-3ff3-42df-a458-65cca5e30d8c","local_time":"20210113200335","is_ascension_mode":true,"campfire_choices":[{"floor":6.0,"key":"REST"},{"floor":11.0,"key":"REST"},{"data":"True Grit","floor":15.0,"key":"SMITH"}],"circlet_count":0,"master_deck":["Strike_R","Strike_R+1","Strike_R","Strike_R","Defend_R","Defend_R","Defend_R","Defend_R+1","Bash","Corruption","Warcry","Shrug It Off","Armaments+1","Entrench+1","True Grit","Fire Breathing","True Grit+1","Clothesline","Barricade","Headbutt+1"],"relics":["Burning Blood","Golden Idol","Pear","Paper Frog","War Paint","Busted Crown"],"acts_visited":["Exordium","TheCity"],"potions_floor_usage":[19,19,19],"damage_taken":[{"damage":21.0,"enemies":"Jaw Worm","floor":1.0,"turns":7.0},{"damage":14.0,"enemies":"Small Slimes","floor":3.0,"turns":4.0},{"damage":6.0,"enemies":"2 Louse","floor":4.0,"turns":4.0},{"damage":31.0,"enemies":"Lagavulin","floor":7.0,"turns":16.0},{"damage":19.0,"enemies":"Large Slime","floor":10.0,"turns":6.0},{"damage":12.0,"enemies":"Exordium Thugs","floor":14.0,"turns":6.0},{"damage":13.0,"enemies":"Slime Boss","floor":16.0,"turns":9.0},{"damage":18.0,"enemies":"Shell Parasite","floor":18.0,"turns":9.0},{"damage":92,"enemies":"Masked Bandits","floor":19,"turns":5}],"seed_played":"2376696769948654726","potions_obtained":[{"floor":4.0,"key":"Fire Potion"},{"floor":10.0,"key":"LiquidBronze"},{"floor":14.0,"key":"FearPotion"},{"floor":16.0,"key":"Energy Potion"}],"is_trial":false,"path_per_floor":["M","?","M","M","?","R","E","$","T","M","R","?","?","M","R","B",null,"M","?"],"character_chosen":"IRONCLAD","items_purchased":["GamblersBrew","True Grit","Fire Breathing"],"campfire_rested":2,"item_purchase_floors":[8,8,8],"current_hp_per_floor":[65,45,37,37,21,45,30,30,30,17,44,44,37,31,31,24,90,78,0,0],"gold":236,"neow_bonus":"TRANSFORM_CARD","is_daily":false,"chose_seed":false,"campfire_upgraded":1,"win_rate":0.0,"timestamp":1610539415,"path_taken":["M","?","M","M","?","R","E","$","T","M","R","?","?","M","R","BOSS","M","?"],"items_purchased_type":["Potion","Card","Card"],"build_version":"2020-12-22","purchased_purges":0,"victory":false,"max_hp_per_floor":[80,80,80,80,80,80,90,90,90,90,90,90,90,90,90,90,90,90,90,90],"relic_stats":{"Busted Crown":2,"counters":[9,66],"Golden Idol":58,"War Paint":["Entrench","Armaments"],"obtain_stats":[{"Pear":7,"Busted Crown":17,"Golden Idol":2,"War Paint":13,"Burning Blood":0,"Paper Frog":9},{"Pear":4,"Busted Crown":7,"Golden Idol":1,"War Paint":5,"Burning Blood":0,"Paper Frog":4},{"Pear":31,"Busted Crown":52,"Golden Idol":7,"War Paint":37,"Burning Blood":0,"Paper Frog":31}],"Burning Blood":48},"card_choices":[{"not_picked":["Sword Boomerang","Flex"],"picked":"Warcry","floor":1.0},{"not_picked":["Heavy Blade","Hemokinesis"],"picked":"Shrug It Off","floor":3.0},{"not_picked":["Rupture","Reaper"],"picked":"Armaments","floor":4.0},{"not_picked":["Body Slam","Clash"],"picked":"Entrench","floor":7.0},{"not_picked":["Dual Wield","Shockwave"],"picked":"True Grit","floor":10.0},{"not_picked":["Ghostly Armor","Thunderclap"],"picked":"Clothesline","floor":14.0},{"not_picked":["Fiend Fire","Corruption"],"picked":"Barricade","floor":16.0},{"not_picked":[],"picked":"Headbutt+1","floor":18.0}],"player_experience":10496,"relics_obtained":[{"floor":7.0,"key":"Pear"},{"floor":9.0,"key":"Paper Frog"}],"event_choices":[{"damage_healed":0.0,"max_hp_gain":0.0,"max_hp_loss":0.0,"gold_gain":0.0,"event_name":"Golden Idol","player_choice":"Take Damage","floor":2.0,"gold_loss":0.0,"damage_taken":20.0,"relics_obtained":["Golden Idol"]},{"damage_healed":0.0,"max_hp_gain":0.0,"max_hp_loss":0.0,"gold_gain":0.0,"event_name":"Shining Light","player_choice":"Entered Light","floor":5.0,"gold_loss":0.0,"damage_taken":16.0,"cards_upgraded":["Defend_R","Strike_R"]},{"damage_healed":0.0,"max_hp_gain":0.0,"max_hp_loss":0.0,"gold_gain":30.0,"event_name":"Dead Adventurer","player_choice":"Searched \u00271\u0027 times","floor":12.0,"gold_loss":0.0,"damage_taken":0.0},{"damage_healed":0.0,"max_hp_gain":0.0,"max_hp_loss":0.0,"gold_gain":0.0,"event_name":"Scrap Ooze","player_choice":"Success","floor":13.0,"gold_loss":0.0,"damage_taken":7.0,"relics_obtained":["War Paint"]},{"damage_healed":0,"gold_gain":0,"player_choice":"Fought Bandits","damage_taken":0,"max_hp_gain":0,"max_hp_loss":0,"event_name":"Masked Bandits","floor":19,"gold_loss":0}],"is_beta":false,"boss_relics":[{"not_picked":["Empty Cage","Runic Dome"],"picked":"Busted Crown"}],"items_purged_floors":[],"is_endless":false,"potions_floor_spawned":[4,10,14,16],"killed_by":"Masked Bandits","ascension_level":2}}