{"host":"xt797mi8yhee06c1","time":1610523937,"event":{"mods":["Arknights The Spire","BaseMod","Bestiary","Koishi","Marisa£¨Ùöéë¡¡Øª×âÞÞ£©","Minty Spire (QoL Compilation)","Poor People Problems","Prisma Mod","Relic Filter","Shop Mod","Spicy Shops","StSLib","The Marked","The Runesmith","The Servant 0.9.4","WarShipGirlsR/??á´Ò³R mod"],"gold_per_floor":[113,128,143,155,155,190,40,40,40,50,81,81,46,58,58,159,159,178,193,27,27,27,27,27,27],"floor_reached":24,"language":"KOR","playtime":1575,"items_purged":[],"score":231,"play_id":"1cb00bb0-a004-47fd-b040-d9b393aeb7bf","local_time":"20210113164537","is_ascension_mode":false,"campfire_choices":[{"data":"PrismaMod:ChloeMordred","floor":8,"key":"SMITH"},{"floor":15,"key":"REST"},{"floor":23,"key":"REST"}],"circlet_count":0,"master_deck":["PrismaMod:ChloeCheapAttack","PrismaMod:ChloeCheapDefend","PrismaMod:ChloeCheapAttack","PrismaMod:ChloeUncommonAOEAttack","PrismaMod:ChloeEyeOfTheEuryale","PrismaMod:ChloeMordred+1","PrismaMod:ChloeCaladbolg","PrismaMod:ChloeAnyUncommonTrace","PrismaMod:ChloeRuleBreaker+1","PrismaMod:ChloeCaladbolg","PrismaMod:ChloeDiscardRecovery","PrismaMod:ChloeUnlimitedBladeWorks","PrismaMod:ChloeCheapAttackTwo","PrismaMod:ChloeRitsuka","PrismaMod:ChloeAnyAttackTrace","PrismaMod:ChloeAnyPowerTrace","PrismaMod:ChloeCheapAttack","PrismaMod:ChloeRitsuka","PrismaMod:ChloeCarnivalAOEAttack","PrismaMod:ChloeCheapAttack","PrismaMod:ChloeHalloween","PrismaMod:ChloeGreatTracePools","PrismaMod:ChloeExhaustOne+1","PrismaMod:ChloeExhaustOne","PrismaMod:ChloeExcalibur","PrismaMod:ChloeCheapDefend","PrismaMod:ChloeCheapDefendTwo","Pain"],"relics":["PrismaMod:PrismaTraceOn","NeowsBlessing","Blood Vial","Art of War","Juzu Bracelet","Dead Branch","Blue Candle","Pandora\u0027s Box","Bronze Scales","WarpedTongs"],"acts_visited":["Exordium","TheCity"],"potions_floor_usage":[16,16,16],"damage_taken":[{"damage":0,"enemies":"Cultist","floor":1,"turns":1},{"damage":0,"enemies":"Small Slimes","floor":2,"turns":1},{"damage":0,"enemies":"Jaw Worm","floor":3,"turns":1},{"damage":1,"enemies":"Red Slaver","floor":4,"turns":3},{"damage":36,"enemies":"Gremlin Nob","floor":6,"turns":5},{"damage":9,"enemies":"Gremlin Gang","floor":10,"turns":3},{"damage":24,"enemies":"3 Sentries","floor":11,"turns":3},{"damage":10,"enemies":"3 Louse","floor":14,"turns":3},{"damage":6,"enemies":"Slime Boss","floor":16,"turns":7},{"damage":53,"enemies":"Spheric Guardian","floor":18,"turns":6},{"damage":29,"enemies":"2 Thieves","floor":19,"turns":4},{"damage":39,"enemies":"Book of Stabbing","floor":24,"turns":3}],"seed_played":"-644067500381577681","potions_obtained":[{"floor":2,"key":"SkillPotion"},{"floor":3,"key":"LiquidBronze"},{"floor":10,"key":"Strength Potion"},{"floor":11,"key":"EssenceOfSteel"},{"floor":19,"key":"SpeedPotion"}],"is_trial":false,"path_per_floor":["M","M","M","M","?","E","$","R","T","M","E","?","$","M","R","B",null,"M","M","$","?","?","R","E"],"character_chosen":"CHLOE","items_purchased":["Juzu Bracelet","PrismaMod:ChloeCaladbolg","PrismaMod:ChloeExcalibur","PrismaMod:ChloeCheapDefend","PrismaMod:ChloeCheapDefendTwo"],"campfire_rested":2,"item_purchase_floors":[7,13,20,20,20],"current_hp_per_floor":[75,75,75,74,74,39,39,39,39,32,10,10,10,2,24,20,75,29,2,2,2,2,24,0,0],"gold":27,"neow_bonus":"THREE_ENEMY_KILL","is_daily":false,"chose_seed":false,"campfire_upgraded":1,"win_rate":0.0,"timestamp":1610523937,"path_taken":["M","M","M","M","?","E","$","R","T","M","E","?","?","M","R","BOSS","M","M","$","?","?","R","E"],"items_purchased_type":["Relic","Card","Card","Card","Card"],"build_version":"2020-12-22","purchased_purges":0,"victory":false,"max_hp_per_floor":[75,75,75,75,75,75,75,75,75,75,75,75,75,75,75,75,75,75,75,75,75,75,75,75,75],"card_choices":[{"not_picked":["PrismaMod:ChloeCheapDefendTwo","PrismaMod:ChloeExhaustOne"],"picked":"PrismaMod:ChloeCheapAttack","floor":1},{"not_picked":["PrismaMod:ChloeDiscardRecovery","PrismaMod:ChloeChristmas"],"picked":"PrismaMod:ChloeUncommonAOEAttack","floor":2},{"not_picked":["PrismaMod:ChloeUncommonAttack","PrismaMod:ChloeCommonAOEAttack"],"picked":"PrismaMod:ChloeEyeOfTheEuryale","floor":3},{"not_picked":["PrismaMod:ChloeDiscardRecovery","PrismaMod:ChloeUncommonAOEAttack"],"picked":"PrismaMod:ChloeMordred","floor":4},{"not_picked":["PrismaMod:ChloeCheapDefend","PrismaMod:ChloeCheapAttack"],"picked":"PrismaMod:ChloeCaladbolg","floor":6},{"not_picked":["PrismaMod:ChloeDiscardRecovery","PrismaMod:ChloeCheapAttackTwo"],"picked":"PrismaMod:ChloeAnyUncommonTrace","floor":10},{"not_picked":["PrismaMod:ChloeUncommonDefend","PrismaMod:ChloeCheapDefendTwo"],"picked":"PrismaMod:ChloeRuleBreaker","floor":11},{"not_picked":["PrismaMod:ChloeUncommonAOEAttack","PrismaMod:ChloeCheapDefend"],"picked":"PrismaMod:ChloeDiscardRecovery","floor":14},{"not_picked":["PrismaMod:ChloeHalloween","PrismaMod:ChloeAnyCommonTrace"],"picked":"PrismaMod:ChloeUnlimitedBladeWorks","floor":16},{"not_picked":["PrismaMod:ChloeCheapAttack","PrismaMod:ChloeUncommonAttack"],"picked":"PrismaMod:ChloeExhaustOne+1","floor":18},{"not_picked":["PrismaMod:ChloeCheapAttackTwo+1","PrismaMod:ChloeDiscardRecovery"],"picked":"PrismaMod:ChloeExhaustOne","floor":19}],"player_experience":332445,"relics_obtained":[{"floor":6,"key":"Art of War"},{"floor":9,"key":"Dead Branch"},{"floor":11,"key":"Blue Candle"}],"event_choices":[{"damage_healed":0,"gold_gain":0,"player_choice":"Gave Potion","damage_taken":0,"relics_obtained":["Blood Vial"],"max_hp_gain":0,"max_hp_loss":0,"event_name":"WeMeetAgain","floor":5,"gold_loss":0},{"damage_healed":0,"gold_gain":0,"player_choice":"Upgraded","damage_taken":0,"max_hp_gain":0,"max_hp_loss":0,"event_name":"Upgrade Shrine","floor":12,"gold_loss":0,"cards_upgraded":["PrismaMod:ChloeRuleBreaker"]},{"damage_healed":0,"gold_gain":0,"player_choice":"Opened","damage_taken":0,"relics_obtained":["Bronze Scales"],"max_hp_gain":0,"max_hp_loss":0,"event_name":"The Mausoleum","floor":21,"gold_loss":0},{"damage_healed":0,"gold_gain":0,"player_choice":"Rummage","damage_taken":0,"relics_obtained":["WarpedTongs"],"max_hp_gain":0,"max_hp_loss":0,"event_name":"Accursed Blacksmith","floor":22,"gold_loss":0,"cards_obtained":["Pain"]}],"is_beta":false,"boss_relics":[{"not_picked":["Ectoplasm","Tiny House"],"picked":"Pandora\u0027s Box"}],"items_purged_floors":[],"is_endless":false,"potions_floor_spawned":[2,3,10,11,19],"killed_by":"Book of Stabbing","ascension_level":0}}