{"host":"grli52lbdph2722t","time":1610560023,"event":{"mods":["AchievementEnabler","BaseMod","Downfall","Minty Spire (QoL Compilation)","Quick Restart","StSLib"],"gold_per_floor":[99,99,99,99,99,99,125,125,152,152,182,182,182,54,74,74,74,74],"floor_reached":16,"language":"ENG","playtime":517,"items_purged":["Guardian:Strike_Guardian"],"score":148,"play_id":"82939aba-db49-44cd-9fd9-2045d6e64dbe","local_time":"20210113184703","is_ascension_mode":true,"campfire_choices":[{"data":"Guardian:CurlUp","floor":1,"key":"SMITH"},{"data":"Guardian:VentSteam","floor":6,"key":"SMITH"},{"data":"Guardian:Planning","floor":8,"key":"SMITH"}],"circlet_count":0,"master_deck":["Guardian:Strike_Guardian+1","Guardian:Strike_Guardian+1","Guardian:Defend_Guardian","Guardian:Defend_Guardian","Guardian:Defend_Guardian+1","Guardian:Defend_Guardian","Guardian:CurlUp+1","Guardian:TwinSlam","Guardian:Planning+1","Guardian:VentSteam+1","Guardian:TemporalStrike","Guardian:Gem_Yellow","Guardian:TimeCapacitor","Guardian:FastForward"],"relics":["Guardian:ModeShifter","downfall:HeartsMalice","Nunchaku","Sundial","Matryoshka","Bronze Scales"],"acts_visited":["Exordium"],"potions_floor_usage":[14],"damage_taken":[{"damage":0,"enemies":"Cultist","floor":2,"turns":1},{"damage":0,"enemies":"2 Louse","floor":4,"turns":1},{"damage":0,"enemies":"Small Slimes","floor":5,"turns":1},{"damage":20,"enemies":"3 Sentries","floor":9,"turns":11},{"damage":38,"enemies":"Gremlin Nob","floor":11,"turns":5},{"damage":0,"enemies":"downfall:FleeingMerchant","floor":14,"turns":4},{"damage":11,"enemies":"Exordium Thugs","floor":15,"turns":5},{"damage":9,"enemies":"downfall:Defect","floor":16,"turns":3}],"seed_played":"424464037892245970","potions_obtained":[{"floor":11,"key":"Regen Potion"},{"floor":15,"key":"Guardian:StasisDiscoveryPotion"}],"is_trial":false,"path_per_floor":["R","M","?","M","M","R","T","R","E","?","E","?","?","$","M","B"],"character_chosen":"GUARDIAN","items_purchased":["Guardian:TimeCapacitor"],"campfire_rested":0,"item_purchase_floors":[14],"current_hp_per_floor":[72,72,72,72,72,72,72,72,52,40,2,2,2,16,5,0,0,0],"gold":74,"neow_bonus":"THREE_ENEMY_KILL","is_daily":false,"chose_seed":false,"campfire_upgraded":3,"win_rate":0.0,"timestamp":1610560023,"path_taken":["R","M","?","M","?","R","T","R","E","?","E","?","?","$","M","BOSS"],"items_purchased_type":["Card"],"build_version":"2020-12-22","purchased_purges":1,"victory":false,"max_hp_per_floor":[80,80,80,80,80,80,80,80,80,80,80,80,80,80,80,80,80,80],"card_choices":[{"not_picked":["Guardian:ArmoredProtocol","Guardian:Reroute"],"picked":"Guardian:Gem_Fragmented","floor":2},{"not_picked":["Guardian:Incinerate","Guardian:RefractedBeam"],"picked":"Guardian:Planning","floor":4},{"not_picked":["Guardian:Recover","Guardian:Planning"],"picked":"Guardian:VentSteam","floor":5},{"not_picked":["Guardian:CrystalBeam","Guardian:PolyBeam"],"picked":"Guardian:Gem_Purple","floor":9},{"not_picked":["Guardian:GuardianWhirl","Guardian:PiercingHide"],"picked":"Guardian:TemporalStrike","floor":11},{"not_picked":["Guardian:Gem_Blue","Guardian:Gem_Cyan"],"picked":"Guardian:Gem_Yellow","floor":14},{"not_picked":["Guardian:TemporalStrike","Guardian:Incinerate"],"picked":"Guardian:FastForward","floor":15}],"player_experience":4984786,"relics_obtained":[{"floor":7,"key":"Nunchaku"},{"floor":9,"key":"Sundial"},{"floor":11,"key":"Bronze Scales"}],"event_choices":[{"cards_removed":["Guardian:Strike_Guardian"],"damage_healed":0,"gold_gain":0,"player_choice":"Offered Basic","damage_taken":0,"max_hp_gain":0,"max_hp_loss":0,"event_name":"Bonfire Elementals","floor":3,"gold_loss":0},{"damage_healed":0,"gold_gain":0,"player_choice":"Success","damage_taken":12,"relics_obtained":["Matryoshka"],"max_hp_gain":0,"max_hp_loss":0,"event_name":"Scrap Ooze","floor":10,"gold_loss":0}],"is_beta":false,"boss_relics":[],"items_purged_floors":[14],"is_endless":false,"potions_floor_spawned":[11,15],"killed_by":"downfall:Defect","ascension_level":9}}