{"host":"k67zwea37tbl4jhz","time":1610508487,"event":{"mods":["AchievementEnabler","Aspiration","BaseMod","Better Altar","Better Match","Better Sensory Stone","Better Skull","Better Third Choice","BetterRewards","CCEM","Clawfect","Colored Map","Conspire","Downfall","GifTheSpireLib","Googly Eyes","Halation","Highlight Path","Mimic Mod","Minty Spire (QoL Compilation)","Permanent Neow","Replay The Spire","Shop Mod","Spicy Shops","StSLib","Stuff the Spire","Unceasing Turn Reminder","everything is the same but u backflip on backflip"],"gold_per_floor":[99,115,131,306,339,351,377,392,407,407,407,407,418,448,460,460,460,460],"floor_reached":16,"language":"ENG","playtime":931,"items_purged":[],"score":94,"play_id":"12dc0264-0d9b-48cd-97fb-788af758f45c","local_time":"20210112222807","is_ascension_mode":false,"campfire_choices":[{"floor":1,"key":"RECALL"}],"circlet_count":0,"master_deck":["Guardian:Strike_Guardian","Guardian:Strike_Guardian","Guardian:Strike_Guardian","Guardian:Strike_Guardian","Guardian:Defend_Guardian","Guardian:Defend_Guardian","Guardian:Defend_Guardian","Guardian:Defend_Guardian","Guardian:CurlUp+1","Guardian:TwinSlam","Guardian:Gem_Crimson","Guardian:FloatingOrbs","Doubt","Guardian:Orbwalk","Guardian:Gem_Red","Parasite","Guardian:Gem_Crimson","Guardian:Gem_Purple","Guardian:Gem_Cyan","StuffTheSpire:CelestialWarden","Guardian:RollAttack","Guardian:BaubleBeam"],"relics":["Guardian:ModeShifter","Replay:Accelerometer","StuffTheSpire:Gunfinga"],"acts_visited":["Exordium"],"potions_floor_usage":[16,16,16],"damage_taken":[{"damage":2,"enemies":"2 Louse","floor":2,"turns":3},{"damage":0,"enemies":"Small Slimes","floor":3,"turns":3},{"damage":16,"enemies":"conspire:MimicChest","floor":5,"turns":7},{"damage":1,"enemies":"Cultist","floor":6,"turns":4},{"damage":7,"enemies":"conspire:2 RoseBushes","floor":8,"turns":5},{"damage":23,"enemies":"Large Slime","floor":9,"turns":8},{"damage":34,"enemies":"Large Slime","floor":11,"turns":6},{"damage":3,"enemies":"3 Louse","floor":13,"turns":4},{"damage":9,"enemies":"2 Fungi Beasts","floor":15,"turns":2},{"damage":19,"enemies":"downfall:Silent","floor":16,"turns":2}],"seed_played":"3198640017076559468","potions_obtained":[{"floor":5,"key":"AttackPotion"},{"floor":9,"key":"SteroidPotion"},{"floor":15,"key":"Regen Potion"}],"is_trial":false,"path_per_floor":["R","M","M","?","?","M","T","M","M","?","?","?","M","?","M","B"],"character_chosen":"GUARDIAN","items_purchased":[],"campfire_rested":0,"item_purchase_floors":[],"current_hp_per_floor":[80,78,78,78,62,61,61,54,31,51,17,17,14,14,5,0,0,0],"gold":460,"neow_bonus":"UPGRADE_CARD","is_daily":false,"chose_seed":false,"campfire_upgraded":0,"win_rate":0.0,"timestamp":1610508487,"path_taken":["R","M","M","?","?","M","T","M","?","?","?","?","M","?","M","BOSS"],"items_purchased_type":[],"build_version":"2020-12-22","purchased_purges":0,"victory":false,"max_hp_per_floor":[80,80,80,80,80,80,80,80,80,80,80,80,80,80,80,80,80,80],"card_choices":[{"not_picked":["Guardian:Incinerate","Guardian:DonusPower"],"picked":"Guardian:Gem_Crimson","floor":2},{"not_picked":["Guardian:BronzeOrb","Guardian:BronzeArmor"],"picked":"Guardian:FloatingOrbs","floor":3},{"not_picked":["Guardian:TemporalStrike","Guardian:PrimingBeam"],"picked":"Guardian:Orbwalk","floor":6},{"not_picked":["Guardian:Reroute","Guardian:TemporalStrike","Guardian:RollAttack"],"picked":"SKIP","floor":8},{"not_picked":["Guardian:TemporalStrike","Guardian:Gem_Green"],"picked":"Guardian:Gem_Red","floor":9},{"not_picked":["StuffTheSpire:BrainWave","StuffTheSpire:Ambrosia"],"picked":"StuffTheSpire:CelestialWarden","floor":12},{"not_picked":["Guardian:BronzeArmor","Guardian:Gem_Purple"],"picked":"Guardian:RollAttack","floor":13},{"not_picked":["Guardian:Planning","Guardian:ChargeCore"],"picked":"Guardian:BaubleBeam","floor":15}],"player_experience":220838,"relics_obtained":[{"floor":5,"key":"Replay:Accelerometer"}],"event_choices":[{"damage_healed":20,"gold_gain":0,"player_choice":"Healed and dodged fight","damage_taken":0,"max_hp_gain":0,"max_hp_loss":0,"event_name":"Mushrooms","floor":10,"gold_loss":0,"cards_obtained":["Parasite"]}],"is_beta":false,"boss_relics":[],"items_purged_floors":[],"is_endless":false,"potions_floor_spawned":[5,9,15],"killed_by":"downfall:Silent","ascension_level":0}}