{"host":"4g8vayc9pwrwu92h","time":1610552343,"event":{"mods":["Act Like it!","BaseMod","Downfall","Friendly Minions","Minty Spire (QoL Compilation)","Pale of the Ancients","StSLib","The Jungle"],"gold_per_floor":[3000,3015,3095,3115,3132,2982,2982,2982,2995,2995,3013,3044,3055,3055,3079,3191,3191,3191,3217,3257,3357,3384,3139,3139,3171,3187,3112,3112,3112,3128,3128,3144,3246,3246,3246,3256,3267,2871,2891,2923,2972,2972,3005,3046,3061,3073,3073,3092,3105,3105,3105,3136,2762,2762,2762],"floor_reached":56,"language":"ZHS","playtime":3048,"items_purged":["hexamod:SoulSteal+1"],"score":1408,"play_id":"270845a4-47e1-4586-a246-2486ddc22477","local_time":"20210113233903","is_ascension_mode":false,"campfire_choices":[{"floor":1,"key":"RECALL"},{"data":"hexamod:EmpoweringStance","floor":6,"key":"SMITH"},{"data":"hexamod:SoulSteal","floor":10,"key":"SMITH"},{"data":"hexamod:TimeOfNeed","floor":18,"key":"SMITH"},{"data":"hexamod:FlamesFromBeyond","floor":27,"key":"SMITH"},{"data":"hexamod:Firestarter","floor":29,"key":"SMITH"},{"data":"hexamod:UnlimitedPower","floor":35,"key":"SMITH"},{"data":"hexamod:TimeOfNeed","floor":42,"key":"SMITH"},{"floor":47,"key":"REST"},{"floor":54,"key":"REST"}],"circlet_count":0,"master_deck":["hexamod:Strike+1","hexamod:Strike+1","hexamod:Strike+1","hexamod:Strike+1","hexamod:Defend+1","hexamod:Defend+1","hexamod:Defend+1","hexamod:Defend+1","hexamod:Sear+1","hexamod:Float+1","hexamod:UnleashSpirits","hexamod:EmpoweringStance+1","hexamod:DynamicBlow","hexamod:FlamesFromBeyond+1","hexamod:TimeOfNeed+1","hexamod:HauntingEcho+1","hexamod:BurningTouch+1","hexamod:FastForward+1","hexamod:ExtraCrispy","hexamod:PhantomFireball","hexamod:Firestarter+1","hexamod:GhostLash+1","hexamod:UnlimitedPower+1","hexamod:StepThrough","hexamod:SoulSteal+1","hexamod:UnleashSpirits","hexamod:TimeOfNeed+1","hexamod:RadiantFlame","hexamod:FlamesFromBeyond+1","hexamod:ChargedBarrage+1","Blind"],"relics":["hexamod:SpiritBrand","Ginger","Black Star","downfall:HeartBlessingRed","downfall:HeartBlessingBlue","Vajra","Pen Nib","Orichalcum","Red Mask","downfall:GremlinWheel","hexamod:TheBrokenSeal","ClockworkSouvenir","FossilizedHelix","Mercury Hourglass","Dream Catcher","downfall:HeartBlessingGreen","NlothsMask","SlaversCollar","Orrery","Bottled Lightning","MawBank","Bottled Flame","War Paint","TungstenRod","Kunai","HornCleat"],"acts_visited":["TheCity","TheBeyond","TheEnding"],"potions_floor_usage":[9,12,12,16,16,21,23,23,33,33,33,48,48,55,55],"damage_taken":[{"damage":0,"enemies":"Cultist","floor":2,"turns":3},{"damage":15,"enemies":"Small Slimes","floor":4,"turns":3},{"damage":0,"enemies":"2 Louse","floor":5,"turns":2},{"damage":37,"enemies":"Gremlin Gang","floor":9,"turns":3},{"damage":7,"enemies":"2 Fungi Beasts","floor":11,"turns":3},{"damage":0,"enemies":"Lagavulin","floor":12,"turns":4},{"damage":0,"enemies":"Large Slime","floor":13,"turns":4},{"damage":0,"enemies":"Blue Slaver","floor":15,"turns":3},{"damage":26,"enemies":"downfall:Ironclad","floor":16,"turns":9},{"damage":4,"enemies":"3 Byrds","floor":19,"turns":4},{"damage":46,"enemies":"Masked Bandits","floor":20,"turns":6},{"damage":30,"enemies":"Masked Bandits","floor":21,"turns":5},{"damage":19,"enemies":"Centurion and Healer","floor":22,"turns":8},{"damage":0,"enemies":"downfall:FleeingMerchant","floor":23,"turns":4},{"damage":21,"enemies":"Book of Stabbing","floor":25,"turns":5},{"damage":0,"enemies":"Snake Plant","floor":26,"turns":3},{"damage":0,"enemies":"Chosen and Byrds","floor":30,"turns":2},{"damage":14,"enemies":"Sentry and Sphere","floor":32,"turns":4},{"damage":16,"enemies":"downfall:Defect","floor":33,"turns":6},{"damage":0,"enemies":"Orb Walker","floor":36,"turns":3},{"damage":14,"enemies":"3 Shapes","floor":37,"turns":4},{"damage":0,"enemies":"downfall:FleeingMerchant","floor":38,"turns":4},{"damage":16,"enemies":"Sphere and 2 Shapes","floor":39,"turns":3},{"damage":46,"enemies":"Giant Head","floor":40,"turns":8},{"damage":54,"enemies":"Reptomancer","floor":43,"turns":5},{"damage":0,"enemies":"downfall:FleeingMerchant","floor":44,"turns":2},{"damage":13,"enemies":"4 Shapes","floor":45,"turns":3},{"damage":48,"enemies":"Transient","floor":46,"turns":5},{"damage":0,"enemies":"Sphere and 2 Shapes","floor":48,"turns":4},{"damage":0,"enemies":"Maw","floor":49,"turns":6},{"damage":0,"enemies":"downfall:Watcher","floor":50,"turns":7},{"damage":37,"enemies":"downfall:CharBossMerchant","floor":52,"turns":8},{"damage":342,"enemies":"downfall:NeowBoss","floor":55,"turns":30}],"seed_played":"6264963846157919232","potions_obtained":[{"floor":4,"key":"GamblersBrew"},{"floor":4,"key":"DuplicationPotion"},{"floor":5,"key":"Weak Potion"},{"floor":9,"key":"Fruit Juice"},{"floor":11,"key":"SmokeBomb"},{"floor":12,"key":"SkillPotion"},{"floor":15,"key":"Weak Potion"},{"floor":19,"key":"Fire Potion"},{"floor":19,"key":"Regen Potion"},{"floor":20,"key":"champ:CounterPotion"},{"floor":21,"key":"champ:CounterPotion"},{"floor":30,"key":"FearPotion"},{"floor":32,"key":"Fire Potion"},{"floor":39,"key":"BlessingOfTheForge"},{"floor":40,"key":"Fire Potion"},{"floor":43,"key":"EssenceOfSteel"},{"floor":45,"key":"Explosive Potion"},{"floor":46,"key":"Fire Potion"},{"floor":48,"key":"BlessingOfTheForge"},{"floor":52,"key":"LiquidMemories"}],"is_trial":false,"path_per_floor":["R","M","T","M","M","R","T","?","M","R","M","E","M","?","M","B",null,"R","M","?","?","M","$","T","E","M","R","?","R","M","?","M","B",null,"R","M","M","$","M","E","T","R","E","$","M","M","R","M","M","B",null,"E","$","R","B",null],"character_chosen":"THE_SPIRIT","items_purchased":["ClockworkSouvenir","hexamod:PhantomFireball","hexamod:UnleashSpirits","Orrery","hexamod:FlamesFromBeyond","hexamod:ChargedBarrage","War Paint","HornCleat","PowerPotion","Blind"],"campfire_rested":2,"item_purchase_floors":[23,23,38,38,44,44,44,53,53,53],"current_hp_per_floor":[1000,1000,1000,985,985,995,995,995,963,963,963,970,977,977,984,965,1015,1015,1011,965,935,1021,1021,1021,1000,1000,1000,1000,1000,1000,1000,986,985,1025,1025,1025,1011,1011,995,949,949,949,895,895,882,834,1025,1025,1025,1025,1025,988,988,1025,683],"gold":2762,"neow_bonus":"ONE_RANDOM_RARE_CARD","is_daily":false,"chose_seed":false,"campfire_upgraded":7,"win_rate":0.0,"timestamp":1610552343,"path_taken":["R","M","?","M","M","R","T","?","M","R","M","E","M","?","M","BOSS","R","M","?","?","M","$","T","E","?","R","?","R","?","?","M","BOSS","R","M","M","$","M","E","T","R","E","$","M","M","R","?","M","BOSS","E","$","R","BOSS"],"items_purchased_type":["Relic","Card","Card","Relic","Card","Card","Relic","Relic","Potion","Card"],"build_version":"2020-12-22","purchased_purges":1,"victory":true,"max_hp_per_floor":[1000,1000,1000,1000,1000,1010,1010,1010,1015,1015,1015,1015,1015,1015,1015,1015,1015,1015,1015,1015,1015,1025,1025,1025,1025,1025,1025,1025,1025,1025,1025,1025,1025,1025,1025,1025,1025,1025,1025,1025,1025,1025,1025,1025,1025,1025,1025,1025,1025,1025,1025,1025,1025,1025,1025],"card_choices":[{"not_picked":["hexamod:BacktrackSmack","hexamod:Firestarter"],"picked":"hexamod:FourthSeal","floor":2},{"not_picked":["hexamod:SpectersWail","hexamod:BurningTouch"],"picked":"hexamod:SoulSteal","floor":4},{"not_picked":["hexamod:ShieldOfDarkness","hexamod:SpectralSpark"],"picked":"hexamod:EmpoweringStance","floor":5},{"not_picked":["hexamod:Hexaguard","hexamod:AdvancingGuard"],"picked":"hexamod:FirstSeal","floor":9},{"not_picked":["hexamod:RainOfEmbers","hexamod:SpectralSpark"],"picked":"hexamod:Hexaguard","floor":11},{"not_picked":["hexamod:RainOfEmbers","hexamod:RecurringNightmare"],"picked":"hexamod:DynamicBlow","floor":12},{"not_picked":["hexamod:Incineration","hexamod:InspiringFlames"],"picked":"hexamod:SecondSeal","floor":13},{"not_picked":["hexamod:BurningTouch","hexamod:BacktrackSmack"],"picked":"hexamod:FlamesFromBeyond","floor":15},{"not_picked":["hexamod:NecessarySacrifice","hexamod:NightmareStrike","hexamod:RainOfEmbers"],"picked":"SKIP","floor":15},{"not_picked":["hexamod:TurnItUp","hexamod:Toasty"],"picked":"hexamod:FifthSeal","floor":16},{"not_picked":["hexamod:TimeWarp","hexamod:GhostflameInferno"],"picked":"hexamod:TimeOfNeed","floor":16},{"not_picked":["hexamod:ShieldOfDarkness","hexamod:GhostLash+1"],"picked":"hexamod:HauntingEcho","floor":19},{"not_picked":["hexamod:FourthSeal","hexamod:ThirdSeal"],"picked":"hexamod:SixthSeal","floor":19},{"not_picked":["hexamod:GhostflameBarrier","hexamod:ThermalTransfer+1","hexamod:BacktrackSmack"],"picked":"SKIP","floor":19},{"not_picked":["hexamod:RainOfEmbers","hexamod:NecessarySacrifice+1"],"picked":"hexamod:BurningTouch","floor":20},{"not_picked":["hexamod:AdvancingGuard","hexamod:HauntingEcho"],"picked":"hexamod:FastForward+1","floor":20},{"not_picked":["hexamod:SpectersWail","hexamod:TurnItUp"],"picked":"hexamod:ExtraCrispy","floor":22},{"not_picked":["hexamod:GhostShield","hexamod:HauntingEcho","hexamod:NightmareGuise"],"picked":"SKIP","floor":23},{"not_picked":["hexamod:AdvancingGuard","hexamod:RainOfEmbers","hexamod:PhantomFireball"],"picked":"SKIP","floor":25},{"not_picked":["hexamod:ShieldOfDarkness","hexamod:BurningTouch"],"picked":"hexamod:Firestarter","floor":26},{"not_picked":["hexamod:ThirdSeal","hexamod:Firestarter+1","hexamod:NightmareGuise+1"],"picked":"SKIP","floor":30},{"not_picked":["hexamod:ShieldOfDarkness","hexamod:PhantomCloak+1"],"picked":"hexamod:GhostLash+1","floor":32},{"not_picked":["hexamod:UnleashSpirits","hexamod:WildfireWeapon"],"picked":"hexamod:UnlimitedPower","floor":33},{"not_picked":["hexamod:Firestarter","hexamod:Haunt"],"picked":"hexamod:StepThrough","floor":36},{"not_picked":["hexamod:ThermalTransfer","hexamod:Haunt+1","hexamod:SwordOfDarkness"],"picked":"SKIP","floor":37},{"not_picked":["hexamod:SpectralSpark","hexamod:FourthSeal"],"picked":"hexamod:SoulSteal+1","floor":38},{"not_picked":["hexamod:CatchUp+1","hexamod:ThirdSeal"],"picked":"hexamod:TimeOfNeed","floor":39},{"not_picked":["hexamod:ThermalTransfer+1","hexamod:GhostflameBarrier","hexamod:HauntingEcho+1"],"picked":"SKIP","floor":40},{"not_picked":["hexamod:GhostflameInferno","hexamod:StepThrough+1","hexamod:GhostOfSpirePast+1"],"picked":"SKIP","floor":43},{"not_picked":["hexamod:SpectersWail+1","hexamod:Rewind"],"picked":"hexamod:RadiantFlame","floor":44},{"not_picked":["hexamod:HauntingEcho+1","hexamod:Rewind+1","hexamod:CatchUp"],"picked":"SKIP","floor":45},{"not_picked":["hexamod:BacktrackSmack","hexamod:Firestarter+1","hexamod:AdvancingGuard+1"],"picked":"SKIP","floor":46},{"not_picked":["hexamod:FastForward+1","hexamod:Rewind+1","hexamod:ThermalTransfer+1"],"picked":"SKIP","floor":48},{"not_picked":["hexamod:RecurringNightmare+1","hexamod:Firestarter+1","hexamod:Hexaguard+1"],"picked":"SKIP","floor":49},{"not_picked":["hexamod:GhostShield","hexamod:Firestarter+1","hexamod:InspiringFlames"],"picked":"SKIP","floor":52}],"player_experience":417965,"relics_obtained":[{"floor":7,"key":"Vajra"},{"floor":12,"key":"Pen Nib"},{"floor":12,"key":"Orichalcum"},{"floor":20,"key":"Red Mask"},{"floor":21,"key":"downfall:GremlinWheel"},{"floor":24,"key":"FossilizedHelix"},{"floor":25,"key":"Mercury Hourglass"},{"floor":25,"key":"Dream Catcher"},{"floor":40,"key":"Bottled Lightning"},{"floor":43,"key":"MawBank"},{"floor":43,"key":"Bottled Flame"},{"floor":52,"key":"TungstenRod"},{"floor":52,"key":"Kunai"}],"event_choices":[{"damage_healed":0,"gold_gain":0,"player_choice":"Fought Bandits","damage_taken":0,"max_hp_gain":0,"max_hp_loss":0,"event_name":"Masked Bandits","floor":20,"gold_loss":0},{"damage_healed":0,"gold_gain":0,"player_choice":"Ignored","damage_taken":0,"max_hp_gain":0,"max_hp_loss":0,"event_name":"Duplicator","floor":28,"gold_loss":0},{"damage_healed":0,"gold_gain":0,"player_choice":"Trade","damage_taken":0,"relics_obtained":["NlothsMask"],"max_hp_gain":0,"max_hp_loss":0,"event_name":"FaceTrader","floor":31,"gold_loss":0}],"is_beta":false,"boss_relics":[{"not_picked":["Sozu","Astrolabe","Runic Pyramid"]},{"not_picked":["Tiny House","Fusion Hammer"],"picked":"SlaversCollar"}],"items_purged_floors":[38],"is_endless":false,"potions_floor_spawned":[4,5,11,16,19,21,30,32,39,40,43,45,46,48,52],"ascension_level":0}}