{"host":"ft2xazkv7v30fddt","time":1610554467,"event":{"mods":["AchievementEnabler","Act Like it!","Aspiration","Astrologer","Bard","BaseMod","Better Altar","Better Match","Better Note","Better Sensory Stone","Better Skull","CapriCore","Chen","Colored Powertips","Downfall","Energized Spire","Gensokyo","GifTheSpireLib","Gremlin Mod","Hermit","Hubris","Infinite Spire","KinomotoSakuraMod(????)","Koishi","Marisa????????","Minty Spire (QoL Compilation)","Pale of the Ancients","Permanent Neow","Potionbrewer","Prisma Mod","Replay The Spire","StSLib","Stuff the Spire","The Blackbeard","The Bladedancer","The Construct","The Cursed","The Forsaken","The Gatherer","The Hayseed","The Immortal","The Runesmith","The Servant 0.9.4","The Showman","The Vixen","TheArtist","TheSwordswoman","Wandering Minibosses","thorton","vexMod"],"gold_per_floor":[14,14,30,45,45,45,95,20,44,62,62,85,85,124,124,227,227,246,246,246,272,272,303,303,340,394,435,435,486,522,533,533],"floor_reached":31,"language":"ENG","playtime":1748,"items_purged":["Looming Evil","hubris:Compulsion","TheSimpletonMod:Spoilage","Gensokyo:ImpossibleRequest"],"score":408,"play_id":"b2b69ea7-238d-405b-8b0f-af356ca81eb4","local_time":"20210114001427","is_ascension_mode":true,"campfire_choices":[{"data":"astrologer:CosmicExpanse","floor":6,"key":"SMITH"},{"floor":11,"key":"REST"},{"data":"astrologer:NorthStar","floor":13,"key":"SMITH"},{"data":"astrologer:TheStar","floor":15,"key":"SMITH"},{"floor":24,"key":"REST"},{"floor":28,"key":"REST"}],"circlet_count":0,"master_deck":["astrologer:Strike","astrologer:Strike","astrologer:Strike","astrologer:Strike","astrologer:Defend","astrologer:Defend","astrologer:Defend","astrologer:Defend","astrologer:NorthStar+1","astrologer:TheFool+1","astrologer:Starfield","astrologer:Stardust","astrologer:Sunrise","astrologer:CosmicExpanse+1","astrologer:Novile+1","astrologer:StarOfCourage+1","astrologer:SpaceDust+1","astrologer:TheStar+1","astrologer:TheWorld+1","Gensokyo:ImpossibleRequest","theForsaken:PlagueCurse","astrologer:Prestidigitation+1","Shame","astrologer:Death+1","Writhe","astrologer:TheEmperor+1"],"relics":["astrologer:SkyMirror","Ring of Greed","Golden Egg","Replay:Bandana","Ring of Panic","Centennial Puzzle","Vajra","Replay:Ancient Bell","Simple Rune","Darkstone Periapt","Turnip","Blue Doll","Sozu","CaptainsWheel","vexMod:ConsolationPrize","Bag of Marbles"],"acts_visited":["Gensokyo:Gensokyo","Gensokyo:Gensokyoer"],"potions_floor_usage":[16,18,23,23],"damage_taken":[{"damage":4,"enemies":"Gensokyo:Gryphon","floor":1,"turns":4},{"damage":0,"enemies":"Gensokyo:2_Kodama","floor":3,"turns":3},{"damage":3,"enemies":"Gensokyo:Python","floor":4,"turns":5},{"damage":3,"enemies":"Gensokyo:VengefulSpirit","floor":10,"turns":5},{"damage":3,"enemies":"Gensokyo:Gryphon_and_Rabbit","floor":12,"turns":5},{"damage":5,"enemies":"Gensokyo:Mamizou","floor":14,"turns":7},{"damage":11,"enemies":"Gensokyo:Kokoro","floor":16,"turns":7},{"damage":14,"enemies":"Gensokyo:3_Dogs","floor":18,"turns":6},{"damage":15,"enemies":"Gensokyo:AngelMirror","floor":21,"turns":5},{"damage":21,"enemies":"Gensokyo:Tenshi","floor":23,"turns":5},{"damage":20,"enemies":"Gensokyo:Swordslinger","floor":25,"turns":4},{"damage":12,"enemies":"Gensokyo:Wraith","floor":27,"turns":4},{"damage":22,"enemies":"Gensokyo:Monolith_and_Dog","floor":29,"turns":6},{"damage":16,"enemies":"Gensokyo:Swordslinger","floor":30,"turns":5},{"damage":24,"enemies":"Gensokyo:Reisen","floor":31,"turns":2}],"seed_played":"5874776969702993889","potions_obtained":[{"floor":3,"key":"potionbrewer:EndurancePotion"},{"floor":10,"key":"potionbrewer:HastePotion"},{"floor":12,"key":"potionbrewer:StunPotion"},{"floor":16,"key":"BlessingOfTheForge"},{"floor":18,"key":"potionbrewer:DiscountPotion"}],"is_trial":false,"path_per_floor":["M","?","M","M","?","R","?","?","T","M","R","M","R","E","R","B",null,"M","$","AVR","M","?","E","R","M","T","M","R","M","M","E"],"character_chosen":"ASTROLOGER","items_purchased":["Blue Doll"],"campfire_rested":3,"item_purchase_floors":[19],"current_hp_per_floor":[59,32,32,29,29,29,29,29,29,26,47,44,44,39,39,28,78,64,33,33,24,30,9,39,19,19,13,44,22,6,0,0],"gold":533,"neow_bonus":"THREE_RARE_CARDS","is_daily":false,"chose_seed":false,"campfire_upgraded":3,"win_rate":0.0,"timestamp":1610554467,"path_taken":["M","?","?","M","?","R","?","?","T","M","R","M","R","E","R","BOSS","M","?","AVR","M","?","E","R","M","T","?","R","?","?","E"],"items_purchased_type":["Relic"],"build_version":"2020-12-22","purchased_purges":4,"victory":false,"max_hp_per_floor":[70,70,70,70,70,70,70,70,70,70,70,70,70,70,70,70,88,88,88,88,94,100,100,100,100,100,106,106,106,106,106,106],"card_choices":[{"not_picked":["astrologer:HeatDeath","astrologer:Death"],"picked":"astrologer:Starfield","floor":0},{"not_picked":["astrologer:Eclipse","astrologer:ReadTheStars"],"picked":"astrologer:Stardust","floor":1},{"not_picked":["astrologer:NeutronStar","astrologer:ReadTheStars"],"picked":"astrologer:Sunrise","floor":3},{"not_picked":["astrologer:StarOfRegret","astrologer:FadingStar"],"picked":"astrologer:CosmicExpanse","floor":4},{"not_picked":["astrologer:Strength+1","astrologer:Temperance+1"],"picked":"astrologer:StarOfCourage+1","floor":8},{"not_picked":["astrologer:Eclipse+1","astrologer:Still+1"],"picked":"astrologer:SpaceDust+1","floor":8},{"not_picked":["astrologer:TheDevil","astrologer:Stardust","astrologer:Glimpse"],"picked":"SKIP","floor":10},{"not_picked":["astrologer:Fireball","astrologer:Eclipse","astrologer:Stardust"],"picked":"SKIP","floor":12},{"not_picked":["astrologer:WheelofFortune","astrologer:SolarFlare"],"picked":"astrologer:TheStar","floor":14},{"not_picked":["astrologer:RejectReality","astrologer:WheelofFortune"],"picked":"astrologer:TheWorld","floor":16},{"not_picked":["hubris:Gluttony","Doubt"],"picked":"Gensokyo:ImpossibleRequest","floor":17},{"not_picked":["ReplayTheSpireMod:Doomed","ReplayTheSpireMod:Restless Dread"],"picked":"Gensokyo:ImpossibleRequest","floor":17},{"not_picked":["ReplayTheSpireMod:Restless Dread","infinitespire:Pacifist"],"picked":"TheSimpletonMod:Spoilage","floor":17},{"not_picked":["astrologer:TheLovers","astrologer:Fireball","astrologer:Moonlight"],"picked":"SKIP","floor":18},{"not_picked":["astrologer:TheStar","astrologer:SolarFlare+1"],"picked":"astrologer:Prestidigitation","floor":21},{"not_picked":["astrologer:CometStrike","astrologer:TheHierophant"],"picked":"astrologer:Death","floor":23},{"not_picked":["astrologer:TheEmpress+1","astrologer:ReadTheStars","astrologer:Opposition"],"picked":"SKIP","floor":25},{"not_picked":["astrologer:ShootingStar","astrologer:SolarFlare"],"picked":"astrologer:TheEmperor+1","floor":27},{"not_picked":["astrologer:Strength","astrologer:SolarFlare","astrologer:TheHangedMan"],"picked":"SKIP","floor":29},{"not_picked":["astrologer:FrozenStar+1","astrologer:TheDevil","astrologer:Still"],"picked":"SKIP","floor":30}],"player_experience":1677717,"relics_obtained":[{"floor":7,"key":"Ring of Greed"},{"floor":7,"key":"Golden Egg"},{"floor":7,"key":"Replay:Bandana"},{"floor":7,"key":"Ring of Panic"},{"floor":9,"key":"Centennial Puzzle"},{"floor":14,"key":"Vajra"},{"floor":23,"key":"vexMod:ConsolationPrize"},{"floor":26,"key":"Bag of Marbles"}],"event_choices":[{"damage_healed":0,"gold_gain":0,"player_choice":"UP UP ","damage_taken":31,"relics_obtained":[],"max_hp_gain":0,"max_hp_loss":0,"event_name":"betterSkull:BetterSkull","floor":2,"gold_loss":0,"cards_upgraded":["astrologer:Defend","astrologer:Defend"]},{"damage_healed":0,"gold_gain":0,"player_choice":"2","damage_taken":0,"max_hp_gain":0,"max_hp_loss":0,"event_name":"betterMatch:BetterMatch","floor":8,"gold_loss":0,"cards_obtained":["betterMatch:UncommonCard","betterMatch:CommonCard"]}],"is_beta":false,"boss_relics":[{"not_picked":["Pandora\u0027s Box","vexMod:TanglingVine"],"picked":"Replay:Ancient Bell"},{"not_picked":["War Paint","hubris:SlimyHat"],"picked":"Simple Rune"},{"not_picked":["Runesmith:Nanobots","Replay:Accelerometer"],"picked":"Darkstone Periapt"},{"not_picked":["hubris:BundleOfHerbs","infinitespire:Magic Flask"],"picked":"Turnip"}],"items_purged_floors":[19,19,19,20],"is_endless":false,"potions_floor_spawned":[3,10,12,16,18,25,29],"killed_by":"Gensokyo:Reisen","ascension_level":6}}