{"host":"6h0diz2ap0m56grs","time":1610506038,"event":{"mods":["2.2 Compatiblity","BaseMod","Colored Map","Marisa????????","Minty Spire (QoL Compilation)","Quick Restart","Replay The Spire","Shop Mod","StSLib","The Servant 0.9.4"],"gold_per_floor":[115,128,143,143,143,174,200,200,200,226,226,226,132,165,165,265,265,278,278,278,292,292,326,359,70,70,101,126,161,195,47,47,143,143,163,216,216,71,71,101,130,155,181,181,207,241,253,268,268,268],"floor_reached":51,"language":"ENG","playtime":1489,"items_purged":[],"score":1464,"play_id":"7600d0ad-93dc-428a-b804-b27eea8f9ac9","local_time":"20210112204718","daily_mods":["SealedDeck","Heirloom","Time Dilation","Flight"],"is_ascension_mode":true,"campfire_choices":[{"data":"OortCloud","floor":8,"key":"SMITH"},{"data":"MilkyWay","floor":12,"key":"SMITH"},{"data":"MilkyWay","floor":15,"key":"SMITH"},{"data":"DarkMatter","floor":32,"key":"SMITH"},{"data":"SprinkleStarSeal","floor":44,"key":"SMITH"},{"data":"GasGiant","floor":49,"key":"SMITH"}],"circlet_count":0,"master_deck":["LuminesStrike","MilkyWay+1","GalacticHalo+1","OortCloud+1","SuperPerseids+1","MeteoricShower+1","WitchLeyline+1","WitchLeyline+1","MeteoricShower","WitchLeyline+1","MilkyWay+1","WitchLeyline+1","OortCloud+1","DarkMatter+1","SprinkleStarSeal+1","Parasite","GasGiant+1","WitchLeyline+1"],"relics":["replay:Trail_Library","m_TsuchinokoRing","AmplifyWand","Calipers","MerchantsRug","Bronze Scales","Runic Dome","MealTicket","Prayer Wheel","Chemical X","PreservedInsect","Turnip","StoneCalendar","Replay:Wax Seal","Gambling Chip","Pocketwatch","Guide Book","Abe\u0027s Treasure","CatCart","Membership Card","Art of War","War Paint","ShroomBag","Juzu Bracelet","Anchor","Replay:Bottled Eggs"],"acts_visited":["Exordium","TheCity","TheBeyond"],"potions_floor_usage":[50,50,50,50,50,50,50,50],"damage_taken":[{"damage":0,"enemies":"Cultist","floor":1,"turns":3},{"damage":0,"enemies":"2 Louse","floor":2,"turns":2},{"damage":0,"enemies":"Jaw Worm","floor":3,"turns":1},{"damage":0,"enemies":"Lagavulin","floor":6,"turns":2},{"damage":0,"enemies":"3 Sentries","floor":7,"turns":4},{"damage":0,"enemies":"Gremlin Nob","floor":10,"turns":1},{"damage":0,"enemies":"Lagavulin","floor":14,"turns":2},{"damage":0,"enemies":"The Guardian","floor":16,"turns":6},{"damage":0,"enemies":"Shell Parasite","floor":18,"turns":1},{"damage":0,"enemies":"2 Thieves","floor":21,"turns":1},{"damage":0,"enemies":"Slavers","floor":23,"turns":4},{"damage":0,"enemies":"Book of Stabbing","floor":24,"turns":3},{"damage":0,"enemies":"Slavers","floor":27,"turns":2},{"damage":0,"enemies":"Book of Stabbing","floor":28,"turns":4},{"damage":0,"enemies":"Replay:Snechameleon","floor":29,"turns":3},{"damage":0,"enemies":"Gremlin Leader","floor":30,"turns":1},{"damage":0,"enemies":"Collector","floor":33,"turns":4},{"damage":0,"enemies":"3 Shapes","floor":35,"turns":1},{"damage":0,"enemies":"Orin","floor":36,"turns":7},{"damage":0,"enemies":"R_Hoarder","floor":40,"turns":2},{"damage":0,"enemies":"Nemesis","floor":41,"turns":1},{"damage":0,"enemies":"R_Hoarder","floor":42,"turns":2},{"damage":0,"enemies":"Nemesis","floor":45,"turns":1},{"damage":0,"enemies":"R_Hoarder","floor":46,"turns":3},{"damage":0,"enemies":"3 Darklings","floor":48,"turns":1},{"damage":0,"enemies":"Replay:Hell Engine","floor":50,"turns":5}],"seed_played":"6840554897365371223","potions_obtained":[{"floor":2,"key":"Fire Potion"},{"floor":3,"key":"Ancient Potion"},{"floor":6,"key":"FearPotion"},{"floor":16,"key":"EntropicBrew"},{"floor":28,"key":"CultistPotion"}],"is_trial":true,"path_per_floor":["M","M","M","?","$","E","E","R","T","E","?","R","$","E","R","B",null,"M","?","?","M","?","E","E","$","T","E","E","E","E","$","R","B",null,"M","?","?","$","?","E","E","E","T","R","E","E","$","M","R","B",null],"character_chosen":"MARISA","items_purchased":["MerchantsRug","Chemical X","PreservedInsect","Guide Book","Membership Card","EntropicBrew"],"campfire_rested":0,"item_purchase_floors":[13,25,25,31,38,47],"current_hp_per_floor":[89,89,89,89,89,89,89,89,89,89,89,89,89,89,89,89,89,89,72,72,72,72,72,72,87,87,87,87,87,87,94,94,94,94,94,94,94,94,94,94,94,94,94,94,94,94,94,94,94,94],"gold":268,"neow_bonus":"","is_daily":false,"chose_seed":false,"campfire_upgraded":6,"win_rate":0.0,"timestamp":1610506038,"path_taken":["M","M","M","?","$","E","E","R","T","E","?","R","$","E","R","BOSS","M","?","?","?","?","E","E","$","T","E","E","E","E","?","R","BOSS","M","?","?","$","?","E","E","E","T","R","E","E","$","M","R","BOSS"],"items_purchased_type":["Relic","Relic","Relic","Relic","Relic","Potion"],"build_version":"2020-12-22","purchased_purges":0,"victory":true,"max_hp_per_floor":[89,89,89,89,89,89,89,89,89,89,89,89,89,89,89,89,89,89,94,94,94,94,94,94,94,94,94,94,94,94,94,94,94,94,94,94,94,94,94,94,94,94,94,94,94,94,94,94,94,94],"card_choices":[{"not_picked":["GrandCross","Acceleration","DoubleSpark"],"picked":"SKIP","floor":1},{"not_picked":["GalacticHalo","IllusionStar"],"picked":"WitchLeyline","floor":2},{"not_picked":["DoubleSpark","ShootingEcho","MillisecondPulsars"],"picked":"SKIP","floor":3},{"not_picked":["UnstableBomb","MilkyWay","NonDirectionalLaser"],"picked":"SKIP","floor":6},{"not_picked":["DC","CasketOfStar","BigCrunch"],"picked":"SKIP","floor":7},{"not_picked":["ChargeUpSpray","IllusionStar","Finisher"],"picked":"SKIP","floor":10},{"not_picked":["Outmaneuver","StarlightTyphoon"],"picked":"WitchLeyline","floor":14},{"not_picked":["Occultation","StarBarrage+1","IllusionStar+1"],"picked":"SKIP","floor":18},{"not_picked":["ShootingEcho","OortCloud","GrandCross"],"picked":"SKIP","floor":21},{"not_picked":["ChargingUp","PowerUp","GravityBeat"],"picked":"SKIP","floor":23},{"not_picked":["Acceleration","UnstableBomb","DoubleSpark+1"],"picked":"SKIP","floor":24},{"not_picked":["DragonMeteor","TreasureHunter","UnstableBomb+1"],"picked":"SKIP","floor":27},{"not_picked":["MilkyWay","MagicChant","WitchLeyline"],"picked":"SKIP","floor":28},{"not_picked":["MilkyWay","WitchOfGreed+1","DragonMeteor"],"picked":"SKIP","floor":29},{"not_picked":["NonDirectionalLaser","ManaConvection+1","GalacticHalo+1"],"picked":"SKIP","floor":30},{"not_picked":["MysteriousBeam","SporeBomb","AsteroidBelt+1"],"picked":"SKIP","floor":35},{"not_picked":["MilkyWay","SuperPerseids+1","OneTimeOff"],"picked":"SKIP","floor":35},{"not_picked":["StarlightTyphoon","SporeBomb","DarkMatter"],"picked":"SKIP","floor":40},{"not_picked":["OrrerysSun+1","MilkyWay+1"],"picked":"SprinkleStarSeal","floor":41},{"not_picked":["SporeBomb","DoubleSpark","MaximisePower"],"picked":"SKIP","floor":42},{"not_picked":["UnstableBomb","MagicChant","PulseMagic"],"picked":"SKIP","floor":45},{"not_picked":["EnergyRecoil+1","FairyDestructionRay","UnstableBomb"],"picked":"SKIP","floor":46},{"not_picked":["EnergyRecoil+1","FairyDestructionRay","UnstableBomb"],"picked":"SKIP","floor":46},{"not_picked":["EventHorizon+1","GravityBeat"],"picked":"WitchLeyline+1","floor":48},{"not_picked":["BlazeAway+1","StarBarrage","ShootTheMoon"],"picked":"SKIP","floor":48}],"player_experience":186983,"relics_obtained":[{"floor":6,"key":"Regal Pillow"},{"floor":7,"key":"AmplifyWand"},{"floor":9,"key":"Omamori"},{"floor":10,"key":"Calipers"},{"floor":14,"key":"Bronze Scales"},{"floor":23,"key":"MealTicket"},{"floor":24,"key":"Prayer Wheel"},{"floor":26,"key":"Turnip"},{"floor":27,"key":"StoneCalendar"},{"floor":28,"key":"Replay:Wax Seal"},{"floor":29,"key":"Gambling Chip"},{"floor":30,"key":"Pocketwatch"},{"floor":36,"key":"CatCart"},{"floor":40,"key":"Art of War"},{"floor":41,"key":"War Paint"},{"floor":42,"key":"ShroomBag"},{"floor":43,"key":"Juzu Bracelet"},{"floor":45,"key":"Anchor"},{"floor":46,"key":"Replay:Bottled Eggs"}],"event_choices":[{"damage_healed":0,"gold_gain":0,"player_choice":"Shed Blood","damage_taken":22,"max_hp_gain":5,"max_hp_loss":0,"event_name":"Forgotten Altar","floor":19,"gold_loss":0},{"damage_healed":0,"gold_gain":0,"player_choice":"Copied","damage_taken":0,"max_hp_gain":0,"max_hp_loss":0,"event_name":"Duplicator","floor":20,"gold_loss":0,"cards_obtained":["OortCloud"]},{"damage_healed":0,"gold_gain":0,"player_choice":"Read","damage_taken":0,"max_hp_gain":0,"max_hp_loss":0,"event_name":"The Library","floor":22,"gold_loss":0,"cards_obtained":["DarkMatter"]},{"damage_healed":0,"gold_gain":0,"player_choice":"Fight","damage_taken":0,"max_hp_gain":0,"max_hp_loss":0,"event_name":"OrinTheCat","floor":36,"gold_loss":0},{"cards_removed":["SuperPerseids"],"damage_healed":0,"gold_gain":0,"player_choice":"Removed Skill","damage_taken":0,"max_hp_gain":0,"max_hp_loss":0,"event_name":"Falling","floor":37,"gold_loss":0},{"cards_removed":["LuminesStrike"],"damage_healed":5,"gold_gain":0,"player_choice":"Offered Common","damage_taken":0,"max_hp_gain":0,"max_hp_loss":0,"event_name":"Bonfire Elementals","floor":39,"gold_loss":0},{"cards_removed":["LuminesStrike"],"damage_healed":5,"gold_gain":0,"player_choice":"Offered Special","damage_taken":0,"max_hp_gain":0,"max_hp_loss":0,"event_name":"Bonfire Elementals","floor":39,"gold_loss":0}],"is_beta":false,"boss_relics":[{"not_picked":["Tiny House","RampagingMagicTools"],"picked":"Runic Dome"},{"not_picked":["Empty Cage","SacredBark"],"picked":"Abe\u0027s Treasure"}],"items_purged_floors":[],"is_endless":false,"potions_floor_spawned":[2,3,6,7,16,24,28,35,36],"ascension_level":1}}