{"host":"v8fyz8q94mb7vc4s","time":1610549242,"event":{"mods":["100% Spire Juice","Act Like it!","BaseMod","Better Vampires","BetterRewards","CapriCore","Custom Start","Marisa（F雨　魔理沙）","Minty Spire (QoL Compilation)","MostiFishMod","Pale of the Ancients","Permanent Neow","Quick Restart","Remilia（蕾米莉亚）","Replay The Spire","RumiaBox-露米娅的神秘盒子","Shop Mod","Spicy Shops","StSLib","Td1madao Mod","The Servant 0.9.4","UnlockEverythingMod","Waifu the Spire","WarShipGirlsR/战舰少女R mod","Yakumo Yukari mod","noobMod","vexMod"],"gold_per_floor":[109,109,121,296,309,344,344,367,367,379,329,329,429,446,446,546,66,82,94,9,27,55,72,101,194,128,160,160,3,3,29,29,164,164,194,194,194,224,224],"floor_reached":38,"language":"ZHS","playtime":1687,"items_purged":[],"score":537,"play_id":"8c622033-b497-4e97-9fd7-109c70ee7833","local_time":"20210113224722","is_ascension_mode":false,"campfire_choices":[{"data":"Moonworks:BindingChains","floor":7,"key":"SMITH"},{"data":"Moonworks:MetallicMonocoque","floor":12,"key":"SMITH"},{"floor":15,"key":"RECALL"},{"floor":28,"key":"REST"},{"floor":30,"key":"REST"},{"floor":32,"key":"REST"}],"circlet_count":0,"master_deck":["Moonworks:Strike","Moonworks:Strike","Moonworks:Strike","Moonworks:Defend","Moonworks:Defend","Moonworks:Defend","Moonworks:Defend","Moonworks:Ambush+1","Moonworks:LongDistanceShot","Moonworks:FinalBattle+1","Moonworks:UnluckyCharm+1","Moonworks:BindingChains+1","Moonworks:DeployBits","Moonworks:EvilSpyWorkPreparation+1","Moonworks:CookingTime+1","Moonworks:MetallicMonocoque+1","Moonworks:JonathanRush","Moonworks:EvilMastermind","Moonworks:Flamethrower+1","Moonworks:x16BigRocket","Moonworks:CloudOfSeagulls","Moonworks:JonathanRush","Moonworks:RagingMadness","Moonworks:JonathanRush+1","Moonworks:EvilSpyWorkPreparation","Moonworks:EvilSpyWorkPreparation","Moonworks:IndiscriminateFireSupport","Moonworks:Gamble","Moonworks:IndiscriminateFireSupport"],"relics":["Moonworks:BrokenBomb","Moonworks:Homemark","DaveBox","ice","Technique","Odd Mushroom","GuanYuAspect","Tiny Chest","Red Mask","Smiling Mask","Omamori","Gremlin Food","Replay:Bandana","ExusiaiGun","DianDianMeat"],"acts_visited":["Exordium","TheCity","TheBeyond"],"potions_floor_usage":[18,23,35],"damage_taken":[{"damage":4,"enemies":"Small Slimes","floor":1,"turns":4},{"damage":6,"enemies":"Cultist","floor":3,"turns":3},{"damage":0,"enemies":"Jaw Worm","floor":5,"turns":2},{"damage":12,"enemies":"Replay:BlueRogue","floor":6,"turns":4},{"damage":29,"enemies":"The Mushroom Lair","floor":8,"turns":3},{"damage":3,"enemies":"2 Fungi Beasts","floor":10,"turns":4},{"damage":3,"enemies":"Looter","floor":14,"turns":2},{"damage":0,"enemies":"Fading Forest","floor":16,"turns":11},{"damage":16,"enemies":"3 Byrds","floor":18,"turns":4},{"damage":6,"enemies":"Chosen","floor":19,"turns":3},{"damage":4,"enemies":"Snecko","floor":21,"turns":6},{"damage":22,"enemies":"Masked Bandits","floor":22,"turns":5},{"damage":9,"enemies":"Chosen and Byrds","floor":23,"turns":5},{"damage":24,"enemies":"Replay:Snechameleon","floor":24,"turns":5},{"damage":65,"enemies":"Book of Stabbing","floor":27,"turns":5},{"damage":0,"enemies":"Snake Plant","floor":31,"turns":3},{"damage":19,"enemies":"Collector","floor":33,"turns":5},{"damage":46,"enemies":"3 Darklings","floor":35,"turns":3},{"damage":2966,"enemies":"3 Shapes","floor":38,"turns":2}],"seed_played":"-2934330517519546749","potions_obtained":[{"floor":5,"key":"FearPotion"},{"floor":8,"key":"AttackPotion"},{"floor":10,"key":"Fire Potion"},{"floor":19,"key":"Weak Potion"},{"floor":27,"key":"Reflective Coating"},{"floor":35,"key":"Fruit Juice"}],"is_trial":false,"path_per_floor":["M","?","M","?","M","E","R","?","T","M","?","R","?","M","R","B",null,"M","M","?","M","?","M","E","?","T","E","R","$","R","M","R","B",null,"M","?","T","M"],"character_chosen":"THE_STARBREAKER","items_purchased":["Replay:Bandana"],"campfire_rested":3,"item_purchase_floors":[29],"current_hp_per_floor":[56,56,50,50,50,38,38,60,60,57,57,57,57,57,57,60,36,28,43,43,52,49,58,58,30,30,19,31,31,43,54,66,71,83,43,43,43,0,0],"gold":224,"neow_bonus":"ONE_RANDOM_RARE_CARD","is_daily":false,"chose_seed":false,"campfire_upgraded":2,"win_rate":0.0,"timestamp":1610549242,"path_taken":["M","?","?","?","M","E","R","?","T","M","?","R","?","M","R","BOSS","M","?","?","M","?","M","E","?","T","E","R","$","R","M","R","BOSS","M","?","?","M"],"items_purchased_type":["Relic"],"build_version":"2020-12-22","purchased_purges":0,"victory":false,"max_hp_per_floor":[60,60,60,60,60,60,60,60,60,62,62,62,62,63,63,71,36,46,48,48,52,61,65,70,70,70,79,79,79,79,82,82,83,83,93,93,93,99,99],"card_choices":[{"not_picked":["Moonworks:LulusLuckyEgg","Moonworks:SakisCookie"],"picked":"Moonworks:UnluckyCharm","floor":1},{"not_picked":["Moonworks:BigMagnum","Moonworks:CloudOfSeagulls"],"picked":"Moonworks:BindingChains","floor":3},{"not_picked":["Moonworks:IndiscriminateFireSupport","Moonworks:Assault"],"picked":"Moonworks:DeployBits","floor":5},{"not_picked":["Moonworks:CloudOfSeagulls","Moonworks:Assault"],"picked":"Moonworks:EvilSpyWorkPreparation","floor":6},{"not_picked":["Moonworks:ScrambledEve","Moonworks:LuckyCharm"],"picked":"Moonworks:CookingTime","floor":8},{"not_picked":["Moonworks:DeployBits","Moonworks:CloudOfSeagulls"],"picked":"Moonworks:MetallicMonocoque","floor":10},{"not_picked":["Moonworks:SakisCookie","Moonworks:LulusLuckyEgg"],"picked":"Moonworks:JonathanRush","floor":14},{"not_picked":["Moonworks:FinalBattle","Moonworks:CrystalBarrier"],"picked":"Moonworks:EvilMastermind","floor":16},{"not_picked":["Moonworks:SealedMemories","Moonworks:EvilSpyWorkPreparation"],"picked":"Moonworks:Flamethrower+1","floor":18},{"not_picked":["Moonworks:UnpaidWork","Moonworks:ImOnFire+1"],"picked":"Moonworks:x16BigRocket","floor":19},{"not_picked":["Moonworks:DeployBits","Moonworks:Assault+1"],"picked":"Moonworks:CloudOfSeagulls","floor":21},{"not_picked":["Moonworks:BigMagnum","Moonworks:SakisCookie"],"picked":"Moonworks:JonathanRush","floor":22},{"not_picked":["Moonworks:NicePresent","Moonworks:Dinner"],"picked":"Moonworks:RagingMadness","floor":23},{"not_picked":["Moonworks:SelfDestruct","Moonworks:NicePresent"],"picked":"Moonworks:JonathanRush+1","floor":24},{"not_picked":["Moonworks:ImOnFire","Moonworks:SakisCookie"],"picked":"Moonworks:EvilSpyWorkPreparation","floor":25},{"not_picked":["Moonworks:RagingMadness+1","Moonworks:JonathanRush"],"picked":"Moonworks:EvilSpyWorkPreparation","floor":25},{"not_picked":["Moonworks:RedAndBlue","Moonworks:ImOnFire"],"picked":"Moonworks:IndiscriminateFireSupport","floor":27},{"not_picked":["Moonworks:Assault","Moonworks:BigMagnum","Moonworks:ImOnFire"],"picked":"SKIP","floor":31},{"not_picked":["Moonworks:OutOfAmmo","Moonworks:PlushieMaster"],"picked":"Moonworks:Gamble","floor":33},{"not_picked":["Moonworks:Dash+1","Moonworks:LulusLuckyEgg"],"picked":"Moonworks:IndiscriminateFireSupport","floor":35}],"player_experience":369465,"relics_obtained":[{"floor":8,"key":"Odd Mushroom"},{"floor":22,"key":"Red Mask"},{"floor":24,"key":"Smiling Mask"},{"floor":26,"key":"Omamori"},{"floor":27,"key":"Gremlin Food"},{"floor":37,"key":"DianDianMeat"}],"event_choices":[{"cards_removed":["Moonworks:Strike"],"damage_healed":0,"gold_gain":0,"player_choice":"Purged","damage_taken":0,"max_hp_gain":0,"max_hp_loss":0,"event_name":"Purifier","floor":2,"gold_loss":0},{"damage_healed":0,"gold_gain":175,"player_choice":"AGREE","damage_taken":0,"max_hp_gain":0,"max_hp_loss":0,"event_name":"Liars Game","floor":4,"gold_loss":0,"cards_obtained":["Doubt"]},{"damage_healed":0,"gold_gain":0,"player_choice":"Fought Mushrooms","damage_taken":0,"max_hp_gain":0,"max_hp_loss":0,"event_name":"Mushrooms","floor":8,"gold_loss":0},{"cards_removed":["Doubt"],"damage_healed":0,"gold_gain":0,"player_choice":"Card Removal","damage_taken":0,"max_hp_gain":0,"max_hp_loss":0,"event_name":"The Cleric","floor":11,"gold_loss":50},{"damage_healed":0,"gold_gain":100,"player_choice":"Pray","damage_taken":0,"max_hp_gain":0,"max_hp_loss":0,"event_name":"Golden Shrine","floor":13,"gold_loss":0},{"damage_healed":0,"gold_gain":0,"player_choice":"Obtained Relic","damage_taken":0,"relics_obtained":["Tiny Chest"],"max_hp_gain":0,"max_hp_loss":0,"event_name":"Addict","floor":20,"gold_loss":85},{"damage_healed":0,"gold_gain":0,"player_choice":"Fought Bandits","damage_taken":0,"max_hp_gain":0,"max_hp_loss":0,"event_name":"Masked Bandits","floor":22,"gold_loss":0}],"is_beta":false,"boss_relics":[{"not_picked":["FixedStarFall","vexMod:BigBerry"],"picked":"GuanYuAspect"},{"not_picked":["Honey Jar","xbg"],"picked":"ExusiaiGun"}],"items_purged_floors":[],"is_endless":false,"potions_floor_spawned":[5,8,10,16,19,21,27,31,33,35],"killed_by":"3 Shapes","ascension_level":0}}