{"host":"22s5scuj7mu87reg","time":1610565712,"event":{"mods":["BaseMod","Colored Powertips","Dota2Spire","Downfall","Duelist Mod","GungeonMod","Halation","Hubris","Koishi","KomeijiMod","Minty Spire (QoL Compilation)","Replay The Spire","StSLib","SuperFastMode","The Jungle","The Mystic","The Necromancer","Wandering Minibosses"],"gold_per_floor":[119,119,134,209,76,76,86,86,86,121,121,21,21,37,37,133,133,147,3,17,37,37,37,69,69,137,151,66,66,66,66,66,66,66],"floor_reached":33,"language":"POL","playtime":1738,"items_purged":["Strike_G+1","Strike_G"],"score":311,"play_id":"f3f7e2e4-ffed-46d8-8953-755eebdf4f7f","local_time":"20210113202152","is_ascension_mode":false,"campfire_choices":[{"floor":6,"key":"REST"},{"data":"Infinite Blades","floor":11,"key":"SMITH"},{"floor":15,"key":"REST"},{"floor":23,"key":"REST"},{"floor":29,"key":"REST"},{"floor":32,"key":"REST"}],"circlet_count":0,"master_deck":["Strike_G+1","Defend_G","Defend_G","Defend_G","Defend_G","Defend_G","Survivor+1","Neutralize","Cloak And Dagger","Acrobatics","Infinite Blades+1","Infinite Blades","Reflex","hubris:DuctTapeCard","Outmaneuver+1","Backflip","Venomology","Prepared","Cloak And Dagger","Amnesia"],"relics":["WristBlade","Dota2Spire:BattleFury","DemoMod:JetPack","hubris:DuctTape","DemoMod:SerJunkan","halation:Prosthetics","DemoMod:MonsterBlood","wanderingMiniBosses:AbyssPearl","DemoMod:Junk","War Paint"],"acts_visited":["Exordium","TheCity"],"potions_floor_usage":[18,20,20,20,20,21,24,27,27,33,33],"damage_taken":[{"damage":0,"enemies":"2 Louse","floor":1,"turns":4},{"damage":0,"enemies":"Small Slimes","floor":3,"turns":3},{"damage":0,"enemies":"Jaw Worm","floor":7,"turns":5},{"damage":4,"enemies":"Gremlin Nob","floor":10,"turns":4},{"damage":9,"enemies":"Red Slaver","floor":14,"turns":3},{"damage":0,"enemies":"Fading Forest","floor":16,"turns":11},{"damage":10,"enemies":"2 Thieves","floor":18,"turns":4},{"damage":13,"enemies":"Chosen","floor":20,"turns":7},{"damage":13,"enemies":"Snake Plant","floor":21,"turns":5},{"damage":16,"enemies":"Gremlin Leader","floor":24,"turns":6},{"damage":0,"enemies":"Snecko","floor":27,"turns":4},{"damage":36,"enemies":"Automaton","floor":33,"turns":6}],"seed_played":"-4519881449432432443","potions_obtained":[{"floor":1,"key":"Block Potion"},{"floor":14,"key":"CalmPotion"},{"floor":16,"key":"AttackPotion"},{"floor":18,"key":"Languid Potion"},{"floor":21,"key":"Milkshake"},{"floor":27,"key":"LifebloodPotion"}],"is_trial":false,"path_per_floor":["M","?","M","?","$","R","M","?","T","E","R","$","?","M","R","B",null,"M","$","M","M","?","R","E","?","T","M","?","R","?","$","R","B"],"character_chosen":"THE_SILENT","items_purchased":["Infinite Blades","DemoMod:MonsterBlood"],"campfire_rested":5,"item_purchase_floors":[5,19],"current_hp_per_floor":[70,56,56,45,45,66,66,59,59,55,55,55,55,46,67,67,35,25,32,19,6,6,18,2,2,2,2,2,14,14,14,26,0,0],"gold":66,"neow_bonus":"BOSS_RELIC","is_daily":false,"chose_seed":false,"campfire_upgraded":1,"win_rate":0.0,"timestamp":1610565712,"path_taken":["M","?","M","?","$","R","M","?","T","E","R","$","?","M","R","BOSS","M","$","M","M","?","R","E","?","T","M","?","R","?","?","R","BOSS"],"items_purchased_type":["Card","Relic"],"build_version":"2020-12-13","purchased_purges":2,"victory":false,"max_hp_per_floor":[70,70,70,70,70,70,70,70,70,70,70,70,70,70,70,70,35,35,42,42,42,42,42,42,42,42,42,42,42,42,42,42,42,42],"card_choices":[{"not_picked":["Underhanded Strike","hubris:Sniper"],"picked":"Cloak And Dagger","floor":1},{"not_picked":["Blur","Dash"],"picked":"Acrobatics","floor":3},{"not_picked":["Sneak Up","hubris:SlightOfHand"],"picked":"Reflex","floor":7},{"not_picked":["Heel Hook","Deadly Poison"],"picked":"Outmaneuver","floor":10},{"not_picked":["Hidden Blade","Skewer"],"picked":"Backflip","floor":14},{"not_picked":["Doppelganger","Poison Darts"],"picked":"Venomology","floor":16},{"not_picked":["Crippling Poison+1","Dagger Spray"],"picked":"Prepared","floor":18},{"not_picked":["Dagger Spray","Deadly Poison","hubris:Counter"],"picked":"SKIP","floor":20},{"not_picked":["Masterful Stab","Dagger Throw","ReplayTheSpireMod:Exploit Weakness"],"picked":"SKIP","floor":21},{"not_picked":["Reflex","Underhanded Strike"],"picked":"Cloak And Dagger","floor":24},{"not_picked":["Toxin Wave","Flechettes","Bane"],"picked":"SKIP","floor":27}],"player_experience":98551,"relics_obtained":[{"floor":9,"key":"DemoMod:JetPack"},{"floor":10,"key":"hubris:DuctTape"},{"floor":21,"key":"wanderingMiniBosses:AbyssPearl"},{"floor":24,"key":"DemoMod:Junk"},{"floor":26,"key":"DemoMod:Junk"}],"event_choices":[{"damage_healed":0,"gold_gain":0,"player_choice":"Entered Light","damage_taken":14,"max_hp_gain":0,"max_hp_loss":0,"event_name":"Shining Light","floor":2,"gold_loss":0,"cards_upgraded":["Strike_G","Strike_G"]},{"damage_healed":0,"gold_gain":75,"player_choice":"Gather Gold","damage_taken":11,"max_hp_gain":0,"max_hp_loss":0,"event_name":"World of Goop","floor":4,"gold_loss":0},{"damage_healed":0,"gold_gain":0,"player_choice":"Success","damage_taken":7,"relics_obtained":["Dota2Spire:BattleFury"],"max_hp_gain":0,"max_hp_loss":0,"event_name":"Scrap Ooze","floor":8,"gold_loss":0},{"damage_healed":0,"gold_gain":0,"player_choice":"Searched \u00271\u0027 times","damage_taken":0,"relics_obtained":["DemoMod:SerJunkan"],"max_hp_gain":0,"max_hp_loss":0,"event_name":"Dead Adventurer","floor":13,"gold_loss":0},{"damage_healed":0,"gold_gain":0,"player_choice":"Ignored","damage_taken":0,"max_hp_gain":0,"max_hp_loss":0,"event_name":"Ghosts","floor":22,"gold_loss":0},{"damage_healed":0,"gold_gain":0,"player_choice":"Obtained Relic","damage_taken":0,"relics_obtained":["War Paint"],"max_hp_gain":0,"max_hp_loss":0,"event_name":"Addict","floor":28,"gold_loss":85},{"damage_healed":0,"gold_gain":0,"player_choice":"Ignored","damage_taken":0,"max_hp_gain":0,"max_hp_loss":0,"event_name":"Vampires","floor":30,"gold_loss":0}],"is_beta":false,"boss_relics":[{"not_picked":["Runic Pyramid","hubris:VirtuousBlindfold"],"picked":"halation:Prosthetics"}],"items_purged_floors":[5,12],"is_endless":false,"potions_floor_spawned":[1,14,16,18,21,27],"killed_by":"Automaton","ascension_level":0}}