{"host":"mdbnki27vzqujy5q","time":1610516446,"event":{"mods":["BaseMod","Better Note","Better Skull","Colored Map","Colored Powertips","DeckTracker","Highlight Path","Minty Spire (QoL Compilation)","Quick Restart","Rare Cards Sparkle","StSLib"],"gold_per_floor":[111,125,136,154,154,189,213,239,239,273,273,273,303,71,71,167,167,180,190,190,190,390,419,419,35,59,72,104,118,137,162,162,262,312,329,629,629,649,649,649],"floor_reached":39,"language":"ENG","playtime":1967,"items_purged":["Strike_R","Defend_R"],"score":619,"play_id":"7c8f7288-7c31-4435-b3ec-5bc7d49c590a","local_time":"20210112214046","is_ascension_mode":true,"campfire_choices":[{"data":"Berserk","floor":12.0,"key":"SMITH"},{"data":"Heavy Blade","floor":15.0,"key":"SMITH"},{"data":"Barricade","floor":24.0,"key":"SMITH"},{"floor":32,"key":"REST"}],"circlet_count":0,"master_deck":["Strike_R","Strike_R","Strike_R","Strike_R","Defend_R","Defend_R","Bash","Clash","Inflame","Thunderclap","Shrug It Off","Heavy Blade+1","Inflame","Berserk+1","True Grit+1","Metallicize","Reaper","Blood for Blood","Armaments+1","Barricade+1","Reaper+1","Dark Embrace","Cleave+1","Infernal Blade+1","Burning Pact+1","Feel No Pain+1","Juggernaut","Rage+1","Body Slam","Anger"],"relics":["Burning Blood","PreservedInsect","Strawberry","Odd Mushroom","Sundial","Question Card","Toxic Egg 2","Omamori","Tiny Chest","Sozu","WarpedTongs","Boot","Kunai","Whetstone","Magic Flower","Tiny House","Old Coin"],"acts_visited":["Exordium","TheCity","TheBeyond"],"potions_floor_usage":[],"damage_taken":[{"damage":1.0,"enemies":"Cultist","floor":1.0,"turns":3.0},{"damage":0.0,"enemies":"Small Slimes","floor":2.0,"turns":3.0},{"damage":8.0,"enemies":"2 Louse","floor":3.0,"turns":2.0},{"damage":10.0,"enemies":"Exordium Wildlife","floor":4.0,"turns":3.0},{"damage":0.0,"enemies":"Gremlin Nob","floor":6.0,"turns":3.0},{"damage":22.0,"enemies":"The Mushroom Lair","floor":7.0,"turns":3.0},{"damage":8.0,"enemies":"3 Sentries","floor":8.0,"turns":5.0},{"damage":0.0,"enemies":"Lagavulin","floor":10.0,"turns":4.0},{"damage":2.0,"enemies":"Gremlin Nob","floor":13.0,"turns":3.0},{"damage":20.0,"enemies":"The Guardian","floor":16.0,"turns":8.0},{"damage":25.0,"enemies":"Chosen","floor":18.0,"turns":5.0},{"damage":25.0,"enemies":"3 Byrds","floor":19.0,"turns":4.0},{"damage":32.0,"enemies":"Gremlin Leader","floor":23.0,"turns":6.0},{"damage":8.0,"enemies":"Snake Plant","floor":27.0,"turns":2.0},{"damage":28.0,"enemies":"Slavers","floor":28.0,"turns":4.0},{"damage":56.0,"enemies":"Centurion and Healer","floor":29.0,"turns":7.0},{"damage":25.0,"enemies":"Chosen and Byrds","floor":30.0,"turns":6.0},{"damage":63,"enemies":"Gremlin Leader","floor":31,"turns":5},{"damage":17,"enemies":"Champ","floor":33,"turns":11},{"damage":30,"enemies":"3 Darklings","floor":35,"turns":3},{"damage":42,"enemies":"Orb Walker","floor":38,"turns":6},{"damage":112,"enemies":"2 Orb Walkers","floor":39,"turns":6}],"seed_played":"-3311997413117620313","potions_obtained":[{"floor":1.0,"key":"AttackPotion"},{"floor":4.0,"key":"Block Potion"},{"floor":7.0,"key":"Block Potion"},{"floor":16.0,"key":"Fire Potion"}],"is_trial":false,"path_per_floor":["M","M","M","M","?","E","?","E","T","E","?","R","E","$","R","B",null,"M","M","?","?","?","E","R","$","T","M","E","M","M","E","R","B",null,"M","T","?","M","?"],"character_chosen":"IRONCLAD","items_purchased":["Tiny Chest","Kunai","Dark Embrace"],"campfire_rested":1,"item_purchase_floors":[14,25,25],"current_hp_per_floor":[80,80,78,74,67,80,64,62,62,68,73,73,77,77,77,63,92,73,64,64,64,64,54,54,54,54,52,60,37,51,17,44,58,97,76,76,76,63,0,0],"gold":649,"neow_bonus":"RANDOM_COMMON_RELIC","is_daily":false,"chose_seed":false,"campfire_upgraded":3,"win_rate":0.0,"timestamp":1610516446,"path_taken":["M","M","?","M","?","E","?","E","T","E","?","R","E","$","R","BOSS","M","M","?","?","?","E","R","$","T","M","E","M","M","E","R","BOSS","M","?","?","?","?"],"items_purchased_type":["Relic","Relic","Card"],"build_version":"2020-12-22","purchased_purges":2,"victory":false,"max_hp_per_floor":[80,80,80,80,80,87,87,87,87,87,92,92,92,92,92,92,92,92,92,92,92,92,92,92,92,92,92,92,92,92,92,92,92,97,97,97,97,97,97,97],"card_choices":[{"not_picked":["Whirlwind","Dual Wield"],"picked":"Clash","floor":1.0},{"not_picked":["Ghostly Armor","Sword Boomerang"],"picked":"Inflame","floor":2.0},{"not_picked":["Sword Boomerang","Bloodletting"],"picked":"Thunderclap","floor":3.0},{"not_picked":["Battle Trance","Wild Strike"],"picked":"Shrug It Off","floor":4.0},{"not_picked":["Headbutt","True Grit"],"picked":"Heavy Blade","floor":6.0},{"not_picked":["Clothesline","Iron Wave"],"picked":"Inflame","floor":7.0},{"not_picked":["Headbutt","Sword Boomerang"],"picked":"Berserk","floor":8.0},{"not_picked":["Hemokinesis","Sword Boomerang","Shockwave+1"],"picked":"True Grit+1","floor":10.0},{"not_picked":["Hemokinesis","Second Wind+1","Clash"],"picked":"Metallicize","floor":13.0},{"not_picked":["Bludgeon","Barricade","Impervious+1"],"picked":"Reaper","floor":16.0},{"not_picked":["Anger+1","Combust+1","True Grit+1"],"picked":"Blood for Blood","floor":18.0},{"not_picked":["Heavy Blade","Thunderclap","Whirlwind"],"picked":"Armaments+1","floor":19.0},{"not_picked":["Power Through+1","Headbutt","Pommel Strike"],"picked":"Reaper","floor":23.0},{"not_picked":["Warcry+1","Body Slam","Clothesline"],"picked":"Cleave","floor":27.0},{"not_picked":["Flex+1","Thunderclap","Warcry+1"],"picked":"Infernal Blade+1","floor":28.0},{"not_picked":["Flex+1","Double Tap+1","Anger"],"picked":"Burning Pact+1","floor":29.0},{"not_picked":["Fire Breathing","Pommel Strike","Heavy Blade+1","Sword Boomerang"],"picked":"SKIP","floor":30.0},{"not_picked":["Thunderclap","Pommel Strike+1","True Grit+1"],"picked":"Feel No Pain","floor":31},{"not_picked":["Impervious+1","Immolate","Berserk"],"picked":"Juggernaut","floor":33},{"not_picked":["Clash+1","Body Slam","True Grit+1"],"picked":"Rage+1","floor":34},{"not_picked":["Rampage+1","Uppercut+1","Wild Strike+1"],"picked":"Body Slam","floor":35},{"not_picked":["Bloodletting+1","Sever Soul","Flex+1"],"picked":"Anger","floor":38}],"player_experience":73711,"relics_obtained":[{"floor":6.0,"key":"Strawberry"},{"floor":7.0,"key":"Odd Mushroom"},{"floor":8.0,"key":"Sundial"},{"floor":9.0,"key":"Question Card"},{"floor":10.0,"key":"Toxic Egg 2"},{"floor":13.0,"key":"Omamori"},{"floor":23.0,"key":"Boot"},{"floor":28.0,"key":"Whetstone"},{"floor":31,"key":"Magic Flower"},{"floor":36,"key":"Old Coin"}],"event_choices":[{"cards_removed":["Defend_R"],"damage_healed":0.0,"max_hp_gain":0.0,"max_hp_loss":0.0,"gold_gain":0.0,"event_name":"Golden Wing","player_choice":"Card Removal","floor":5.0,"gold_loss":0.0,"damage_taken":7.0},{"damage_healed":0.0,"max_hp_gain":0.0,"max_hp_loss":0.0,"gold_gain":0.0,"event_name":"Mushrooms","player_choice":"Fought Mushrooms","floor":7.0,"gold_loss":0.0,"damage_taken":0.0},{"damage_healed":0.0,"max_hp_gain":5.0,"max_hp_loss":0.0,"gold_gain":0.0,"event_name":"Big Fish","player_choice":"Donut","floor":11.0,"gold_loss":0.0,"damage_taken":0.0},{"damage_healed":0.0,"max_hp_gain":0.0,"max_hp_loss":0.0,"gold_gain":0.0,"event_name":"Match and Keep!","player_choice":"1 cards matched","floor":20.0,"gold_loss":0.0,"damage_taken":0.0,"cards_obtained":["Barricade"]},{"damage_healed":0.0,"max_hp_gain":0.0,"max_hp_loss":0.0,"gold_gain":0.0,"event_name":"Accursed Blacksmith","player_choice":"Rummage","floor":21.0,"gold_loss":0.0,"damage_taken":0.0,"relics_obtained":["WarpedTongs"],"cards_obtained":["Pain"]},{"damage_healed":0.0,"max_hp_gain":0.0,"max_hp_loss":0.0,"gold_gain":250.0,"event_name":"The Joust","player_choice":"Bet on Owner","floor":22.0,"gold_loss":50.0,"damage_taken":0.0},{"damage_healed":0,"gold_gain":0,"player_choice":"0 cards matched","damage_taken":0,"max_hp_gain":0,"max_hp_loss":0,"event_name":"Match and Keep!","floor":37,"gold_loss":0,"cards_obtained":[]},{"damage_healed":0,"gold_gain":0,"player_choice":"Fight","damage_taken":0,"max_hp_gain":0,"max_hp_loss":0,"event_name":"Mysterious Sphere","floor":39,"gold_loss":0}],"is_beta":false,"boss_relics":[{"not_picked":["Black Blood","Velvet Choker"],"picked":"Sozu"},{"not_picked":["SlaversCollar","Runic Cube"],"picked":"Tiny House"}],"items_purged_floors":[14,25],"is_endless":false,"potions_floor_spawned":[1,4,7,16,18,23,28,30,35],"killed_by":"2 Orb Walkers","ascension_level":2}}