{"host":"ny1uxs7aco9qql8p","time":1610507815,"event":{"mods":["AchievementEnabler","Alarm Clock","BaseMod","Bestiary","Colored Map","Colored Powertips","DeckTracker","Highlight Path","Minty Spire (QoL Compilation)","Permanent Neow","Quick Restart","Rare Cards Sparkle","Relic Stats"],"gold_per_floor":[14,14,33,49,74,110,133,146,192,192,206,206,239,239,239,239,239],"floor_reached":16,"playtime":1558,"items_purged":[],"score":172,"play_id":"6a76c625-12cc-4d1a-98f3-cf6a99398052","local_time":"20210112221655","is_ascension_mode":true,"campfire_choices":[{"floor":10.0,"key":"REST"},{"data":"Strike_R","floor":15,"key":"PURGE"}],"circlet_count":0,"master_deck":["Strike_R","Strike_R","Defend_R","Defend_R","Defend_R","Bash","Inflame","Thunderclap","Evolve","Iron Wave","Inflame","Shrug It Off","Armaments","Rampage","Parasite","Double Tap"],"relics":["Burning Blood","Golden Idol","Peace Pipe","Smiling Mask","Regal Pillow"],"acts_visited":["Exordium"],"potions_floor_usage":[13,13],"damage_taken":[{"damage":5.0,"enemies":"2 Louse","floor":1.0,"turns":4.0},{"damage":0.0,"enemies":"Jaw Worm","floor":3.0,"turns":5.0},{"damage":3.0,"enemies":"Cultist","floor":4.0,"turns":5.0},{"damage":8.0,"enemies":"3 Louse","floor":5.0,"turns":3.0},{"damage":28.0,"enemies":"3 Sentries","floor":6.0,"turns":10.0},{"damage":14.0,"enemies":"Blue Slaver","floor":7.0,"turns":3.0},{"damage":20.0,"enemies":"Exordium Thugs","floor":8.0,"turns":7.0},{"damage":3.0,"enemies":"Red Slaver","floor":11.0,"turns":4.0},{"damage":13,"enemies":"Gremlin Nob","floor":13,"turns":4}],"seed_played":"7207038461741472680","potions_obtained":[{"floor":1.0,"key":"Regen Potion"},{"floor":5.0,"key":"SneckoOil"},{"floor":11.0,"key":"FearPotion"}],"is_trial":false,"path_per_floor":["M","?","M","M","M","E","M","M","T","R","M","?","E","?","R","B"],"character_chosen":"IRONCLAD","items_purchased":[],"campfire_rested":1,"item_purchase_floors":[],"current_hp_per_floor":[80,60,66,69,67,45,37,23,23,47,50,70,75,68,68,0,0],"gold":239,"neow_bonus":"REMOVE_TWO","is_daily":false,"chose_seed":false,"campfire_upgraded":0,"win_rate":0.0,"timestamp":1610507815,"path_taken":["M","?","M","M","M","E","M","M","T","R","M","?","E","?","R","BOSS"],"items_purchased_type":[],"build_version":"2020-12-22","purchased_purges":0,"victory":false,"max_hp_per_floor":[80,80,80,80,80,80,80,80,80,80,80,80,80,80,80,80,80],"relic_stats":{"Peace Pipe":1,"Regal Pillow":0,"counters":[10,54],"Golden Idol":37,"Smiling Mask":0,"obtain_stats":[{"Peace Pipe":6,"Regal Pillow":13,"Golden Idol":2,"Smiling Mask":9,"Burning Blood":0},{"Peace Pipe":5,"Regal Pillow":9,"Golden Idol":1,"Smiling Mask":7,"Burning Blood":0},{"Peace Pipe":27,"Regal Pillow":45,"Golden Idol":4,"Smiling Mask":37,"Burning Blood":0}],"Burning Blood":53},"card_choices":[{"not_picked":["Sentinel","Twin Strike"],"picked":"Inflame","floor":1.0},{"not_picked":["Wild Strike","Perfected Strike"],"picked":"Thunderclap","floor":3.0},{"not_picked":["Headbutt","Iron Wave"],"picked":"Evolve","floor":4.0},{"not_picked":["Sever Soul","Burning Pact"],"picked":"Iron Wave","floor":5.0},{"not_picked":["Ghostly Armor","Cleave"],"picked":"Inflame","floor":6.0},{"not_picked":["Pommel Strike","Flex"],"picked":"Shrug It Off","floor":7.0},{"not_picked":["Flex","Anger"],"picked":"Armaments","floor":8.0},{"not_picked":["Clothesline","Thunderclap"],"picked":"Rampage","floor":11.0},{"not_picked":["Combust","Bludgeon"],"picked":"Double Tap","floor":13}],"player_experience":172199,"relics_obtained":[{"floor":6.0,"key":"Peace Pipe"},{"floor":9.0,"key":"Smiling Mask"},{"floor":13,"key":"Regal Pillow"}],"event_choices":[{"damage_healed":0.0,"max_hp_gain":0.0,"max_hp_loss":0.0,"gold_gain":0.0,"event_name":"Golden Idol","player_choice":"Take Damage","floor":2.0,"gold_loss":0.0,"damage_taken":20.0,"relics_obtained":["Golden Idol"]},{"damage_healed":20.0,"max_hp_gain":0.0,"max_hp_loss":0.0,"gold_gain":0.0,"event_name":"Mushrooms","player_choice":"Healed and dodged fight","floor":12.0,"gold_loss":0.0,"damage_taken":0.0,"cards_obtained":["Parasite"]},{"cards_removed":["Defend_R"],"damage_healed":0,"gold_gain":0,"player_choice":"Card Removal","damage_taken":7,"max_hp_gain":0,"max_hp_loss":0,"event_name":"Golden Wing","floor":14,"gold_loss":0}],"is_beta":false,"boss_relics":[],"items_purged_floors":[],"is_endless":false,"potions_floor_spawned":[1,5,11],"killed_by":"The Guardian","ascension_level":1}}