{"host":"oehe2dxjvdgux73m","time":1610525090,"event":{"mods":["AchievementEnabler","BaseMod","Colored Map","Colored Powertips","DeckTracker","Keyboard Shortcuts","Minty Spire (QoL Compilation)","Permanent Neow","Quick Restart","StSLib","SuperFastMode"],"gold_per_floor":[113,113,288,303,71,71,88,117,117,91,63,77,104,29,29,29,29],"floor_reached":16,"language":"KOR","playtime":393,"items_purged":["Strike_G"],"score":147,"play_id":"3519938c-c115-4821-b2a1-0c5f921246f0","local_time":"20210113170450","is_ascension_mode":true,"campfire_choices":[{"data":"Endless Agony","floor":6.0,"key":"SMITH"},{"floor":15.0,"key":"REST"}],"circlet_count":0,"master_deck":["AscendersBane","Strike_G","Strike_G","Strike_G","Strike_G","Defend_G","Defend_G","Defend_G","Defend_G","Defend_G","Survivor","Neutralize+1","PiercingWail","Doubt","Endless Agony+1","Flying Knee","Distraction","Dagger Throw","Blade Dance","Cloak And Dagger"],"relics":["Ring of the Snake","Kunai","Bag of Preparation","Lantern","Bottled Flame","Bag of Marbles"],"acts_visited":["Exordium"],"potions_floor_usage":[16,16],"damage_taken":[{"damage":1.0,"enemies":"Jaw Worm","floor":1.0,"turns":6.0},{"damage":4.0,"enemies":"Small Slimes","floor":4.0,"turns":5.0},{"damage":0.0,"enemies":"2 Louse","floor":7.0,"turns":4.0},{"damage":49.0,"enemies":"Gremlin Nob","floor":8.0,"turns":7.0},{"damage":0.0,"enemies":"Large Slime","floor":12.0,"turns":5.0},{"damage":59,"enemies":"The Guardian","floor":16,"turns":10}],"seed_played":"-3130799153605342307","potions_obtained":[{"floor":1.0,"key":"Fire Potion"},{"floor":7.0,"key":"Regen Potion"},{"floor":8.0,"key":"PowerPotion"}],"is_trial":false,"path_per_floor":["M","?","?","M","$","R","M","E","T","$","?","M","T","$","R","B"],"character_chosen":"THE_SILENT","items_purchased":["Bag of Preparation","Dagger Throw","Cloak And Dagger","Fire Potion"],"campfire_rested":1,"item_purchase_floors":[5,10,14,14],"current_hp_per_floor":[62,55,55,51,51,51,51,2,2,2,2,16,16,16,37,0,0],"gold":29,"neow_bonus":"UPGRADE_CARD","is_daily":false,"chose_seed":false,"campfire_upgraded":1,"win_rate":0.0,"timestamp":1610525090,"path_taken":["M","?","?","M","?","R","M","E","T","$","?","M","?","$","R","BOSS"],"items_purchased_type":["Relic","Card","Card","Potion"],"build_version":"2020-12-22","purchased_purges":1,"victory":false,"max_hp_per_floor":[70,70,70,70,70,70,70,70,70,70,70,70,70,70,70,70,70],"card_choices":[{"not_picked":["Deflect","Underhanded Strike"],"picked":"PiercingWail","floor":1.0},{"not_picked":["Cloak And Dagger","Doppelganger"],"picked":"Endless Agony","floor":4.0},{"not_picked":["Cloak And Dagger","Sucker Punch"],"picked":"Flying Knee","floor":7.0},{"not_picked":["Tactician","Concentrate"],"picked":"Distraction","floor":8.0},{"not_picked":["All Out Attack","Choke"],"picked":"Blade Dance","floor":12.0}],"player_experience":151364,"relics_obtained":[{"floor":8.0,"key":"Lantern"},{"floor":9.0,"key":"Bottled Flame"},{"floor":13.0,"key":"Bag of Marbles"}],"event_choices":[{"damage_healed":0.0,"max_hp_gain":0.0,"max_hp_loss":0.0,"gold_gain":0.0,"event_name":"Scrap Ooze","player_choice":"Success","floor":2.0,"gold_loss":0.0,"damage_taken":7.0,"relics_obtained":["Kunai"]},{"damage_healed":0.0,"max_hp_gain":0.0,"max_hp_loss":0.0,"gold_gain":175.0,"event_name":"Liars Game","player_choice":"AGREE","floor":3.0,"gold_loss":0.0,"damage_taken":0.0,"cards_obtained":["Doubt"]},{"damage_healed":0.0,"max_hp_gain":0.0,"max_hp_loss":0.0,"gold_gain":0.0,"event_name":"World of Goop","player_choice":"Left Gold","floor":11.0,"gold_loss":28.0,"damage_taken":0.0}],"is_beta":false,"boss_relics":[],"items_purged_floors":[5],"is_endless":false,"potions_floor_spawned":[1,7,8],"killed_by":"The Guardian","ascension_level":10}}