{"host":"refsn2q8at3dn95k","time":1610500302,"event":{"mods":["BaseMod","Hubris","Infinite Spire","Minty Spire (QoL Compilation)","Replay The Spire","StSLib","The Jungle"],"gold_per_floor":[116,116,127,142,142,67,102,102,155,155,155,175,194,206,206,304,304,319,329,329,6,6,6,6,6],"floor_reached":24,"language":"ENG","playtime":2911,"items_purged":["Strike_R","Strike_R+1"],"score":206,"play_id":"6793e3ad-68cf-49cb-94c9-6881a56aa404","local_time":"20210112191142","is_ascension_mode":true,"campfire_choices":[{"floor":15,"key":"REST"},{"floor":23,"key":"REST"}],"circlet_count":0,"master_deck":["Strike_R+1","Strike_R+1","Strike_R+1","Defend_R+1","Defend_R+1","Defend_R+1","Defend_R+1","Bash","hubris:ReadiedAction+1","Hemokinesis+1","Fire Breathing","infinitespire:UltimateForm","Feed","Seeing Red","Demon Form","Bloodletting","Overencumbered","Decay","ReplayTheSpireMod:??????????????????????"],"relics":["Burning Blood","Pocketwatch","infinitespire:Bottled Soul","hubris:MysteriousPyramids","Replay:Mystery Machine","hubris:KleinBottle","hubris:EvacipatedBox","hubris:CrackedHourglass","HandDrill"],"acts_visited":["Exordium","TheCity"],"potions_floor_usage":[16,16],"damage_taken":[{"damage":0.0,"enemies":"Small Slimes","floor":1.0,"turns":3.0},{"damage":1.0,"enemies":"2 Louse","floor":3.0,"turns":3.0},{"damage":1.0,"enemies":"Cultist","floor":4.0,"turns":3.0},{"damage":24.0,"enemies":"3 Sentries","floor":7.0,"turns":8.0},{"damage":4.0,"enemies":"3 Louse","floor":12.0,"turns":3.0},{"damage":8.0,"enemies":"Looter","floor":13.0,"turns":4.0},{"damage":4,"enemies":"Large Slime","floor":14,"turns":4},{"damage":30,"enemies":"The Guardian","floor":16,"turns":15},{"damage":39,"enemies":"3 Byrds","floor":18,"turns":5},{"damage":19,"enemies":"Shell Parasite","floor":19,"turns":3},{"damage":39,"enemies":"Book of Stabbing","floor":24,"turns":5}],"seed_played":"60265430361358031","potions_obtained":[{"floor":7.0,"key":"EssenceOfSteel"},{"floor":12.0,"key":"ElixirPotion"},{"floor":13.0,"key":"Block Potion"},{"floor":14,"key":"PowerPotion"}],"is_trial":false,"path_per_floor":["M","?","M","M","?","$","E","?","T","?","$","M","M","M","R","B",null,"M","M","?","$","?","R","E"],"character_chosen":"IRONCLAD","items_purchased":["hubris:KleinBottle","hubris:EvacipatedBox","HandDrill","Bloodletting"],"campfire_rested":2,"item_purchase_floors":[11,11,21,21],"current_hp_per_floor":[72,72,72,72,72,72,54,54,54,72,34,36,34,39,61,40,78,48,38,38,38,38,63,0,0],"gold":6,"neow_bonus":"ONE_RARE_RELIC","is_daily":false,"chose_seed":false,"campfire_upgraded":0,"win_rate":0.0,"timestamp":1610500302,"path_taken":["M","?","M","M","?","$","E","?","T","?","?","M","M","M","R","BOSS","M","M","?","$","?","R","E"],"items_purchased_type":["Relic","Relic","Relic","Card"],"build_version":"2020-12-22","purchased_purges":2,"victory":false,"max_hp_per_floor":[72,72,72,72,72,72,72,72,72,72,72,72,72,75,75,78,78,81,84,84,84,84,84,84,84],"card_choices":[{"not_picked":["Pommel Strike","Run Through"],"picked":"hubris:ReadiedAction","floor":1.0},{"not_picked":["Twin Strike","Whirlwind","Reckless Charge"],"picked":"SKIP","floor":3.0},{"not_picked":["Burning Pact","ReplayTheSpireMod:Stacked"],"picked":"Hemokinesis","floor":4.0},{"not_picked":["Warcry","Whirlwind"],"picked":"Fire Breathing","floor":7.0},{"not_picked":["ReplayTheSpireMod:??????????????????????","infinitespire:SevenWalls"],"picked":"infinitespire:UltimateForm","floor":11.0},{"not_picked":["Body Slam","Wild Strike"],"picked":"Feed","floor":12.0},{"not_picked":["ReplayTheSpireMod:Limb From Limb","Replay:Undeath\u0027s Touch","Perfected Strike"],"picked":"SKIP","floor":13.0},{"not_picked":["Havoc","Shrug It Off"],"picked":"Seeing Red","floor":14},{"not_picked":["Corruption","Juggernaut"],"picked":"Demon Form","floor":16},{"not_picked":["Clothesline","Whirlwind","ReplayTheSpireMod:Strike From Hell+1"],"picked":"SKIP","floor":18},{"not_picked":["Wild Strike+1","Combust","Entrench"],"picked":"SKIP","floor":19},{"not_picked":["infinitespire:Collect","hubris:InfiniteBlow"],"picked":"ReplayTheSpireMod:??????????????????????","floor":22}],"player_experience":1631734,"relics_obtained":[{"floor":7.0,"key":"infinitespire:Bottled Soul"},{"floor":9.0,"key":"Replay:Mystery Machine"}],"event_choices":[{"damage_healed":0.0,"max_hp_gain":0.0,"max_hp_loss":0.0,"gold_gain":0.0,"event_name":"Living Wall","player_choice":"Grow","floor":2.0,"gold_loss":0.0,"damage_taken":0.0,"cards_upgraded":["hubris:ReadiedAction"]},{"damage_healed":0.0,"max_hp_gain":0.0,"max_hp_loss":0.0,"gold_gain":0.0,"event_name":"Dead Adventurer","player_choice":"Searched \u00271\u0027 times","floor":8.0,"gold_loss":0.0,"damage_taken":0.0,"relics_obtained":["hubris:MysteriousPyramids"]},{"damage_healed":24.0,"max_hp_gain":0.0,"max_hp_loss":0.0,"gold_gain":0.0,"event_name":"Big Fish","player_choice":"Banana","floor":10.0,"gold_loss":0.0,"damage_taken":0.0},{"damage_healed":0,"gold_gain":0,"player_choice":"Simplicity","damage_taken":0,"max_hp_gain":0,"max_hp_loss":0,"event_name":"Back to Basics","floor":20,"gold_loss":0,"cards_upgraded":["Strike_R","Strike_R","Strike_R","Strike_R","Defend_R","Defend_R","Defend_R","Defend_R"]}],"is_beta":false,"boss_relics":[{"not_picked":["ChewingGum","hubris:Stopwatch","Pandora\u0027s Box"],"picked":"hubris:CrackedHourglass"}],"items_purged_floors":[6,21],"is_endless":false,"potions_floor_spawned":[7,12,13,14],"killed_by":"Book of Stabbing","ascension_level":1}}