{"host":"2xjkbrmvrd7iq7pu","time":1610545085,"event":{"mods":["AchievementEnabler","Act Like it!","Arknights The Spire","BaseMod","Gensokyo","GungeonMod","KinomotoSakuraMod(ƒæ÷Æ±æ”£)","Marisa£®ÏF”Í°°ƒß¿Ì…≥£©","Minty Spire (QoL Compilation)","Reimu£®≤©¿ˆ¡È√Œ£©","Replay The Spire","StSLib","The Bug Knight","Yakumo Yukari mod"],"gold_per_floor":[114,114,39,39,58,88,102,102,128,128,140,140,140,172,172,277,277,288,392,392,402,419,419,419,419,419,419,438,467,467,487,487,583,583,599,599,622,639,649,649,649,649,703,738,187,187,201,201,201,201,201],"floor_reached":50,"language":"ZHS","playtime":3168,"items_purged":["ats:Strike V","Wraith"],"score":594,"play_id":"e919fed8-96a8-430e-90ca-122c0c67978d","local_time":"20210113213805","is_ascension_mode":true,"campfire_choices":[{"data":"ats:Blood Oath","floor":8.0,"key":"SMITH"},{"floor":10.0,"key":"RECALL"},{"data":"ats:Soul Absorption","floor":13.0,"key":"SMITH"},{"data":"ats:Flexible Camouflage","floor":15.0,"key":"SMITH"},{"floor":23.0,"key":"REST"},{"data":"ats:Healing Strengthening","floor":25.0,"key":"SMITH"},{"data":"ats:Burning Ground","floor":30.0,"key":"SMITH"},{"data":"ats:Soul Rend","floor":32.0,"key":"SMITH"},{"data":"ats:Calcification","floor":40.0,"key":"SMITH"},{"data":"ats:Calcification","floor":42.0,"key":"SMITH"},{"data":"ats:Charging Defense","floor":46,"key":"SMITH"},{"data":"ats:Rat Pack","floor":49,"key":"SMITH"}],"circlet_count":0,"master_deck":["ats:Strike C","ats:Strike S","ats:Armor Crushing Shot","ats:Defend","ats:Defend","ats:Defend+1","ats:Emotion Absorption+1","ats:Apocalypse","ats:Flexible Camouflage+1","ats:Blood Oath+1","ats:Healing Strengthening+1","ats:Soul Absorption+1","ats:Wolf Pack","ats:Support Order+1","ats:Closed Bolt Burst Fire+1","ats:Charging Defense+1","Parasite","ats:Rat Pack+1","ats:Burning Ground+1","ats:Calcification+1","ats:Magnetic Hammer+1","ats:Soul Rend+1","ats:Blood Oath","ats:Calcification+1","ats:Very Hot Blade+1","Parasite","ats:Ignite","ats:Ignite"],"relics":["ats:Sanity Plus","NeowsBlessing","ats:Originium","Pantograph","DemoMod:PoisonVial","DemoMod:JetPack","Anchor","Ancient Tea Set","Orichalcum","ats:Tactical Delivery","PreservedInsect","Centennial Puzzle","DemoMod:AgedBell","DemoMod:MeltedRock","ats:Snipe"],"acts_visited":["Exordium","TheCity","TheBeyond"],"potions_floor_usage":[],"damage_taken":[{"damage":0.0,"enemies":"Small Slimes","floor":1.0,"turns":1.0},{"damage":0.0,"enemies":"Jaw Worm","floor":5.0,"turns":1.0},{"damage":0.0,"enemies":"Gremlin Nob","floor":6.0,"turns":2.0},{"damage":0.0,"enemies":"Cultist","floor":7.0,"turns":4.0},{"damage":13.0,"enemies":"Large Slime","floor":11.0,"turns":6.0},{"damage":37.0,"enemies":"Lagavulin","floor":14.0,"turns":11.0},{"damage":89.0,"enemies":"The Guardian","floor":16.0,"turns":17.0},{"damage":26.0,"enemies":"Shell Parasite","floor":18.0,"turns":14.0},{"damage":17.0,"enemies":"Chosen","floor":21.0,"turns":7.0},{"damage":75.0,"enemies":"Sentry and Sphere","floor":22.0,"turns":12.0},{"damage":0.0,"enemies":"Gremlin Leader","floor":24.0,"turns":1.0},{"damage":22.0,"enemies":"Shelled Parasite and Fungi","floor":28.0,"turns":8.0},{"damage":4.0,"enemies":"Replay:Snechameleon","floor":29.0,"turns":5.0},{"damage":26.0,"enemies":"Snake Plant","floor":31.0,"turns":8.0},{"damage":84.0,"enemies":"Automaton","floor":33.0,"turns":18.0},{"damage":21.0,"enemies":"3 Darklings","floor":35.0,"turns":7.0},{"damage":38.0,"enemies":"3 Shapes","floor":38.0,"turns":8.0},{"damage":48.0,"enemies":"Writhing Mass","floor":39.0,"turns":9.0},{"damage":74,"enemies":"Giant Head","floor":44,"turns":11},{"damage":34,"enemies":"4 Shapes","floor":47,"turns":5},{"damage":166,"enemies":"Donu and Deca","floor":50,"turns":11}],"seed_played":"6899221307520789538","potions_obtained":[{"floor":4.0,"key":"SmokeBomb"},{"floor":4.0,"key":"Elixir"},{"floor":4.0,"key":"Doom Potion"},{"floor":6.0,"key":"Energy Potion"},{"floor":14.0,"key":"PowerPotion"},{"floor":28.0,"key":"Adrenaline Potion"},{"floor":33.0,"key":"FairyPotion"},{"floor":38.0,"key":"SteroidPotion"},{"floor":44,"key":"Energy Potion"}],"is_trial":false,"path_per_floor":["M","?","$","?","M","E","M","R","T","R","M","?","R","E","R","B",null,"M","?","?","M","M","R","E","R","T","?","M","E","R","M","R","B",null,"M","?","T","M","M","R","?","R","T","E","$","R","M","?","R","B"],"character_chosen":"DOCTOR_CLASS","items_purchased":["DemoMod:MeltedRock","ats:Snipe","ats:Ignite"],"campfire_rested":1,"item_purchase_floors":[45,45,45],"current_hp_per_floor":[72,58,58,58,58,62,72,72,72,72,69,57,57,54,54,21,72,72,72,72,66,29,50,50,50,50,50,42,51,51,72,72,35,72,72,72,72,69,48,48,48,48,48,30,30,30,22,63,63,0,0],"gold":201,"neow_bonus":"THREE_ENEMY_KILL","is_daily":false,"chose_seed":false,"campfire_upgraded":10,"win_rate":0.0,"timestamp":1610545085,"path_taken":["M","?","$","?","?","E","M","R","T","R","M","?","R","E","R","BOSS","M","?","?","M","M","R","E","R","T","?","M","E","R","M","R","BOSS","M","?","?","M","M","R","?","R","T","E","?","R","M","?","R","BOSS"],"items_purchased_type":["Relic","Relic","Card"],"build_version":"2020-12-22","purchased_purges":2,"victory":false,"max_hp_per_floor":[72,72,72,72,72,72,72,72,72,72,72,72,72,72,72,72,72,72,72,72,72,72,72,72,72,72,72,72,72,72,72,72,72,72,72,72,72,72,72,72,72,72,72,72,72,72,72,63,63,63,63],"card_choices":[{"not_picked":["ats:Ignite","ats:Collapsing Strike"],"picked":"ats:Apocalypse","floor":1.0},{"not_picked":["ats:Spore Proliferation","ats:Poison Spread"],"picked":"ats:Flexible Camouflage","floor":5.0},{"not_picked":["ats:Powerful Strike","ats:Apocalypse"],"picked":"ats:Blood Oath","floor":6.0},{"not_picked":["ats:Disruption Kick","ats:Explosion Area Strengthen"],"picked":"ats:Healing Strengthening","floor":7.0},{"not_picked":["ats:Cat Scratch","ats:Thermite Blade"],"picked":"ats:Soul Absorption","floor":11.0},{"not_picked":["ats:Poison Spread","ats:Powerful Strike","ats:Childhood Dance"],"picked":"SKIP","floor":14.0},{"not_picked":["ats:Ambush","ats:Rat Pack"],"picked":"ats:Wolf Pack","floor":16.0},{"not_picked":["ats:Revitalization","ats:Shell Defense","ats:Thermite Blade"],"picked":"SKIP","floor":18.0},{"not_picked":["ats:Consecutive Shot Auto","ats:Hammer On"],"picked":"ats:Support Order+1","floor":19.0},{"not_picked":["ats:Apocalypse","ats:Leaping Hammer"],"picked":"ats:Closed Bolt Burst Fire+1","floor":19.0},{"not_picked":["ats:Rapid Magazine","ats:Guardian Obelisk"],"picked":"ats:Charging Defense","floor":19.0},{"not_picked":["ats:Childhood Dance","ats:Powerful Strike"],"picked":"ats:Rat Pack","floor":21.0},{"not_picked":["ats:Consecutive Shot Auto+1","ats:Leaping Hammer","ats:Mental Burst"],"picked":"SKIP","floor":22.0},{"not_picked":["ats:Support Order","ats:Healing Drone"],"picked":"ats:Magnetic Hammer+1","floor":28.0},{"not_picked":["ats:Apocalypse+1","ats:Curse Doll"],"picked":"ats:Soul Rend","floor":29.0},{"not_picked":["ats:Assault Order","ats:Revitalization"],"picked":"ats:Blood Oath","floor":31.0},{"not_picked":["ats:Dogmatic Field","ats:True Silver Slash"],"picked":"ats:Calcification","floor":33.0},{"not_picked":["ats:Overload+1","ats:Blood Oath","ats:Cat Scratch+1"],"picked":"SKIP","floor":35.0},{"not_picked":["ats:Automatic Cover+1","ats:Thermite Blade+1"],"picked":"ats:Very Hot Blade+1","floor":38.0},{"not_picked":["ats:Thorns","ats:LN2 Cannon","ats:Shell Defense"],"picked":"SKIP","floor":39.0},{"not_picked":["ats:Sword Rain","ats:Cat Scratch+1","ats:Apocalypse"],"picked":"SKIP","floor":44},{"not_picked":["ats:Flexible Camouflage+1","ats:Directed Diagnosis+1","ats:Leaping Hammer"],"picked":"SKIP","floor":47}],"player_experience":724627,"relics_obtained":[{"floor":6.0,"key":"ats:Originium"},{"floor":6.0,"key":"Pantograph"},{"floor":14.0,"key":"ats:Originium"},{"floor":14.0,"key":"DemoMod:JetPack"},{"floor":26.0,"key":"Ancient Tea Set"},{"floor":29.0,"key":"ats:Originium"},{"floor":29.0,"key":"Orichalcum"},{"floor":37.0,"key":"PreservedInsect"},{"floor":43.0,"key":"Centennial Puzzle"},{"floor":44,"key":"DemoMod:AgedBell"}],"event_choices":[{"damage_healed":0.0,"max_hp_gain":0.0,"max_hp_loss":0.0,"gold_gain":0.0,"event_name":"Shining Light","player_choice":"Entered Light","floor":2.0,"gold_loss":0.0,"damage_taken":14.0,"cards_upgraded":["ats:Emotion Absorption","ats:Defend"]},{"damage_healed":0.0,"max_hp_gain":0.0,"max_hp_loss":0.0,"gold_gain":0.0,"event_name":"Lab","player_choice":"Got Potions","floor":4.0,"gold_loss":0.0,"damage_taken":0.0},{"damage_healed":0.0,"max_hp_gain":0.0,"max_hp_loss":0.0,"gold_gain":0.0,"event_name":"Scrap Ooze","player_choice":"Success","floor":12.0,"gold_loss":0.0,"damage_taken":12.0,"relics_obtained":["DemoMod:PoisonVial"]},{"damage_healed":0.0,"max_hp_gain":0.0,"max_hp_loss":0.0,"gold_gain":0.0,"cards_transformed":["ats:Defend","ats:Strike G"],"event_name":"Drug Dealer","player_choice":"Became Test Subject","floor":27.0,"gold_loss":0.0,"damage_taken":0.0,"cards_obtained":["ats:Burning Ground","ats:Calcification"]},{"damage_healed":0.0,"max_hp_gain":0.0,"max_hp_loss":0.0,"gold_gain":0.0,"event_name":"OrinTheCat","player_choice":"Ignored","floor":36.0,"gold_loss":0.0,"damage_taken":0.0},{"damage_healed":0.0,"max_hp_gain":0.0,"max_hp_loss":0.0,"gold_gain":0.0,"event_name":"Falling","player_choice":"Ignored","floor":41.0,"gold_loss":0.0,"damage_taken":0.0},{"damage_healed":63,"gold_gain":0,"player_choice":"Heal","damage_taken":0,"max_hp_gain":0,"max_hp_loss":9,"event_name":"The Moai Head","floor":48,"gold_loss":0}],"is_beta":false,"boss_relics":[{"not_picked":["Runic Dome","Tiny House"],"picked":"ats:Sanity Plus"},{"not_picked":["Kintsugi","SacredBark"],"picked":"ats:Tactical Delivery"}],"items_purged_floors":[3,45],"is_endless":false,"potions_floor_spawned":[6,14,24,28,33,38,44],"killed_by":"Donu and Deca","ascension_level":1}}