{"host":"kh6fvhxn285ncg0o","time":1610557858,"event":{"mods":["Act Like it!","BaseMod","Colored Map","Friendly Minions","Keyboard Shortcuts","Minty Spire (QoL Compilation)","Quick Restart","Relic Stats","StSLib","SuperFastMode"],"gold_per_floor":[114,114,2,18,18,49,65,65,65,65,75,107,125,160,160,239,239,249,38,88,88,104,136,136,167,179,207,239,284,311,238,250,336,348,378,415,180,193,212,212,237,257,257,257,290,306,306,334,334,334,334,334,334,6,40,40],"floor_reached":57,"language":"KOR","playtime":2066,"items_purged":["Strike_R","Strike_R","Strike_R","Strike_R"],"score":3665,"play_id":"5578b75d-f492-4530-a797-3a3e396c72d5","local_time":"20210114021058","is_ascension_mode":true,"campfire_choices":[{"data":"Pommel Strike","floor":8.0,"key":"SMITH"},{"data":"Evolve","floor":15.0,"key":"SMITH"},{"data":"Immolate","floor":24.0,"key":"SMITH"},{"data":"Body Slam","floor":32.0,"key":"SMITH"},{"data":"Dual Wield","floor":40.0,"key":"SMITH"},{"data":"Burning Pact","floor":44.0,"key":"SMITH"},{"floor":49.0,"key":"RECALL"},{"data":"Offering","floor":53,"key":"SMITH"}],"circlet_count":0,"master_deck":["AscendersBane","Strike_R+1","Defend_R","Defend_R","Defend_R","Defend_R","Bash+1","Dark Embrace","Pommel Strike+1","Burning Pact+1","Evolve+1","Wild Strike","Reckless Charge","Feel No Pain+1","Second Wind","Infernal Blade+1","Shockwave","Body Slam+1","Shrug It Off","Dual Wield+1","Offering+1","Finesse","Rage+1","Barricade"],"relics":["Burning Blood","NeowsBlessing","WarpedTongs","Gremlin Horn","Red Skull","Happy Flower","Ancient Tea Set","Coffee Dripper","Membership Card","TungstenRod","MawBank","Mango","Bronze Scales","Anchor","Philosopher\u0027s Stone","Shovel","Mummified Hand","Boot","Oddly Smooth Stone","Unceasing Top","Art of War","HornCleat","Lizard Tail"],"acts_visited":["Exordium","TheCity","TheBeyond","TheEnding"],"potions_floor_usage":[56,56],"damage_taken":[{"damage":0.0,"enemies":"Cultist","floor":1.0,"turns":1.0},{"damage":0.0,"enemies":"2 Louse","floor":4.0,"turns":2.0},{"damage":0.0,"enemies":"Gremlin Nob","floor":6.0,"turns":1.0},{"damage":9.0,"enemies":"Jaw Worm","floor":7.0,"turns":4.0},{"damage":0.0,"enemies":"Lots of Slimes","floor":11.0,"turns":4.0},{"damage":22.0,"enemies":"3 Sentries","floor":12.0,"turns":8.0},{"damage":8.0,"enemies":"3 Louse","floor":13.0,"turns":5.0},{"damage":28.0,"enemies":"Gremlin Nob","floor":14.0,"turns":4.0},{"damage":0.0,"enemies":"Slime Boss","floor":16.0,"turns":3.0},{"damage":15.0,"enemies":"2 Thieves","floor":18.0,"turns":3.0},{"damage":18.0,"enemies":"Spheric Guardian","floor":22.0,"turns":5.0},{"damage":24.0,"enemies":"Book of Stabbing","floor":23.0,"turns":6.0},{"damage":7.0,"enemies":"Slavers","floor":25.0,"turns":6.0},{"damage":4.0,"enemies":"Snecko","floor":27.0,"turns":3.0},{"damage":21.0,"enemies":"Snake Plant","floor":28.0,"turns":3.0},{"damage":2.0,"enemies":"Gremlin Leader","floor":29.0,"turns":3.0},{"damage":10.0,"enemies":"Chosen and Byrds","floor":30.0,"turns":5.0},{"damage":2.0,"enemies":"Automaton","floor":33.0,"turns":6.0},{"damage":16.0,"enemies":"3 Darklings","floor":35.0,"turns":5.0},{"damage":3.0,"enemies":"Mind Bloom Boss Battle","floor":36.0,"turns":5.0},{"damage":5.0,"enemies":"Orb Walker","floor":38.0,"turns":3.0},{"damage":0.0,"enemies":"Sphere and 2 Shapes","floor":39.0,"turns":3.0},{"damage":0.0,"enemies":"Giant Head","floor":41.0,"turns":5.0},{"damage":5.0,"enemies":"Jaw Worm Horde","floor":42.0,"turns":2.0},{"damage":5.0,"enemies":"Nemesis","floor":45.0,"turns":3.0},{"damage":18.0,"enemies":"Spire Growth","floor":46.0,"turns":5.0},{"damage":5.0,"enemies":"Reptomancer","floor":48.0,"turns":3.0},{"damage":5,"enemies":"Awakened One","floor":50,"turns":6},{"damage":19,"enemies":"Donu and Deca","floor":51,"turns":6},{"damage":5,"enemies":"Shield and Spear","floor":55,"turns":6},{"damage":5,"enemies":"The Heart","floor":56,"turns":6}],"seed_played":"8216851245395480657","potions_obtained":[{"floor":4.0,"key":"Explosive Potion"},{"floor":11.0,"key":"SteroidPotion"},{"floor":22.0,"key":"LiquidMemories"},{"floor":25.0,"key":"Dexterity Potion"},{"floor":28.0,"key":"PowerPotion"},{"floor":33.0,"key":"Regen Potion"},{"floor":35.0,"key":"PowerPotion"}],"is_trial":false,"path_per_floor":["M","?","$","M","?","E","M","R","T","?","M","E","M","E","R","B",null,"M","$","?","?","M","E","R","E","T","M","M","E","M","?","R","B",null,"M","?","$","M","M","R","E","M","T","R","E","M","?","E","R","B","B",null,"R","$","E","B",null],"character_chosen":"IRONCLAD","items_purchased":["Dark Embrace","Membership Card","Mummified Hand","Finesse","Art of War","HornCleat","SpeedPotion"],"campfire_rested":0,"item_purchase_floors":[3,19,37,37,54,54,54],"current_hp_per_floor":[74,51,51,57,57,63,60,60,60,60,66,50,48,26,26,32,64,55,55,55,55,43,25,25,24,38,40,25,29,25,25,25,29,74,76,79,79,80,86,86,89,89,89,89,89,77,99,99,99,99,86,96,96,96,97,98],"gold":40,"neow_bonus":"THREE_ENEMY_KILL","is_daily":false,"chose_seed":false,"campfire_upgraded":7,"win_rate":0.0,"timestamp":1610557858,"path_taken":["M","?","$","M","?","E","?","R","T","?","M","E","M","E","R","BOSS","M","?","?","?","M","E","R","E","T","M","?","E","M","?","R","BOSS","M","?","$","M","M","R","E","M","T","R","E","M","?","E","R","BOSS","BOSS","R","$","E","BOSS"],"items_purchased_type":["Card","Relic","Relic","Card","Relic","Relic","Potion"],"build_version":"2020-12-22","purchased_purges":4,"victory":true,"max_hp_per_floor":[75,75,75,75,75,75,75,75,75,75,75,75,75,75,75,75,75,75,75,75,75,75,75,75,75,89,89,89,89,89,89,89,89,89,89,89,89,89,89,89,89,89,89,89,89,89,99,99,99,99,99,99,99,99,99,99],"relic_stats":{"Gremlin Horn":[35,35],"Happy Flower":[36],"counters":[31,130],"MawBank":144,"Boot":[16],"Burning Blood":179,"WarpedTongs":[122],"Lizard Tail":0,"Shovel":0,"Mummified Hand":[49],"Bronze Scales":[204],"Art of War":[2],"obtain_stats":[{"NeowsBlessing":0,"Gremlin Horn":6,"Happy Flower":12,"Oddly Smooth Stone":45,"Mango":26,"Ancient Tea Set":14,"MawBank":25,"Boot":41,"Burning Blood":0,"WarpedTongs":5,"Anchor":31,"Lizard Tail":55,"Shovel":36,"HornCleat":54,"Mummified Hand":37,"Bronze Scales":29,"Philosopher\u0027s Stone":34,"Coffee Dripper":17,"Art of War":54,"Membership Card":19,"Red Skull":9,"TungstenRod":23,"Unceasing Top":48},{"NeowsBlessing":0,"Gremlin Horn":3,"Happy Flower":6,"Oddly Smooth Stone":25,"Mango":13,"Ancient Tea Set":8,"MawBank":13,"Boot":23,"Burning Blood":0,"WarpedTongs":2,"Anchor":17,"Lizard Tail":30,"Shovel":20,"HornCleat":29,"Mummified Hand":20,"Bronze Scales":16,"Philosopher\u0027s Stone":18,"Coffee Dripper":9,"Art of War":29,"Membership Card":10,"Red Skull":4,"TungstenRod":12,"Unceasing Top":27},{"NeowsBlessing":0,"Gremlin Horn":4,"Happy Flower":20,"Oddly Smooth Stone":98,"Mango":52,"Ancient Tea Set":29,"MawBank":52,"Boot":93,"Burning Blood":0,"WarpedTongs":3,"Anchor":66,"Lizard Tail":124,"Shovel":82,"HornCleat":118,"Mummified Hand":82,"Bronze Scales":61,"Philosopher\u0027s Stone":72,"Coffee Dripper":32,"Art of War":118,"Membership Card":35,"Red Skull":8,"TungstenRod":46,"Unceasing Top":106}],"TungstenRod":27,"Unceasing Top":[8]},"card_choices":[{"not_picked":["Headbutt","Shrug It Off"],"picked":"Pommel Strike","floor":4.0},{"not_picked":["Metallicize","Body Slam"],"picked":"Burning Pact","floor":6.0},{"not_picked":["Pommel Strike","Metallicize","Sword Boomerang"],"picked":"SKIP","floor":7.0},{"not_picked":["Heavy Blade","Clothesline"],"picked":"Evolve","floor":11.0},{"not_picked":["Thunderclap","Searing Blow","Heavy Blade"],"picked":"SKIP","floor":12.0},{"not_picked":["Clash","Wild Strike","True Grit"],"picked":"SKIP","floor":13.0},{"not_picked":["Clash","True Grit"],"picked":"Wild Strike","floor":13.0},{"not_picked":["Pommel Strike","True Grit"],"picked":"Reckless Charge","floor":14.0},{"not_picked":["Limit Break","Exhume"],"picked":"Immolate","floor":16.0},{"not_picked":["Seeing Red","Heavy Blade"],"picked":"Feel No Pain+1","floor":18.0},{"not_picked":["Entrench","Burning Pact"],"picked":"Infernal Blade+1","floor":22.0},{"not_picked":["Uppercut","Reckless Charge+1"],"picked":"Shockwave","floor":23.0},{"not_picked":["Twin Strike","Headbutt"],"picked":"Body Slam","floor":25.0},{"not_picked":["Armaments","Cleave"],"picked":"Shrug It Off","floor":27.0},{"not_picked":["True Grit","Shockwave"],"picked":"Dual Wield","floor":28.0},{"not_picked":["Wild Strike","Burning Pact","Havoc"],"picked":"SKIP","floor":29.0},{"not_picked":["True Grit","Armaments","Shrug It Off"],"picked":"SKIP","floor":30.0},{"not_picked":["Bludgeon","Corruption"],"picked":"Offering","floor":33.0},{"not_picked":["Clothesline+1","Warcry","Inflame"],"picked":"SKIP","floor":35.0},{"not_picked":["Iron Wave","Warcry","Carnage+1"],"picked":"SKIP","floor":38.0},{"not_picked":["Flex","Pommel Strike","True Grit+1"],"picked":"SKIP","floor":39.0},{"not_picked":["Perfected Strike","Anger"],"picked":"Rage+1","floor":41.0},{"not_picked":["Body Slam+1","Anger+1"],"picked":"Barricade","floor":42.0},{"not_picked":["Ghostly Armor","Spot Weakness","Seeing Red"],"picked":"SKIP","floor":45.0},{"not_picked":["Heavy Blade","Flame Barrier+1","Clash+1"],"picked":"SKIP","floor":46.0},{"not_picked":["Headbutt","Twin Strike","True Grit"],"picked":"SKIP","floor":48.0},{"not_picked":["Immolate","Ghostly Armor","Thunderclap"],"picked":"SKIP","floor":55}],"player_experience":3431926,"relics_obtained":[{"floor":6.0,"key":"Gremlin Horn"},{"floor":9.0,"key":"Red Skull"},{"floor":12.0,"key":"Happy Flower"},{"floor":14.0,"key":"Ancient Tea Set"},{"floor":23.0,"key":"TungstenRod"},{"floor":25.0,"key":"MawBank"},{"floor":26.0,"key":"Mango"},{"floor":29.0,"key":"Bronze Scales"},{"floor":36.0,"key":"Shovel"},{"floor":41.0,"key":"Boot"},{"floor":45.0,"key":"Oddly Smooth Stone"},{"floor":48.0,"key":"Unceasing Top"},{"floor":55,"key":"Lizard Tail"}],"event_choices":[{"damage_healed":0.0,"max_hp_gain":0.0,"max_hp_loss":0.0,"gold_gain":0.0,"event_name":"Shining Light","player_choice":"Entered Light","floor":2.0,"gold_loss":0.0,"damage_taken":23.0,"cards_upgraded":["Strike_R","Bash"]},{"damage_healed":0.0,"max_hp_gain":0.0,"max_hp_loss":0.0,"gold_gain":0.0,"event_name":"Accursed Blacksmith","player_choice":"Rummage","floor":5.0,"gold_loss":0.0,"damage_taken":0.0,"relics_obtained":["WarpedTongs"],"cards_obtained":["Pain"]},{"cards_removed":["Pain"],"damage_healed":0.0,"max_hp_gain":0.0,"max_hp_loss":0.0,"gold_gain":0.0,"event_name":"Fountain of Cleansing","player_choice":"Removed Curses","floor":10.0,"gold_loss":0.0,"damage_taken":0.0},{"damage_healed":0.0,"max_hp_gain":0.0,"max_hp_loss":0.0,"gold_gain":50.0,"event_name":"Nest","player_choice":"Stole From Cult","floor":20.0,"gold_loss":0.0,"damage_taken":0.0},{"damage_healed":0.0,"max_hp_gain":0.0,"max_hp_loss":0.0,"gold_gain":0.0,"event_name":"The Library","player_choice":"Read","floor":21.0,"gold_loss":0.0,"damage_taken":0.0,"cards_obtained":["Second Wind"]},{"damage_healed":0.0,"max_hp_gain":0.0,"max_hp_loss":0.0,"gold_gain":0.0,"event_name":"Addict","player_choice":"Obtained Relic","floor":31.0,"gold_loss":85.0,"damage_taken":0.0,"relics_obtained":["Anchor"]},{"damage_healed":0.0,"max_hp_gain":0.0,"max_hp_loss":0.0,"gold_gain":0.0,"event_name":"MindBloom","player_choice":"Fight","floor":36.0,"gold_loss":0.0,"damage_taken":0.0},{"cards_removed":["Immolate"],"damage_healed":12.0,"max_hp_gain":10.0,"max_hp_loss":0.0,"gold_gain":0.0,"event_name":"Bonfire Elementals","player_choice":"Offered Rare","floor":47.0,"gold_loss":0.0,"damage_taken":0.0}],"is_beta":false,"boss_relics":[{"not_picked":["Runic Dome","Cursed Key"],"picked":"Coffee Dripper"},{"not_picked":["Tiny House","Astrolabe"],"picked":"Philosopher\u0027s Stone"}],"items_purged_floors":[3,19,37,54],"is_endless":false,"potions_floor_spawned":[4,11,12,13,22,25,28,30,33,35,38,39,42],"ascension_level":20}}