{"host":"l4kdldlios54gl54","time":1610502536,"event":{"mods":["AchievementEnabler","BaseMod","Colored Map","Colored Powertips","Minty Spire (QoL Compilation)","Random Character Button"],"gold_per_floor":[214,231,251,119,135,164,164,134,134,134,154,173,173,189,189,264,264,280,1,1,1,1,1,1,1],"floor_reached":24,"language":"ENG","playtime":861,"items_purged":["Strike_P"],"score":386,"play_id":"4970e275-becf-49d1-aa7e-8167f585420b","local_time":"20210113024856","is_ascension_mode":true,"campfire_choices":[{"floor":7,"key":"REST"},{"floor":10,"key":"REST"},{"data":"Eruption","floor":13,"key":"SMITH"},{"data":"Vigilance","floor":15,"key":"SMITH"},{"floor":23,"key":"REST"}],"circlet_count":0,"master_deck":["AscendersBane","Strike_P","Strike_P","Strike_P","Defend_P","Defend_P","Defend_P","Defend_P","Eruption+1","Vigilance+1","ReachHeaven","Protect","Crescendo","ClearTheMind","WheelKick","DeusExMachina"],"relics":["PureWater","Darkstone Periapt","Kunai","SlaversCollar","Bottled Lightning"],"acts_visited":["Exordium","TheCity"],"potions_floor_usage":[6,16,21],"damage_taken":[{"damage":0,"enemies":"2 Louse","floor":1,"turns":3},{"damage":0,"enemies":"Cultist","floor":2,"turns":3},{"damage":4,"enemies":"Jaw Worm","floor":3,"turns":2},{"damage":0,"enemies":"3 Louse","floor":5,"turns":3},{"damage":56,"enemies":"Gremlin Nob","floor":6,"turns":5},{"damage":1,"enemies":"Blue Slaver","floor":11,"turns":2},{"damage":6,"enemies":"Red Slaver","floor":12,"turns":3},{"damage":1,"enemies":"2 Fungi Beasts","floor":14,"turns":4},{"damage":21,"enemies":"The Guardian","floor":16,"turns":17},{"damage":9,"enemies":"Shell Parasite","floor":18,"turns":5},{"damage":5,"enemies":"Chosen","floor":21,"turns":4},{"damage":43,"enemies":"Book of Stabbing","floor":24,"turns":5}],"seed_played":"-5490850937574841939","potions_obtained":[{"floor":1,"key":"SpeedPotion"},{"floor":8,"key":"SmokeBomb"},{"floor":8,"key":"SpeedPotion"}],"is_trial":false,"path_per_floor":["M","M","M","$","M","E","R","?","T","R","M","M","R","M","R","B",null,"M","$","?","M","?","R","E"],"character_chosen":"WATCHER","items_purchased":["Crescendo","Bottled Lightning"],"campfire_rested":3,"item_purchase_floors":[4,19],"current_hp_per_floor":[61,61,57,57,57,1,21,21,21,41,40,34,34,33,33,12,54,45,45,26,21,21,42,0,0],"gold":1,"neow_bonus":"HUNDRED_GOLD","is_daily":false,"chose_seed":false,"campfire_upgraded":2,"win_rate":0.0,"timestamp":1610502536,"path_taken":["M","M","M","$","M","E","R","?","T","R","M","M","R","?","R","BOSS","M","$","?","M","?","R","E"],"items_purchased_type":["Card","Relic"],"build_version":"2020-12-22","purchased_purges":1,"victory":false,"max_hp_per_floor":[68,68,68,68,68,68,68,68,68,68,68,68,68,68,68,68,68,68,68,73,73,73,73,73,73],"card_choices":[{"not_picked":["Collect","Protect"],"picked":"ReachHeaven","floor":1},{"not_picked":["Pray","PathToVictory"],"picked":"Protect","floor":2},{"not_picked":["ReachHeaven","Nirvana","FlyingSleeves"],"picked":"SKIP","floor":3},{"not_picked":["Prostrate","BattleHymn"],"picked":"ClearTheMind","floor":5},{"not_picked":["Protect","Prostrate"],"picked":"WheelKick","floor":6},{"not_picked":["ReachHeaven","Protect","SandsOfTime"],"picked":"SKIP","floor":11},{"not_picked":["Prostrate","Vault","Protect"],"picked":"SKIP","floor":12},{"not_picked":["FlyingSleeves","ForeignInfluence","Prostrate"],"picked":"SKIP","floor":14},{"not_picked":["Brilliance","Blasphemy"],"picked":"DeusExMachina","floor":16},{"not_picked":["ClearTheMind","Evaluate","ReachHeaven"],"picked":"SKIP","floor":18}],"player_experience":854245,"relics_obtained":[{"floor":6,"key":"Darkstone Periapt"},{"floor":9,"key":"Kunai"}],"event_choices":[{"damage_healed":0,"gold_gain":0,"player_choice":"Bought 2 Potions","damage_taken":0,"max_hp_gain":0,"max_hp_loss":0,"event_name":"The Woman in Blue","floor":8,"gold_loss":0},{"damage_healed":0,"gold_gain":0,"player_choice":"Shed Blood","damage_taken":24,"max_hp_gain":5,"max_hp_loss":0,"event_name":"Forgotten Altar","floor":20,"gold_loss":0},{"damage_healed":0,"gold_gain":0,"player_choice":"Ignored","damage_taken":0,"max_hp_gain":0,"max_hp_loss":0,"event_name":"The Mausoleum","floor":22,"gold_loss":0}],"is_beta":false,"boss_relics":[{"not_picked":["Tiny House","SacredBark"],"picked":"SlaversCollar"}],"items_purged_floors":[4],"is_endless":false,"potions_floor_spawned":[1,11,14,21],"killed_by":"Book of Stabbing","ascension_level":19}}