{"host":"jl3raagrljzztomj","time":1610542813,"event":{"mods":["Aspiration","BaseMod","BetterRewards","Colored Map","Colored Powertips","Custom Start","Hermit","Highlight Path","Minty Spire (QoL Compilation)","Permanent Neow","StSLib","The Runesmith"],"gold_per_floor":[212,212,212,223,223,257,257,257,257,179,179,179,202,224,224,229,229],"floor_reached":16,"language":"ENG","playtime":583,"items_purged":[],"score":98,"play_id":"ce588534-6369-4691-87e7-5785b1a276d3","local_time":"20210113070013","is_ascension_mode":false,"campfire_choices":[{"data":"hermit:Midnight","floor":8,"key":"SMITH"},{"data":"hermit:Scavenge","floor":11,"key":"SMITH"},{"floor":15,"key":"REST"}],"circlet_count":0,"master_deck":["hermit:Strike_Hermit","hermit:Strike_Hermit","hermit:Strike_Hermit","hermit:Strike_Hermit","hermit:Defend_Hermit","hermit:Defend_Hermit","hermit:Defend_Hermit","hermit:Defend_Hermit","hermit:Snapshot","hermit:Covet","hermit:Midnight+1","Regret","hermit:Scavenge","hermit:Scavenge+1","hermit:LoneWolf","hermit:Magnum+1"],"relics":["hermit:Momento","Molten Egg 2","HornCleat","Girya","Sundial","Bottled Lightning"],"acts_visited":["Exordium"],"potions_floor_usage":[],"damage_taken":[{"damage":1,"enemies":"Jaw Worm","floor":1,"turns":3},{"damage":5,"enemies":"Small Slimes","floor":4,"turns":4},{"damage":26,"enemies":"3 Sentries","floor":6,"turns":10},{"damage":0,"enemies":"Cultist","floor":13,"turns":4},{"damage":6,"enemies":"Large Slime","floor":14,"turns":8},{"damage":64,"enemies":"Slime Boss","floor":16,"turns":6}],"seed_played":"-3954437767934396797","potions_obtained":[{"floor":1,"key":"ColorlessPotion"}],"is_trial":false,"path_per_floor":["M","?","?","M","?","E","T","R","T","$","R","?","M","M","R","B"],"character_chosen":"HERMIT","items_purchased":["hermit:Scavenge"],"campfire_rested":1,"item_purchase_floors":[10],"current_hp_per_floor":[74,74,74,69,69,43,43,43,43,43,43,43,43,37,59,0,0],"gold":229,"neow_bonus":"HUNDRED_GOLD","is_daily":false,"chose_seed":false,"campfire_upgraded":2,"win_rate":0.0,"timestamp":1610542813,"path_taken":["M","?","?","?","?","E","?","R","T","$","R","?","M","?","R","BOSS"],"items_purchased_type":["Card"],"build_version":"2020-12-22","purchased_purges":0,"victory":false,"max_hp_per_floor":[75,75,75,75,75,75,75,75,75,75,75,75,75,75,75,75,75],"card_choices":[{"not_picked":["hermit:DeadMansHand","hermit:LowProfile","hermit:Headshot"],"picked":"SKIP","floor":1},{"not_picked":["hermit:Coalescence","hermit:Malice+1"],"picked":"hermit:Midnight","floor":4},{"not_picked":["hermit:Gestalt","hermit:HighCaliber+1"],"picked":"hermit:Scavenge","floor":6},{"not_picked":["hermit:SprayPray+1","hermit:Headshot+1","hermit:Virtue"],"picked":"SKIP","floor":13},{"not_picked":["hermit:Cheat","hermit:Desperado+1"],"picked":"hermit:Magnum+1","floor":14}],"player_experience":934209,"relics_obtained":[{"floor":6,"key":"Girya"},{"floor":7,"key":"Sundial"},{"floor":9,"key":"Bottled Lightning"}],"event_choices":[{"cards_removed":["Injury"],"damage_healed":0,"gold_gain":0,"player_choice":"Removed Curses","damage_taken":0,"max_hp_gain":0,"max_hp_loss":0,"event_name":"Fountain of Cleansing","floor":3,"gold_loss":0},{"damage_healed":0,"gold_gain":0,"player_choice":"Box","damage_taken":0,"relics_obtained":["HornCleat"],"max_hp_gain":0,"max_hp_loss":0,"event_name":"Big Fish","floor":5,"gold_loss":0,"cards_obtained":["Regret"]},{"damage_healed":0,"gold_gain":0,"player_choice":"1 cards matched","damage_taken":0,"max_hp_gain":0,"max_hp_loss":0,"event_name":"Match and Keep!","floor":12,"gold_loss":0,"cards_obtained":["hermit:LoneWolf"]}],"is_beta":false,"boss_relics":[],"items_purged_floors":[],"is_endless":false,"potions_floor_spawned":[1],"killed_by":"Slime Boss","ascension_level":0}}