{"host":"52lujqhsyicpcskq","time":1610527159,"event":{"mods":["BaseMod","Colored Map","DeckTracker","Minty Spire (QoL Compilation)","Permanent Neow","StSLib","SuperFastMode","everything is the same but u backflip on backflip"],"gold_per_floor":[109,129,145,157,169,169,199,199,250,285,285,319,319,72,72,172,172,160,64,75,25,40,40,50,50,50,50,50,78,78,105,105,200,200,218,218,218,231,41,41,52,83,133,133,144,144,64,64,64,64,64],"floor_reached":50,"language":"KOR","playtime":1678,"items_purged":["Defend_R","Defend_R","Bash"],"score":871,"play_id":"9bee2ef7-2142-4860-a202-4a5dceb340d2","local_time":"20210113173919","is_ascension_mode":true,"campfire_choices":[{"data":"Perfected Strike","floor":6,"key":"SMITH"},{"data":"Inflame","floor":13,"key":"SMITH"},{"floor":15,"key":"REST"},{"data":"Uppercut","floor":23,"key":"SMITH"},{"data":"Perfected Strike","floor":25,"key":"SMITH"},{"data":"Shrug It Off","floor":27,"key":"SMITH"},{"floor":30,"key":"REST"},{"floor":32,"key":"REST"},{"data":"Flame Barrier","floor":40,"key":"SMITH"},{"floor":44,"key":"REST"},{"data":"Disarm","floor":46,"key":"SMITH"},{"data":"Double Tap","floor":49,"key":"SMITH"}],"circlet_count":0,"master_deck":["Strike_R+1","Strike_R+1","Strike_R+1","Strike_R+1","Strike_R+1","Defend_R+1","Defend_R+1","Perfected Strike+1","Twin Strike","Pommel Strike","Disarm+1","Flame Barrier+1","Double Tap+1","Inflame+1","Perfected Strike+1","Impervious","Wild Strike","Shrug It Off+1","Uppercut+1","Thunderclap+1","Headbutt+1","Dual Wield+1","Reaper","Pommel Strike+1"],"relics":["Burning Blood","Anchor","Boot","War Paint","Darkstone Periapt","Smiling Mask","Happy Flower","Oddly Smooth Stone","SacredBark","The Courier","Red Skull","StoneCalendar","Philosopher\u0027s Stone","Paper Frog","Thread and Needle","Ancient Tea Set"],"acts_visited":["Exordium","TheCity","TheBeyond"],"potions_floor_usage":[5,16,24,31,31,33,38,41,42,50,50],"damage_taken":[{"damage":2,"enemies":"Jaw Worm","floor":1,"turns":3},{"damage":1,"enemies":"2 Louse","floor":2,"turns":2},{"damage":5,"enemies":"Small Slimes","floor":3,"turns":3},{"damage":0,"enemies":"Red Slaver","floor":4,"turns":3},{"damage":3,"enemies":"Large Slime","floor":5,"turns":6},{"damage":18,"enemies":"3 Sentries","floor":7,"turns":7},{"damage":31,"enemies":"Lagavulin","floor":10,"turns":5},{"damage":8,"enemies":"Gremlin Nob","floor":12,"turns":3},{"damage":0,"enemies":"Slime Boss","floor":16,"turns":6},{"damage":7,"enemies":"2 Thieves","floor":18,"turns":4},{"damage":6,"enemies":"3 Byrds","floor":20,"turns":4},{"damage":28,"enemies":"3 Cultists","floor":22,"turns":5},{"damage":2,"enemies":"Snake Plant","floor":24,"turns":5},{"damage":32,"enemies":"Book of Stabbing","floor":29,"turns":5},{"damage":0,"enemies":"Gremlin Leader","floor":31,"turns":1},{"damage":70,"enemies":"Collector","floor":33,"turns":8},{"damage":27,"enemies":"3 Darklings","floor":35,"turns":6},{"damage":2,"enemies":"Orb Walker","floor":38,"turns":2},{"damage":5,"enemies":"Jaw Worm Horde","floor":41,"turns":3},{"damage":38,"enemies":"Nemesis","floor":42,"turns":7},{"damage":4,"enemies":"Sphere and 2 Shapes","floor":45,"turns":4},{"damage":111,"enemies":"Time Eater","floor":50,"turns":8}],"seed_played":"-2743252963328097780","potions_obtained":[{"floor":2,"key":"DuplicationPotion"},{"floor":4,"key":"Energy Potion"},{"floor":12,"key":"DuplicationPotion"},{"floor":18,"key":"DuplicationPotion"},{"floor":22,"key":"HeartOfIron"},{"floor":29,"key":"FearPotion"},{"floor":35,"key":"Regen Potion"},{"floor":37,"key":"Fire Potion"},{"floor":37,"key":"FearPotion"},{"floor":41,"key":"ElixirPotion"}],"is_trial":false,"path_per_floor":["M","M","M","M","M","R","E","?","T","E","?","E","R","$","R","B",null,"M","$","M","$","M","R","M","R","T","R","?","E","R","E","R","B",null,"M","?","?","M","$","R","M","E","T","R","M","R","$","?","R","B"],"character_chosen":"IRONCLAD","items_purchased":["Oddly Smooth Stone","Perfected Strike","Shrug It Off","Paper Frog","Strength Potion","Energy Potion"],"campfire_rested":4,"item_purchase_floors":[14,14,19,39,47,47],"current_hp_per_floor":[76,80,80,80,80,80,68,68,68,43,40,38,38,38,62,68,77,76,76,76,76,54,54,58,58,58,58,58,32,56,62,80,16,64,59,59,59,73,73,73,74,42,42,66,78,78,78,78,78,0,0],"gold":64,"neow_bonus":"RANDOM_COMMON_RELIC","is_daily":false,"chose_seed":false,"campfire_upgraded":8,"win_rate":0.0,"timestamp":1610527159,"path_taken":["M","M","M","M","M","R","E","?","T","E","?","E","R","$","R","BOSS","M","$","M","$","M","R","M","R","T","R","?","E","R","E","R","BOSS","M","?","?","M","$","R","?","E","T","R","M","R","?","?","R","BOSS"],"items_purchased_type":["Relic","Card","Card","Relic","Potion","Potion"],"build_version":"2020-12-22","purchased_purges":3,"victory":false,"max_hp_per_floor":[80,80,80,80,80,80,80,80,80,80,80,80,80,80,80,80,80,80,80,80,80,80,80,80,80,80,80,80,80,80,80,80,80,80,80,80,80,80,80,80,80,80,80,80,80,80,80,80,80,80,80],"card_choices":[{"not_picked":["Cleave","Iron Wave"],"picked":"Perfected Strike","floor":1},{"not_picked":["Warcry","True Grit"],"picked":"Twin Strike","floor":2},{"not_picked":["Rage","Iron Wave"],"picked":"Pommel Strike","floor":3},{"not_picked":["Warcry","Twin Strike"],"picked":"Disarm","floor":4},{"not_picked":["Sword Boomerang","Cleave"],"picked":"Flex","floor":5},{"not_picked":["Rampage","Intimidate"],"picked":"Flame Barrier","floor":7},{"not_picked":["Sever Soul","Sword Boomerang"],"picked":"Double Tap","floor":10},{"not_picked":["Burning Pact","Heavy Blade"],"picked":"Inflame","floor":12},{"not_picked":["Juggernaut","Limit Break"],"picked":"Impervious","floor":16},{"not_picked":["Thunderclap","Armaments"],"picked":"Wild Strike","floor":18},{"not_picked":["Infernal Blade","Armaments"],"picked":"Uppercut","floor":20},{"not_picked":["Flex","True Grit"],"picked":"Thunderclap+1","floor":22},{"not_picked":["Spot Weakness","Double Tap"],"picked":"Headbutt+1","floor":24},{"not_picked":["Havoc+1","Thunderclap","Heavy Blade"],"picked":"SKIP","floor":29},{"not_picked":["Fire Breathing+1","Evolve"],"picked":"Dual Wield+1","floor":31},{"not_picked":["Barricade","Impervious"],"picked":"Reaper","floor":33},{"not_picked":["Rage","Entrench+1"],"picked":"Pommel Strike+1","floor":35},{"not_picked":["Havoc","Sever Soul","Dual Wield+1"],"picked":"SKIP","floor":38},{"not_picked":["Headbutt","Heavy Blade+1","Flex+1"],"picked":"SKIP","floor":41},{"not_picked":["Anger+1","Iron Wave+1","Headbutt"],"picked":"SKIP","floor":42},{"not_picked":["Headbutt+1","Warcry","Impervious"],"picked":"SKIP","floor":45}],"player_experience":672678,"relics_obtained":[{"floor":7,"key":"Boot"},{"floor":9,"key":"War Paint"},{"floor":10,"key":"Darkstone Periapt"},{"floor":12,"key":"Happy Flower"},{"floor":26,"key":"The Courier"},{"floor":29,"key":"Red Skull"},{"floor":31,"key":"StoneCalendar"},{"floor":42,"key":"Thread and Needle"},{"floor":43,"key":"Ancient Tea Set"}],"event_choices":[{"damage_healed":0,"gold_gain":0,"player_choice":"Ignored","damage_taken":0,"max_hp_gain":0,"max_hp_loss":0,"event_name":"Liars Game","floor":8,"gold_loss":0},{"damage_healed":0,"gold_gain":0,"player_choice":"Success","damage_taken":3,"relics_obtained":["Smiling Mask"],"max_hp_gain":0,"max_hp_loss":0,"event_name":"Scrap Ooze","floor":11,"gold_loss":0},{"damage_healed":0,"gold_gain":0,"player_choice":"Simplicity","damage_taken":0,"max_hp_gain":0,"max_hp_loss":0,"event_name":"Back to Basics","floor":28,"gold_loss":0,"cards_upgraded":["Strike_R","Strike_R","Strike_R","Strike_R","Strike_R"]},{"damage_healed":0,"gold_gain":0,"player_choice":"Ignored","damage_taken":0,"max_hp_gain":0,"max_hp_loss":0,"event_name":"Tomb of Lord Red Mask","floor":36,"gold_loss":0},{"damage_healed":0,"gold_gain":0,"player_choice":"Got Potions","damage_taken":0,"max_hp_gain":0,"max_hp_loss":0,"event_name":"Lab","floor":37,"gold_loss":0},{"cards_removed":["Flex"],"damage_healed":0,"gold_gain":0,"player_choice":"Removed Skill","damage_taken":0,"max_hp_gain":0,"max_hp_loss":0,"event_name":"Falling","floor":48,"gold_loss":0}],"is_beta":false,"boss_relics":[{"not_picked":["Runic Dome","Runic Pyramid"],"picked":"SacredBark"},{"not_picked":["Black Star","Runic Cube"],"picked":"Philosopher\u0027s Stone"}],"items_purged_floors":[14,19,21],"is_endless":false,"potions_floor_spawned":[2,4,12,18,22,29,35,41],"killed_by":"Time Eater","ascension_level":9}}