{"host":"l84l8xigz5v5foa2","time":1610558043,"event":{"mods":["2.2 Compatiblity","AchievementEnabler","BaseMod","Better Note","Better Vampires","Card Filter","Colored Map","DeckTracker","Downfall","Gremlin Skip","Highlight Path","Keyboard Shortcuts","Minty Spire (QoL Compilation)","Permanent Neow","Quick Restart","Relic Filter","Relic Stats","StSLib","SuperFastMode","Transform Curses","Unknown Chances"],"gold_per_floor":[99,119,119,20,70,86,86,86,113,113,124,147,72,100,112,191,191,191,208,228,228,20,20,44,29,62,62,62,121,66,119,170,288,288,288,344,410,461,769,694,694,760,685,299,369,243,243,294,352,392,392,459,85,85,125],"floor_reached":56,"language":"ENG","playtime":3670,"items_purged":["hexamod:Strike","hexamod:Strike+1","hexamod:Strike+1","hexamod:Sear+1"],"score":2585,"play_id":"145875ec-c4c1-4a67-929f-5b5fbe7e13bf","local_time":"20210114021403","is_ascension_mode":true,"campfire_choices":[{"data":"hexamod:Float","floor":1.0,"key":"SMITH"},{"data":"hexamod:GhostOfSpirePast","floor":8.0,"key":"SMITH"},{"data":"hexamod:GhostOfSpireFuture","floor":13.0,"key":"SMITH"},{"data":"hexamod:HexaLevel","floor":18.0,"key":"SMITH"},{"data":"hexamod:Rewind","floor":23.0,"key":"SMITH"},{"data":"hexamod:Rewind","floor":28.0,"key":"SMITH"},{"floor":35.0,"key":"RECALL"},{"data":"hexamod:SkipABeat","floor":40.0,"key":"SMITH"},{"data":"hexamod:Incineration","floor":43.0,"key":"SMITH"},{"data":"hexamod:Haunt","floor":47.0,"key":"SMITH"}],"circlet_count":0,"master_deck":["AscendersBane","hexamod:Defend+1","hexamod:Defend+1","hexamod:Defend+1","hexamod:Defend+1","hexamod:Float+1","hexamod:HexaLevel+1","hexamod:GhostLash+1","hexamod:GhostOfSpirePast+1","hexamod:GiftsFromTheDead+1","hexamod:BacktrackSmack+1","hexamod:GhostOfSpireFuture+1","hexamod:HauntingEcho+1","hexamod:StepThrough+1","hexamod:ShieldOfDarkness+1","hexamod:InspiringFlames+1","hexamod:TimeWarp+1","hexamod:StepThrough+1","hexamod:AdvancingGuard+1","hexamod:FastForward+1","hexamod:Rewind+1","hexamod:Rewind+1","hexamod:NightmareGuise+1","hexamod:TimeWarp+1","hexamod:SkipABeat+1","hexamod:Incineration+1","hexamod:EmpoweringStance+1","hexamod:FirstSeal","hexamod:StepThrough+1","hexamod:FourthSeal","hexamod:SixthSeal","hexamod:ThirdSeal","hexamod:Haunt+1","hexamod:Hexaguard+1"],"relics":["hexamod:SpiritBrand","The Courier","Boot","downfall:HeartBlessingBlue","Toy Ornithopter","Coffee Dripper","Lee\u0027s Waffle","Oddly Smooth Stone","hexamod:TheBrokenSeal","Lantern","downfall:KnowingSkull","SacredBark","hexamod:TheBrokenSeal","downfall:HeartBlessingRed","hexamod:BolsterEngine","Juzu Bracelet","downfall:HeartBlessingGreen","Torii","hexamod:TheBrokenSeal","Bag of Preparation","Strawberry","Nunchaku","Bag of Marbles","Orichalcum"],"acts_visited":["Exordium","TheCity","TheBeyond","TheEnding"],"potions_floor_usage":[],"damage_taken":[{"damage":1.0,"enemies":"2 Louse","floor":2.0,"turns":3.0},{"damage":0.0,"enemies":"downfall:FleeingMerchant","floor":4.0,"turns":4.0},{"damage":6.0,"enemies":"Jaw Worm","floor":6.0,"turns":3.0},{"damage":15.0,"enemies":"Lagavulin","floor":9.0,"turns":8.0},{"damage":0.0,"enemies":"Cultist","floor":11.0,"turns":3.0},{"damage":4.0,"enemies":"3 Sentries","floor":14.0,"turns":5.0},{"damage":10.0,"enemies":"3 Louse","floor":15.0,"turns":4.0},{"damage":23.0,"enemies":"downfall:Watcher","floor":16.0,"turns":9.0},{"damage":25.0,"enemies":"Chosen","floor":19.0,"turns":6.0},{"damage":28.0,"enemies":"Snecko","floor":20.0,"turns":7.0},{"damage":4.0,"enemies":"downfall:FleeingMerchant","floor":22.0,"turns":4.0},{"damage":0.0,"enemies":"downfall:FleeingMerchant","floor":25.0,"turns":4.0},{"damage":80.0,"enemies":"Slavers","floor":26.0,"turns":7.0},{"damage":11.0,"enemies":"Cultist and Chosen","floor":29.0,"turns":5.0},{"damage":6.0,"enemies":"downfall:FleeingMerchant","floor":30.0,"turns":4.0},{"damage":5.0,"enemies":"Snake Plant","floor":31.0,"turns":5.0},{"damage":16.0,"enemies":"Centurion and Healer","floor":32.0,"turns":7.0},{"damage":3.0,"enemies":"downfall:Defect","floor":33.0,"turns":5.0},{"damage":6.0,"enemies":"3 Darklings","floor":36.0,"turns":7.0},{"damage":22.0,"enemies":"Orb Walker","floor":37.0,"turns":7.0},{"damage":47.0,"enemies":"Writhing Mass","floor":38.0,"turns":7.0},{"damage":3.0,"enemies":"downfall:FleeingMerchant","floor":39.0,"turns":4.0},{"damage":5.0,"enemies":"Giant Head","floor":42.0,"turns":6.0},{"damage":50.0,"enemies":"3 Darklings","floor":45.0,"turns":7.0},{"damage":3.0,"enemies":"Sphere and 2 Shapes","floor":48.0,"turns":5.0},{"damage":3.0,"enemies":"Transient","floor":49.0,"turns":6.0},{"damage":3.0,"enemies":"downfall:Ironclad","floor":50.0,"turns":5.0},{"damage":3.0,"enemies":"downfall:CharBossMerchant","floor":52.0,"turns":6.0},{"damage":3,"enemies":"downfall:NeowBoss","floor":55,"turns":14}],"seed_played":"8484905263040168293","potions_obtained":[{"floor":2.0,"key":"Slimebound:ThreeZeroPotion"},{"floor":11.0,"key":"GamblersBrew"},{"floor":16.0,"key":"Explosive Potion"},{"floor":20.0,"key":"AttackPotion"},{"floor":29.0,"key":"EssenceOfSteel"},{"floor":29.0,"key":"EssenceOfSteel"},{"floor":30.0,"key":"Weak Potion"},{"floor":31.0,"key":"Swift Potion"},{"floor":32.0,"key":"AttackPotion"},{"floor":32.0,"key":"PowerPotion"},{"floor":32.0,"key":"LiquidMemories"},{"floor":33.0,"key":"DuplicationPotion"},{"floor":36.0,"key":"Explosive Potion"},{"floor":36.0,"key":"LiquidBronze"},{"floor":36.0,"key":"Energy Potion"},{"floor":37.0,"key":"champ:CounterPotion"},{"floor":37.0,"key":"SteroidPotion"},{"floor":38.0,"key":"hexamod:InfernoChargePotion"},{"floor":42.0,"key":"hexamod:EctoCoolerPotion"},{"floor":45.0,"key":"SneckoOil"},{"floor":48.0,"key":"EssenceOfSteel"},{"floor":52.0,"key":"DistilledChaos"}],"is_trial":false,"path_per_floor":["R","M","?","$","?","M","T","R","E","?","M","T","R","E","M","B",null,"R","M","M","?","$","R","T","$","E","?","R","M","$","M","M","B",null,"R","M","M","M","$","R","T","E","R","$","M","$","R","M","M","B",null,"E","$","R","B",null],"character_chosen":"THE_SPIRIT","items_purchased":["hexamod:ThirdSeal","Lee\u0027s Waffle","Torii","Bag of Preparation","Nunchaku","Bag of Marbles","Orichalcum"],"campfire_rested":0,"item_purchase_floors":[4,22,44,46,53,53,53],"current_hp_per_floor":[57,56,61,61,61,55,55,55,40,40,40,40,50,46,36,13,62,62,42,21,21,85,85,85,85,86,72,72,68,79,81,82,91,94,94,95,105,70,81,81,81,88,88,88,115,115,115,115,115,115,115,122,122,122,122],"gold":125,"neow_bonus":"ONE_RANDOM_RARE_CARD","is_daily":false,"chose_seed":false,"campfire_upgraded":9,"win_rate":0.0,"timestamp":1610558043,"path_taken":["R","M","?","$","?","?","T","R","E","?","M","?","R","E","M","BOSS","R","M","M","?","$","R","T","?","E","?","R","M","$","M","M","BOSS","R","M","M","M","$","R","T","E","R","$","M","$","R","M","M","BOSS","E","$","R","BOSS"],"items_purchased_type":["Card","Relic","Relic","Relic","Relic","Relic","Relic"],"build_version":"2020-12-22","purchased_purges":4,"victory":true,"max_hp_per_floor":[63,63,68,68,68,68,68,68,68,68,68,68,78,78,78,78,78,78,78,78,78,85,85,85,85,95,95,95,95,95,95,95,95,95,95,95,105,105,105,105,105,105,105,105,115,115,115,115,115,115,115,122,122,122,122],"relic_stats":{"Lee\u0027s Waffle":68,"Nunchaku":[6],"Torii":1,"counters":[29,167],"Juzu Bracelet":0,"Bag of Preparation":[10],"Orichalcum":[6],"Boot":[23],"obtain_stats":[{"Lee\u0027s Waffle":22,"Lantern":26,"downfall:HeartBlessingRed":40,"Torii":44,"SacredBark":34,"Oddly Smooth Stone":24,"hexamod:TheBrokenSeal":26,"downfall:HeartBlessingGreen":43,"The Courier":7,"Juzu Bracelet":42,"Bag of Preparation":46,"Orichalcum":53,"Boot":9,"Nunchaku":53,"downfall:HeartBlessingBlue":13,"Strawberry":52,"downfall:KnowingSkull":27,"Coffee Dripper":17,"Bag of Marbles":53,"hexamod:BolsterEngine":41,"hexamod:SpiritBrand":0,"Toy Ornithopter":14},{"Lee\u0027s Waffle":11,"Lantern":13,"downfall:HeartBlessingRed":22,"Torii":23,"SacredBark":18,"Oddly Smooth Stone":11,"hexamod:TheBrokenSeal":13,"downfall:HeartBlessingGreen":23,"The Courier":3,"Juzu Bracelet":23,"Bag of Preparation":24,"Orichalcum":28,"Boot":4,"Nunchaku":28,"downfall:HeartBlessingBlue":5,"Strawberry":28,"downfall:KnowingSkull":13,"Coffee Dripper":8,"Bag of Marbles":28,"hexamod:BolsterEngine":22,"hexamod:SpiritBrand":0,"Toy Ornithopter":6},{"Lee\u0027s Waffle":56,"Lantern":67,"downfall:HeartBlessingRed":118,"Torii":124,"SacredBark":93,"Oddly Smooth Stone":56,"hexamod:TheBrokenSeal":64,"downfall:HeartBlessingGreen":124,"The Courier":10,"Juzu Bracelet":124,"Bag of Preparation":131,"Orichalcum":153,"Boot":18,"Nunchaku":153,"downfall:HeartBlessingBlue":21,"Strawberry":153,"downfall:KnowingSkull":67,"Coffee Dripper":39,"Bag of Marbles":153,"hexamod:BolsterEngine":118,"hexamod:SpiritBrand":0,"Toy Ornithopter":26}],"Toy Ornithopter":57},"card_choices":[{"not_picked":["hexamod:NightmareGuise","hexamod:BurningTouch","hexamod:AdvancingGuard"],"picked":"SKIP","floor":2.0},{"not_picked":["hexamod:InspiringFlames","hexamod:ShieldOfDarkness"],"picked":"hexamod:GhostLash","floor":4.0},{"not_picked":["hexamod:SpectersWail","hexamod:ThermalTransfer"],"picked":"hexamod:GhostOfSpirePast","floor":6.0},{"not_picked":["hexamod:RetreatToShadows","hexamod:GhostShield"],"picked":"hexamod:GiftsFromTheDead","floor":6.0},{"not_picked":["hexamod:NightmareGuise","hexamod:SpectralSpark"],"picked":"hexamod:ThirdSeal","floor":9.0},{"not_picked":["hexamod:BurningTouch","hexamod:Hexaguard"],"picked":"hexamod:BacktrackSmack","floor":9.0},{"not_picked":["hexamod:Hexaguard","hexamod:NightmareGuise"],"picked":"hexamod:GhostOfSpireFuture","floor":11.0},{"not_picked":["hexamod:SpectersWail","hexamod:BacktrackSmack","hexamod:NightmareStrike"],"picked":"SKIP","floor":11.0},{"not_picked":["hexamod:HauntingEcho","hexamod:ExtraCrispy","hexamod:BacktrackSmack"],"picked":"SKIP","floor":11.0},{"not_picked":["hexamod:ExtraCrispy","hexamod:BacktrackSmack"],"picked":"hexamod:HauntingEcho","floor":11.0},{"not_picked":["hexamod:SpectersWail","hexamod:BacktrackSmack","hexamod:NightmareStrike"],"picked":"SKIP","floor":11.0},{"not_picked":["hexamod:GhostLash","hexamod:Hexaguard"],"picked":"hexamod:StepThrough","floor":14.0},{"not_picked":["hexamod:TimeWarp","hexamod:SecondSeal"],"picked":"hexamod:SixthSeal","floor":14.0},{"not_picked":["hexamod:ShieldOfDarkness","hexamod:BacktrackSmack"],"picked":"hexamod:ThirdSeal","floor":14.0},{"not_picked":["hexamod:DynamicBlow","hexamod:GhostOfSpirePresent"],"picked":"hexamod:ShieldOfDarkness","floor":15.0},{"not_picked":["hexamod:ThermalTransfer","hexamod:ThirdSeal"],"picked":"hexamod:InspiringFlames","floor":15.0},{"not_picked":["hexamod:DynamicBlow","hexamod:BacktrackSmack","hexamod:SuperheatedStrike"],"picked":"SKIP","floor":15.0},{"not_picked":["hexamod:RainOfEmbers","hexamod:Incineration","hexamod:PhantomFireball"],"picked":"SKIP","floor":15.0},{"not_picked":["hexamod:ApocalypticArmor","hexamod:TimeOfNeed"],"picked":"hexamod:FifthSeal","floor":16.0},{"not_picked":["hexamod:EmpoweringStance","hexamod:CrushingStance"],"picked":"hexamod:SixthSeal","floor":16.0},{"not_picked":["hexamod:GhostflameInferno","hexamod:Toasty"],"picked":"hexamod:TimeWarp","floor":16.0},{"not_picked":["hexamod:AdvancingGuard","hexamod:HeatMetal"],"picked":"hexamod:StepThrough","floor":19.0},{"not_picked":["hexamod:SwordOfDarkness","hexamod:RetreatToShadows"],"picked":"hexamod:AdvancingGuard","floor":19.0},{"not_picked":["hexamod:SuperheatedStrike","hexamod:Firestarter"],"picked":"hexamod:FastForward","floor":19.0},{"not_picked":["hexamod:ThirdSeal","hexamod:SecondSeal"],"picked":"hexamod:FirstSeal","floor":19.0},{"not_picked":["hexamod:SpectersWail","hexamod:SwordOfDarkness","hexamod:InspiringFlames"],"picked":"SKIP","floor":19.0},{"not_picked":["hexamod:HauntingEcho","hexamod:SwordOfDarkness"],"picked":"hexamod:Rewind","floor":20.0},{"not_picked":["hexamod:ThirdSeal","hexamod:SixthSeal"],"picked":"hexamod:FirstSeal","floor":20.0},{"not_picked":["hexamod:PowerFromBeyond","hexamod:RainOfEmbers","hexamod:SwordOfDarkness"],"picked":"SKIP","floor":20.0},{"not_picked":["hexamod:NecessarySacrifice","hexamod:NightmareStrike","hexamod:PhantomCloak"],"picked":"SKIP","floor":20.0},{"not_picked":["hexamod:HauntingEcho","hexamod:PhantomFireball","hexamod:RainOfEmbers"],"picked":"SKIP","floor":20.0},{"not_picked":["hexamod:FirstSeal","hexamod:ThirdSeal"],"picked":"hexamod:FourthSeal","floor":22.0},{"not_picked":["hexamod:SwordOfDarkness","hexamod:HeatCrush","hexamod:FirstSeal"],"picked":"SKIP","floor":22.0},{"not_picked":["hexamod:SuperheatedStrike","hexamod:SpectersWail","hexamod:GhostOfSpirePresent"],"picked":"SKIP","floor":22.0},{"not_picked":["hexamod:CatchUp","hexamod:ThirdSeal","hexamod:SuperheatedStrike"],"picked":"SKIP","floor":22.0},{"not_picked":["hexamod:PowerFromBeyond","hexamod:Hexaguard"],"picked":"hexamod:Rewind","floor":25.0},{"not_picked":["hexamod:FourthSeal","hexamod:SixthSeal"],"picked":"hexamod:SecondSeal","floor":25.0},{"not_picked":["hexamod:HexaLevel","hexamod:BacktrackSmack","hexamod:SwordOfDarkness"],"picked":"SKIP","floor":25.0},{"not_picked":["hexamod:ExtraCrispy","hexamod:NightmareStrike","hexamod:Hexaguard"],"picked":"SKIP","floor":25.0},{"not_picked":["hexamod:HeatShield","hexamod:Firestarter","hexamod:SuperheatedStrike"],"picked":"SKIP","floor":25.0},{"not_picked":["hexamod:GhostOfSpirePresent","hexamod:NecessarySacrifice"],"picked":"hexamod:FourthSeal","floor":26.0},{"not_picked":["hexamod:SuperheatedStrike","hexamod:FastForward"],"picked":"hexamod:FourthSeal","floor":26.0},{"not_picked":["hexamod:ShieldOfDarkness","hexamod:RetreatToShadows"],"picked":"hexamod:NightmareGuise","floor":26.0},{"not_picked":["hexamod:InspiringFlames","hexamod:HeatCrush"],"picked":"hexamod:TimeWarp","floor":29.0},{"not_picked":["hexamod:Again","hexamod:NightmareGuise","hexamod:CatchUp"],"picked":"SKIP","floor":29.0},{"not_picked":["hexamod:BurningTouch","hexamod:GhostOfSpirePresent","hexamod:NightmareGuise"],"picked":"SKIP","floor":29.0},{"not_picked":["hexamod:GhostLash+1","hexamod:SecondSeal"],"picked":"hexamod:SkipABeat","floor":30.0},{"not_picked":["hexamod:RainOfEmbers","hexamod:FastForward"],"picked":"hexamod:Incineration","floor":30.0},{"not_picked":["hexamod:WildfireWeapon","hexamod:GhostflameBarrier","hexamod:BacktrackSmack"],"picked":"SKIP","floor":30.0},{"not_picked":["hexamod:SwordOfDarkness","hexamod:EtherealExpedition","hexamod:NightmareStrike"],"picked":"SKIP","floor":31.0},{"not_picked":["hexamod:Firestarter","hexamod:ExtraCrispy","hexamod:SkipABeat"],"picked":"SKIP","floor":31.0},{"not_picked":["hexamod:InspiringFlames","hexamod:NightmareStrike","hexamod:ThirdSeal"],"picked":"SKIP","floor":31.0},{"not_picked":["hexamod:PhantomCloak","hexamod:NightmareGuise","hexamod:FastForward"],"picked":"SKIP","floor":32.0},{"not_picked":["hexamod:InspiringFlames","hexamod:SwordOfDarkness","hexamod:ThermalTransfer"],"picked":"SKIP","floor":32.0},{"not_picked":["hexamod:Rewind","hexamod:Firestarter","hexamod:NightmareStrike"],"picked":"SKIP","floor":32.0},{"not_picked":["hexamod:ParanormalForm","hexamod:EmpoweringStance"],"picked":"hexamod:FifthSeal","floor":33.0},{"not_picked":["hexamod:SearingWound","hexamod:UnleashSpirits"],"picked":"hexamod:FifthSeal","floor":33.0},{"not_picked":["hexamod:TimeWarp","hexamod:ParanormalForm"],"picked":"hexamod:EmpoweringStance","floor":33.0},{"not_picked":["hexamod:FirstSeal","hexamod:ThirdSeal"],"picked":"hexamod:SixthSeal","floor":36.0},{"not_picked":["hexamod:ThirdSeal","hexamod:FirstSeal"],"picked":"hexamod:SecondSeal","floor":36.0},{"not_picked":["hexamod:ThirdSeal","hexamod:FourthSeal"],"picked":"hexamod:FirstSeal","floor":36.0},{"not_picked":["hexamod:FlamesFromBeyond+1","hexamod:BurningTouch","hexamod:SoulSteal"],"picked":"SKIP","floor":36.0},{"not_picked":["hexamod:EmpoweredFlame","hexamod:SpectersWail","hexamod:BurningTouch+1"],"picked":"SKIP","floor":36.0},{"not_picked":["hexamod:SearingWound","hexamod:NightmareGuise","hexamod:NightmareStrike+1"],"picked":"SKIP","floor":36.0},{"not_picked":["hexamod:ThirdSeal","hexamod:FourthSeal"],"picked":"hexamod:SecondSeal","floor":37.0},{"not_picked":["hexamod:GhostOfSpirePresent","hexamod:AdvancingGuard","hexamod:FastForward"],"picked":"SKIP","floor":37.0},{"not_picked":["hexamod:SwordOfDarkness","hexamod:CatchUp","hexamod:GhostShield"],"picked":"SKIP","floor":37.0},{"not_picked":["hexamod:SecondSeal","hexamod:ThirdSeal"],"picked":"hexamod:FirstSeal","floor":38.0},{"not_picked":["hexamod:ShieldOfDarkness","hexamod:SpectersWail"],"picked":"hexamod:StepThrough","floor":38.0},{"not_picked":["hexamod:NightmareStrike+1","hexamod:Firestarter+1","hexamod:GhostShield"],"picked":"SKIP","floor":38.0},{"not_picked":["hexamod:BacktrackSmack","hexamod:FastForward","hexamod:SpectralAdrenaline+1"],"picked":"SKIP","floor":39.0},{"not_picked":["hexamod:GhostOfSpirePresent","hexamod:GhostOfSpireFuture","hexamod:NightmareStrike"],"picked":"SKIP","floor":39.0},{"not_picked":["hexamod:ThirdSeal","hexamod:GhostLash+1"],"picked":"hexamod:FourthSeal","floor":42.0},{"not_picked":["hexamod:Firestarter","hexamod:GhostOfSpireFuture"],"picked":"hexamod:SixthSeal","floor":42.0},{"not_picked":["hexamod:FirstSeal","hexamod:FourthSeal"],"picked":"hexamod:ThirdSeal","floor":42.0},{"not_picked":["hexamod:SpectersWail","hexamod:HeatCrush"],"picked":"hexamod:Haunt","floor":45.0},{"not_picked":["hexamod:BacktrackSmack","hexamod:NightmareStrike+1","hexamod:Firestarter"],"picked":"SKIP","floor":45.0},{"not_picked":["hexamod:GhostOfSpirePresent+1","hexamod:BacktrackSmack+1","hexamod:TimeWarp"],"picked":"SKIP","floor":45.0},{"not_picked":["hexamod:FirstSeal","hexamod:SixthSeal","hexamod:FourthSeal"],"picked":"SKIP","floor":45.0},{"not_picked":["hexamod:NightmareStrike+1","hexamod:EmpoweredFlame+1","hexamod:Firestarter"],"picked":"SKIP","floor":45.0},{"not_picked":["hexamod:SpectersWail","hexamod:StepThrough"],"picked":"hexamod:Hexaguard+1","floor":48.0},{"not_picked":["hexamod:Incineration+1","hexamod:SpectersWail","hexamod:SwordOfDarkness"],"picked":"SKIP","floor":48.0},{"not_picked":["hexamod:HeatCrush","hexamod:SpectersWail+1","hexamod:HauntingEcho"],"picked":"SKIP","floor":49.0},{"not_picked":["hexamod:AdvancingGuard+1","hexamod:FastForward","hexamod:ExtraCrispy"],"picked":"SKIP","floor":49.0},{"not_picked":["hexamod:ThermalTransfer","hexamod:SpectersWail","hexamod:GhostLash"],"picked":"SKIP","floor":52.0},{"not_picked":["hexamod:SpectersWail+1","hexamod:DynamicBlow","hexamod:PowerFromBeyond"],"picked":"SKIP","floor":52.0}],"player_experience":3168980,"relics_obtained":[{"floor":7.0,"key":"The Courier"},{"floor":9.0,"key":"Boot"},{"floor":14.0,"key":"Toy Ornithopter"},{"floor":24.0,"key":"Oddly Smooth Stone"},{"floor":26.0,"key":"Lantern"},{"floor":41.0,"key":"hexamod:BolsterEngine"},{"floor":42.0,"key":"Juzu Bracelet"},{"floor":52.0,"key":"Strawberry"}],"event_choices":[{"damage_healed":0.0,"max_hp_gain":5.0,"max_hp_loss":0.0,"gold_gain":0.0,"event_name":"Big Fish","player_choice":"Donut","floor":3.0,"gold_loss":0.0,"damage_taken":0.0}],"is_beta":false,"boss_relics":[{"not_picked":["Calling Bell","Sozu"],"picked":"Coffee Dripper"},{"not_picked":["Busted Crown","Astrolabe"],"picked":"SacredBark"}],"items_purged_floors":[22,30,39,44],"is_endless":false,"potions_floor_spawned":[2,11,16,20,29,32,33,36,38,42,52],"ascension_level":20}}