{"host":"38maufg2dcy7va3m","time":1610574283,"event":{"mods":["Act Like it!","BaseMod","Downfall","Hermit","Hubris","Infinite Spire","Minty Spire (QoL Compilation)","Replay The Spire","StSLib"],"gold_per_floor":[116,133,148,17,33,33,33,52,52,67,67,85,34,47,47,149,149,74,74],"floor_reached":18,"language":"ENG","playtime":992,"items_purged":[],"score":158,"play_id":"c756a330-1352-4503-9d6f-bc9851e22ef3","local_time":"20210113134443","is_ascension_mode":false,"campfire_choices":[{"data":"Neutralize","floor":6,"key":"SMITH"},{"data":"Crippling Poison","floor":11,"key":"SMITH"},{"floor":15,"key":"REST"}],"circlet_count":0,"master_deck":["Strike_G","Strike_G","Strike_G","Strike_G","Strike_G","Defend_G","Defend_G","Defend_G","Defend_G","Defend_G","Survivor","Neutralize+1","Crippling Poison+1","Bouncing Flask","ReplayTheSpireMod:Scrap Shanks","PiercingWail","Bane","Cloak And Dagger","Sucker Punch","PiercingWail","Dash","Poisoned Stab","Endless Agony","Burst"],"relics":["Ring of the Snake","NeowsBlessing","Paper Crane","hubris:GrandSneckoEye"],"acts_visited":["Exordium","TheCity"],"potions_floor_usage":[5,12],"damage_taken":[{"damage":0,"enemies":"Jaw Worm","floor":1,"turns":1},{"damage":0,"enemies":"Cultist","floor":2,"turns":1},{"damage":0,"enemies":"Small Slimes","floor":3,"turns":1},{"damage":1,"enemies":"2 Fungi Beasts","floor":5,"turns":2},{"damage":0,"enemies":"Looter","floor":8,"turns":4},{"damage":2,"enemies":"Exordium Wildlife","floor":10,"turns":3},{"damage":4,"enemies":"Exordium Thugs","floor":12,"turns":5},{"damage":1,"enemies":"2 Fungi Beasts","floor":14,"turns":3},{"damage":12,"enemies":"The Guardian","floor":16,"turns":12},{"damage":6,"enemies":"2 Thieves","floor":18,"turns":5}],"seed_played":"-1738780793948558187","potions_obtained":[{"floor":2,"key":"CunningPotion"},{"floor":10,"key":"Guardian:BlockOnCardUsePotion"}],"is_trial":false,"path_per_floor":["M","M","M","$","M","R","?","M","T","M","R","M","$","M","R","B",null,"M"],"character_chosen":"THE_SILENT","items_purchased":["PiercingWail","Bane","Dagger Throw+1","Poisoned Stab"],"campfire_rested":1,"item_purchase_floors":[4,4,4,13],"current_hp_per_floor":[70,70,70,70,69,69,70,70,70,68,68,64,64,63,70,58,70,64,64],"gold":74,"neow_bonus":"THREE_ENEMY_KILL","is_daily":false,"chose_seed":false,"campfire_upgraded":2,"win_rate":0.0,"timestamp":1610574283,"path_taken":["M","M","M","$","M","R","?","?","T","M","R","M","$","M","R","BOSS","M"],"items_purchased_type":["Card","Card","Card","Card"],"build_version":"2020-12-22","purchased_purges":0,"victory":false,"max_hp_per_floor":[70,70,70,70,70,70,70,70,70,70,70,70,70,70,70,70,70,70,70],"card_choices":[{"not_picked":["Caltrops","Flying Knee"],"picked":"Crippling Poison","floor":1},{"not_picked":["Prepared","Flechettes"],"picked":"Bouncing Flask","floor":2},{"not_picked":["Underhanded Strike","Sucker Punch"],"picked":"ReplayTheSpireMod:Scrap Shanks","floor":3},{"not_picked":["hubris:SlightOfHand","Bane"],"picked":"Cloak And Dagger","floor":5},{"not_picked":["Caltrops","hubris:SlightOfHand"],"picked":"Sucker Punch","floor":8},{"not_picked":["Calculated Gamble","Distraction"],"picked":"PiercingWail","floor":10},{"not_picked":["Dagger Throw","Envenom"],"picked":"Dash","floor":12},{"not_picked":["Quick Slash","Underhanded Strike"],"picked":"Endless Agony","floor":14},{"not_picked":["Glass Knife","Venomology"],"picked":"Burst","floor":16},{"not_picked":["Dagger Throw","Reflex","Accuracy"],"picked":"SKIP","floor":18}],"player_experience":241411,"relics_obtained":[{"floor":9,"key":"Paper Crane"}],"event_choices":[{"cards_removed":["Dagger Throw"],"damage_healed":5,"gold_gain":0,"player_choice":"Offered Common","damage_taken":0,"max_hp_gain":0,"max_hp_loss":0,"event_name":"Bonfire Elementals","floor":7,"gold_loss":0},{"cards_removed":["Dagger Throw"],"damage_healed":5,"gold_gain":0,"player_choice":"Offered Special","damage_taken":0,"max_hp_gain":0,"max_hp_loss":0,"event_name":"Bonfire Elementals","floor":7,"gold_loss":0}],"is_beta":false,"boss_relics":[{"not_picked":["hubris:HollowSoul","Painkiller Herb"],"picked":"hubris:GrandSneckoEye"}],"items_purged_floors":[],"is_endless":false,"potions_floor_spawned":[2,10,18],"killed_by":"2 Thieves","ascension_level":0}}