{"host":"g907ck67u7c3hrs6","time":1610501646,"event":{"mods":["BaseMod","Colored Map","DeckTracker","Highlight Path","Keyboard Shortcuts","Minty Spire (QoL Compilation)","Permanent Neow","Say the Spire","SuperFastMode"],"gold_per_floor":[114,129,144,219,234,264,279,294,294,309,324,339,354,384,384,484,484,499,317,332,132,147,186,186,225,234,243,258,273,312,330,330,448,448,463,478,493,443,483,498,837,852,911,72,72,87,87,137,137,146],"floor_reached":51,"language":"KOR","playtime":1447,"items_purged":["Decay","Clumsy","Regret","Decay"],"score":1032,"play_id":"1c671b85-d4a6-4c14-a236-3d69842ef4f3","local_time":"20210113103406","daily_mods":["Cursed Run","Vintage","Lethality"],"is_ascension_mode":false,"campfire_choices":[{"data":"CrushJoints","floor":15.0,"key":"SMITH"},{"data":"Ragnarok","floor":24.0,"key":"SMITH"},{"floor":27.0,"key":"REST"},{"data":"BattleHymn","floor":32.0,"key":"SMITH"},{"data":"Ragnarok","floor":49,"key":"SMITH"}],"circlet_count":0,"master_deck":["Strike_P+1","Strike_P","Strike_P+1","Strike_P","Defend_P+1","Defend_P","Eruption+1","Vigilance+1","ClearTheMind+1","CrushJoints+1","Ragnarok+1","EmptyMind","TalkToTheHand+1","Perseverance+1","Worship+1","Worship+1","BattleHymn+1","Doubt","Ragnarok+1","Study+1","Study+1","MasterReality+1","Nirvana+1","Fasting2+1","Shame"],"relics":["Cursed Key","Darkstone Periapt","Du-Vu Doll","Pen Nib","Happy Flower","PreservedInsect","Potion Belt","Meat on the Bone","Orichalcum","White Beast Statue","Eternal Feather","Smiling Mask","War Paint","Blue Candle","Pantograph","Blood Vial","SacredBark","CeramicFish","Centennial Puzzle","Damaru","Bronze Scales","Juzu Bracelet","Dream Catcher","Gremlin Horn","Bag of Marbles","InkBottle","Toxic Egg 2","Velvet Choker","Ginger","The Courier","Akabeko","Dead Branch","Vajra","Old Coin","Yang","Bag of Preparation","TeardropLocket","Anchor","Frozen Egg 2","Mercury Hourglass","Thread and Needle"],"acts_visited":["Exordium","TheCity","TheBeyond"],"potions_floor_usage":[50,50,50],"damage_taken":[{"damage":0.0,"enemies":"Cultist","floor":1.0,"turns":2.0},{"damage":1.0,"enemies":"Jaw Worm","floor":2.0,"turns":3.0},{"damage":1.0,"enemies":"2 Louse","floor":3.0,"turns":3.0},{"damage":6.0,"enemies":"Exordium Thugs","floor":5.0,"turns":4.0},{"damage":0.0,"enemies":"Gremlin Nob","floor":6.0,"turns":2.0},{"damage":4.0,"enemies":"Exordium Wildlife","floor":7.0,"turns":3.0},{"damage":0.0,"enemies":"Looter","floor":8.0,"turns":2.0},{"damage":0.0,"enemies":"Large Slime","floor":10.0,"turns":2.0},{"damage":4.0,"enemies":"Red Slaver","floor":11.0,"turns":3.0},{"damage":0.0,"enemies":"3 Louse","floor":12.0,"turns":1.0},{"damage":5.0,"enemies":"Exordium Wildlife","floor":13.0,"turns":3.0},{"damage":0.0,"enemies":"Lagavulin","floor":14.0,"turns":4.0},{"damage":0.0,"enemies":"Slime Boss","floor":16.0,"turns":3.0},{"damage":33.0,"enemies":"Shell Parasite","floor":18.0,"turns":5.0},{"damage":30.0,"enemies":"Spheric Guardian","floor":20.0,"turns":5.0},{"damage":12.0,"enemies":"Snecko","floor":22.0,"turns":3.0},{"damage":0.0,"enemies":"Slavers","floor":23.0,"turns":1.0},{"damage":17.0,"enemies":"Gremlin Leader","floor":25.0,"turns":2.0},{"damage":26.0,"enemies":"Snake Plant","floor":28.0,"turns":3.0},{"damage":15.0,"enemies":"Centurion and Healer","floor":29.0,"turns":4.0},{"damage":13.0,"enemies":"Book of Stabbing","floor":30.0,"turns":2.0},{"damage":52.0,"enemies":"Collector","floor":33.0,"turns":4.0},{"damage":0,"enemies":"Orb Walker","floor":35,"turns":1},{"damage":3,"enemies":"3 Darklings","floor":36,"turns":1},{"damage":15,"enemies":"Writhing Mass","floor":37,"turns":2},{"damage":15,"enemies":"2 Orb Walkers","floor":39,"turns":2},{"damage":0,"enemies":"Jaw Worm Horde","floor":40,"turns":1},{"damage":0,"enemies":"Reptomancer","floor":41,"turns":2},{"damage":0,"enemies":"Maw","floor":42,"turns":3},{"damage":0,"enemies":"3 Darklings","floor":46,"turns":2},{"damage":0,"enemies":"Mind Bloom Boss Battle","floor":48,"turns":3},{"damage":33,"enemies":"Donu and Deca","floor":50,"turns":3}],"seed_played":"-4624312993155624390","potions_obtained":[{"floor":2.0,"key":"Ambrosia"},{"floor":3.0,"key":"Fire Potion"},{"floor":5.0,"key":"LiquidBronze"},{"floor":7.0,"key":"FearPotion"},{"floor":10.0,"key":"AttackPotion"},{"floor":11.0,"key":"StancePotion"},{"floor":22.0,"key":"BottledMiracle"},{"floor":23.0,"key":"SpeedPotion"},{"floor":25.0,"key":"BlessingOfTheForge"},{"floor":28.0,"key":"BlessingOfTheForge"},{"floor":30.0,"key":"Explosive Potion"},{"floor":36,"key":"PowerPotion"}],"is_trial":false,"path_per_floor":["M","M","M","?","M","E","M","M","T","M","M","M","M","E","R","B",null,"M","$","M","$","M","E","R","E","T","R","M","M","E","?","R","B",null,"M","M","M","$","?","M","E","M","T","$","?","M","?","?","R","B",null],"character_chosen":"WATCHER","items_purchased":["Ragnarok","Damaru","TeardropLocket","Anchor","Frozen Egg 2","Study+1","MasterReality+1","Nirvana+1","Fasting2+1"],"campfire_rested":1,"item_purchase_floors":[19,21,44,44,44,44,44,44,44],"current_hp_per_floor":[72,71,70,59,53,53,49,49,55,55,51,51,46,46,52,84,84,51,51,35,35,37,51,60,45,51,87,63,50,51,51,60,53,96,96,93,80,80,67,69,71,73,79,79,79,81,81,102,102,75],"gold":146,"neow_bonus":"","is_daily":true,"chose_seed":false,"campfire_upgraded":4,"win_rate":0.0,"timestamp":1610501646,"path_taken":["M","M","M","?","M","E","M","M","T","M","M","M","M","E","R","BOSS","M","$","M","$","M","E","R","E","T","R","M","M","E","?","R","BOSS","M","M","M","$","?","M","E","M","T","$","?","M","?","?","R","BOSS"],"items_purchased_type":["Card","Relic","Relic","Relic","Relic","Card","Card","Card","Card"],"build_version":"2020-12-22","purchased_purges":4,"victory":true,"max_hp_per_floor":[72,72,72,72,72,72,72,72,78,78,78,78,78,78,78,84,84,84,84,84,84,84,84,84,84,90,90,90,90,90,90,90,96,96,96,96,96,96,96,96,96,96,102,102,102,102,102,102,102,108],"card_choices":[{"not_picked":["Halt","BowlingBash"],"picked":"ClearTheMind","floor":6.0},{"not_picked":["Weave","Halt"],"picked":"CrushJoints","floor":14.0},{"not_picked":["Judgement","Blasphemy"],"picked":"LessonLearned","floor":16.0},{"not_picked":["LikeWater","SashWhip"],"picked":"EmptyMind","floor":23.0},{"not_picked":["Meditate","JustLucky+1"],"picked":"TalkToTheHand","floor":25.0},{"not_picked":["Protect","FlurryOfBlows"],"picked":"Perseverance","floor":27.0},{"not_picked":["Evaluate+1","EmptyBody+1"],"picked":"Worship+1","floor":30.0},{"not_picked":["ConjureBlade+1","LessonLearned"],"picked":"Ragnarok","floor":33.0},{"not_picked":["FollowUp","CrushJoints+1"],"picked":"Study+1","floor":41}],"player_experience":210639,"relics_obtained":[{"floor":1.0,"key":"Pen Nib"},{"floor":2.0,"key":"Happy Flower"},{"floor":3.0,"key":"PreservedInsect"},{"floor":5.0,"key":"Potion Belt"},{"floor":6.0,"key":"Meat on the Bone"},{"floor":7.0,"key":"Orichalcum"},{"floor":8.0,"key":"White Beast Statue"},{"floor":9.0,"key":"Eternal Feather"},{"floor":10.0,"key":"Smiling Mask"},{"floor":11.0,"key":"War Paint"},{"floor":12.0,"key":"Blue Candle"},{"floor":13.0,"key":"Pantograph"},{"floor":14.0,"key":"Blood Vial"},{"floor":18.0,"key":"CeramicFish"},{"floor":20.0,"key":"Centennial Puzzle"},{"floor":22.0,"key":"Bronze Scales"},{"floor":23.0,"key":"Juzu Bracelet"},{"floor":25.0,"key":"Dream Catcher"},{"floor":26.0,"key":"Gremlin Horn"},{"floor":28.0,"key":"Bag of Marbles"},{"floor":29.0,"key":"InkBottle"},{"floor":30.0,"key":"Toxic Egg 2"},{"floor":35,"key":"Ginger"},{"floor":36,"key":"The Courier"},{"floor":37,"key":"Akabeko"},{"floor":39,"key":"Dead Branch"},{"floor":40,"key":"Vajra"},{"floor":41,"key":"Old Coin"},{"floor":42,"key":"Yang"},{"floor":43,"key":"Bag of Preparation"},{"floor":46,"key":"Mercury Hourglass"},{"floor":48,"key":"Thread and Needle"}],"event_choices":[{"damage_healed":0.0,"max_hp_gain":0.0,"max_hp_loss":0.0,"gold_gain":75.0,"event_name":"World of Goop","player_choice":"Gather Gold","floor":4.0,"gold_loss":0.0,"damage_taken":11.0},{"damage_healed":0.0,"max_hp_gain":0.0,"max_hp_loss":0.0,"gold_gain":0.0,"cards_transformed":["Defend_P","LessonLearned"],"event_name":"Drug Dealer","player_choice":"Became Test Subject","floor":31.0,"gold_loss":0.0,"damage_taken":0.0,"cards_obtained":["Worship","BattleHymn"]},{"damage_healed":0,"gold_gain":0,"player_choice":"Fight","damage_taken":0,"max_hp_gain":0,"max_hp_loss":0,"event_name":"Mysterious Sphere","floor":39,"gold_loss":0},{"cards_removed":["Defend_P"],"damage_healed":0,"gold_gain":0,"player_choice":"Removed Skill","damage_taken":0,"max_hp_gain":0,"max_hp_loss":0,"event_name":"Falling","floor":45,"gold_loss":0},{"damage_healed":0,"gold_gain":0,"player_choice":"Got Potions","damage_taken":0,"max_hp_gain":0,"max_hp_loss":0,"event_name":"Lab","floor":47,"gold_loss":0},{"damage_healed":0,"gold_gain":0,"player_choice":"Fight","damage_taken":0,"max_hp_gain":0,"max_hp_loss":0,"event_name":"MindBloom","floor":48,"gold_loss":0}],"is_beta":false,"boss_relics":[{"not_picked":["Ectoplasm","Empty Cage"],"picked":"SacredBark"},{"not_picked":["Tiny House","Black Star"],"picked":"Velvet Choker"}],"items_purged_floors":[19,21,38,44],"is_endless":false,"potions_floor_spawned":[2,3,5,7,10,11,12,13,14,16,18,20,22,23,25,28,29,30,33,35,36,37,39,40,41,42,46,48],"ascension_level":0}}