{"host":"h4lp0eeso8a0ssq0","time":1610551445,"event":{"mods":["2.2 Compatiblity","AchievementEnabler","BaseMod","CapriCore","Colored Map","Minty Spire (QoL Compilation)","StSLib","SuperFastMode"],"gold_per_floor":[116,127,144,156,175,175,175,175],"floor_reached":7,"language":"KOR","playtime":231,"items_purged":[],"score":74,"play_id":"3da6f6bc-afd2-4971-b42f-c1f8801a24d0","local_time":"20210114002405","is_ascension_mode":true,"campfire_choices":[{"data":"Tools of the Trade","floor":6,"key":"SMITH"}],"circlet_count":0,"master_deck":["AscendersBane","Strike_G","Strike_G","Strike_G","Strike_G","Strike_G","Defend_G","Defend_G","Defend_G","Defend_G","Defend_G","Survivor","Neutralize","Tools of the Trade+1","Dagger Spray","Malaise","Concentrate","Cloak And Dagger","Backflip"],"relics":["Ring of the Snake"],"acts_visited":["Exordium"],"potions_floor_usage":[7],"damage_taken":[{"damage":14,"enemies":"Cultist","floor":1,"turns":5},{"damage":10,"enemies":"Jaw Worm","floor":2,"turns":4},{"damage":6,"enemies":"2 Louse","floor":3,"turns":3},{"damage":11,"enemies":"Looter","floor":4,"turns":5},{"damage":4,"enemies":"2 Fungi Beasts","floor":5,"turns":4},{"damage":8,"enemies":"Gremlin Nob","floor":7,"turns":3}],"seed_played":"-6870772730212169810","potions_obtained":[{"floor":2,"key":"LiquidBronze"},{"floor":3,"key":"Energy Potion"},{"floor":4,"key":"Swift Potion"}],"is_trial":false,"path_per_floor":["M","M","M","M","M","R","E"],"character_chosen":"THE_SILENT","items_purchased":[],"campfire_rested":0,"item_purchase_floors":[],"current_hp_per_floor":[49,39,33,22,18,18,10,10],"gold":175,"neow_bonus":"ONE_RANDOM_RARE_CARD","is_daily":false,"chose_seed":false,"campfire_upgraded":1,"win_rate":0.0,"timestamp":1610551445,"path_taken":["M","M","M","M","?","R","E"],"items_purchased_type":[],"build_version":"2020-12-22","purchased_purges":0,"victory":false,"max_hp_per_floor":[70,70,70,70,70,70,70,70],"card_choices":[{"not_picked":["Underhanded Strike","Poisoned Stab"],"picked":"Dagger Spray","floor":1},{"not_picked":["Blur","Dagger Throw"],"picked":"Malaise","floor":2},{"not_picked":["Choke","Underhanded Strike"],"picked":"Concentrate","floor":3},{"not_picked":["Bane","Terror"],"picked":"Cloak And Dagger","floor":4},{"not_picked":["Blur","Quick Slash"],"picked":"Backflip","floor":5}],"player_experience":155311,"relics_obtained":[],"event_choices":[],"is_beta":false,"boss_relics":[],"items_purged_floors":[],"is_endless":false,"potions_floor_spawned":[2,3,4],"killed_by":"Gremlin Nob","ascension_level":13}}