{"host":"709gjpjg43u3i5a8","time":1610503264,"event":{"mods":["Act Like it!","BaseMod","Colored Map","Colored Powertips","Downfall","Duelist Mod","Gensokyo","GifTheSpireLib","Hallownest","Hermit","Hubris","Infinite Spire","Koishi","Marisa????????","Minty Spire (QoL Compilation)","Remilia??????","Shop Mod","StSLib","Td1madao Mod","The Administrix","The Animator","The Bug Knight","The Construct","The Cursed","The Disciple","The Hierophant","The Jungle","The Necromancer","The Poker Player","The Runesmith","The Servant 0.9.4"],"gold_per_floor":[115,150,177,199,233,233,277,277,303,303,336,336,381,401,401,522,522,544,570,570,593,593,646,646,691,744,784,784,803,803,917,917,917,917],"floor_reached":33,"language":"ENG","playtime":2249,"items_purged":[],"score":383,"play_id":"32f3ec6a-2261-42ff-8884-0fa22759a9c3","local_time":"20210112190104","is_ascension_mode":true,"campfire_choices":[{"data":"animator:Chris","floor":6,"key":"SMITH"},{"floor":8,"key":"REST"},{"data":"animator:Benimaru","floor":10,"key":"SMITH"},{"floor":15,"key":"REST"},{"data":"animator:Souei","floor":24,"key":"SMITH"},{"floor":28,"key":"REST"},{"floor":30,"key":"REST"},{"floor":32,"key":"REST"}],"circlet_count":0,"master_deck":["animator:Strike_TenSura+1","animator:Strike+1","animator:Strike","animator:Defend","animator:Defend","animator:Defend","animator:Benimaru+1","animator:Shuna","animator:TanyaDegurechaff+1","animator:Chris+1","animator:Shion","animator:Shuna","animator:Boros","animator:Millim+3","animator:Chris","animator:Souei+1","animator:Hakurou+1","animator:Benimaru+1","animator:Kaijin","animator:Hakurou+1"],"relics":["animator:LivingPicture","animator:TheMissingPiece","Bag of Marbles","Whetstone","Blood Vial","Paper Frog","Sozu","Molten Egg 2","infinitespire:Lucky Rock","Red Skull","hubris:TenFootPole","Ice Cream","Letter Opener"],"acts_visited":["Exordium","TheCity"],"potions_floor_usage":[11,11,13,31,31],"damage_taken":[{"damage":0,"enemies":"2 Louse","floor":1,"turns":3},{"damage":1,"enemies":"Jaw Worm","floor":2,"turns":3},{"damage":1,"enemies":"Cultist","floor":3,"turns":4},{"damage":7,"enemies":"3 Louse","floor":4,"turns":4},{"damage":29,"enemies":"Lagavulin","floor":7,"turns":6},{"damage":0,"enemies":"Gremlin Nob","floor":11,"turns":2},{"damage":17,"enemies":"Lagavulin","floor":13,"turns":5},{"damage":10,"enemies":"Gremlin Gang","floor":14,"turns":4},{"damage":8,"enemies":"Hexaghost","floor":16,"turns":8},{"damage":6,"enemies":"Shell Parasite","floor":18,"turns":3},{"damage":19,"enemies":"2 Thieves","floor":19,"turns":3},{"damage":4,"enemies":"Snecko","floor":21,"turns":4},{"damage":4,"enemies":"theDuelist:KaibaA2","floor":23,"turns":4},{"damage":42,"enemies":"Book of Stabbing","floor":25,"turns":5},{"damage":8,"enemies":"theDuelist:KaibaA2","floor":27,"turns":2},{"damage":12,"enemies":"Centurion and Healer","floor":29,"turns":2},{"damage":23,"enemies":"Colosseum Slavers","floor":31,"turns":4},{"damage":7,"enemies":"Colosseum Nobs","floor":31,"turns":3},{"damage":73,"enemies":"Automaton","floor":33,"turns":6}],"seed_played":"831396239155789139","potions_obtained":[{"floor":2,"key":"Dexterity Potion"},{"floor":4,"key":"Explosive Potion"},{"floor":7,"key":"PowerPotion"},{"floor":14,"key":"Ancient Potion"},{"floor":16,"key":"Ancient Potion"}],"is_trial":false,"path_per_floor":["M","M","M","M","?","R","E","R","T","R","E","?","E","M","R","B",null,"M","M","?","M","T","E","R","E","T","E","R","M","R","?","R","B"],"character_chosen":"THE_ANIMATOR","items_purchased":[],"campfire_rested":5,"item_purchase_floors":[],"current_hp_per_floor":[48,47,46,39,39,39,10,29,29,29,29,29,14,12,32,32,67,64,47,47,50,50,51,51,17,17,12,32,22,42,22,42,0,0],"gold":917,"neow_bonus":"RANDOM_COLORLESS_2","is_daily":false,"chose_seed":false,"campfire_upgraded":3,"win_rate":0.0,"timestamp":1610503264,"path_taken":["M","M","M","M","?","R","E","R","T","R","E","?","E","M","R","BOSS","M","M","?","?","?","E","R","E","T","E","R","M","R","?","R","BOSS"],"items_purchased_type":[],"build_version":"2020-12-22","purchased_purges":0,"victory":false,"max_hp_per_floor":[66,66,66,66,66,66,66,66,66,66,66,66,66,67,67,67,67,67,67,67,67,67,67,67,67,67,68,68,68,68,68,68,68,68],"card_choices":[{"not_picked":["animator:TakanashiRikka","animator:KotoriKanbe"],"picked":"animator:TanyaDegurechaff","floor":0},{"not_picked":["animator:Hitei","animator:Viivi"],"picked":"animator:Chris","floor":1},{"not_picked":["animator:Vanir","animator:Demiurge"],"picked":"animator:Shion","floor":2},{"not_picked":["animator:YaoHaDucy","animator:Hitei","animator:RoryMercury"],"picked":"SKIP","floor":3},{"not_picked":["animator:Layla","animator:Togame","animator:Tatsumaki"],"picked":"SKIP","floor":7},{"not_picked":["animator:TsurugaMeisai","animator:Guy"],"picked":"animator:Shuna","floor":11},{"not_picked":["animator:Shalltear","animator:Hakurou"],"picked":"animator:Boros","floor":13},{"not_picked":["animator:Shion","animator:Vesta"],"picked":"animator:Millim","floor":14},{"not_picked":["animator:Layla","animator:Vanir"],"picked":"animator:Millim+1","floor":18},{"not_picked":["animator:Entoma","animator:Gillette"],"picked":"animator:Chris","floor":19},{"not_picked":["animator:Evileye+1","animator:Shalltear+1"],"picked":"animator:Millim","floor":21},{"not_picked":["animator:Kaijin","animator:GazelDwargon"],"picked":"animator:Hakurou+1","floor":23},{"not_picked":["animator:YaoHaDucy+1","animator:NarberalGamma+1"],"picked":"animator:Benimaru+1","floor":25},{"not_picked":["animator:YunYun+1","animator:Bozes+1"],"picked":"animator:Kaijin","floor":27},{"not_picked":["animator:Megumin+1","animator:Viivi+1","animator:YunYun+1"],"picked":"SKIP","floor":29},{"not_picked":["animator:Millim+1","animator:GazelDwargon"],"picked":"animator:Hakurou+1","floor":31}],"player_experience":480934,"relics_obtained":[{"floor":7,"key":"Bag of Marbles"},{"floor":9,"key":"Whetstone"},{"floor":11,"key":"Blood Vial"},{"floor":13,"key":"Paper Frog"},{"floor":23,"key":"Molten Egg 2"},{"floor":25,"key":"infinitespire:Lucky Rock"},{"floor":26,"key":"Red Skull"},{"floor":27,"key":"hubris:TenFootPole"},{"floor":31,"key":"Ice Cream"},{"floor":31,"key":"Letter Opener"}],"event_choices":[{"cards_removed":["animator:Strike"],"damage_healed":0,"gold_gain":0,"player_choice":"Offered Basic","damage_taken":0,"max_hp_gain":0,"max_hp_loss":0,"event_name":"Bonfire Elementals","floor":12,"gold_loss":0},{"damage_healed":0,"gold_gain":0,"player_choice":"Read","damage_taken":0,"max_hp_gain":0,"max_hp_loss":0,"event_name":"The Library","floor":20,"gold_loss":0,"cards_obtained":["animator:Souei"]},{"damage_healed":0,"gold_gain":0,"player_choice":"Fight","damage_taken":0,"max_hp_gain":0,"max_hp_loss":0,"event_name":"Colosseum","floor":31,"gold_loss":0},{"damage_healed":0,"gold_gain":0,"player_choice":"Fought Nobs","damage_taken":0,"max_hp_gain":0,"max_hp_loss":0,"event_name":"Colosseum","floor":31,"gold_loss":0}],"is_beta":false,"boss_relics":[{"not_picked":["Empty Cage","Philosopher\u0027s Stone"],"picked":"Sozu"}],"items_purged_floors":[],"is_endless":false,"potions_floor_spawned":[2,4,7,14,16,18,27,29,31],"killed_by":"Automaton","ascension_level":2}}