{"host":"jl3raagrljzztomj","time":1610506734,"event":{"mods":["BaseMod","BetterRewards","Colored Map","Colored Powertips","Custom Start","Hermit","Highlight Path","Minty Spire (QoL Compilation)","Permanent Neow","StSLib","SuperFastMode"],"gold_per_floor":[118,118,137,188,363,395,395,424,471,471,488,502,353,300,300,404,404,404,404],"floor_reached":18,"language":"ENG","playtime":610,"items_purged":[],"score":168,"play_id":"72b42c44-afcc-498f-afc6-9e793b189df2","local_time":"20210112205854","is_ascension_mode":false,"campfire_choices":[{"floor":7,"key":"REST"},{"floor":10,"key":"REST"},{"floor":15,"key":"REST"}],"circlet_count":0,"master_deck":["hermit:Strike_Hermit","hermit:Strike_Hermit","hermit:Strike_Hermit","hermit:Strike_Hermit","hermit:Defend_Hermit","hermit:Defend_Hermit","hermit:Defend_Hermit","hermit:Defend_Hermit","hermit:Snapshot","hermit:Covet","hermit:Determination","hermit:Determination","hermit:Desperado","Doubt","hermit:Misfire","hermit:SprayPray","hermit:Cheat","hermit:Magnum","hermit:HoleUp","hermit:BlackWind"],"relics":["hermit:Momento","PreservedInsect","Omamori","Blood Vial","Art of War","Calling Bell","Juzu Bracelet","Frozen Egg 2","Dead Branch"],"acts_visited":["Exordium","TheCity"],"potions_floor_usage":[16,16],"damage_taken":[{"damage":3,"enemies":"Jaw Worm","floor":1,"turns":3},{"damage":0,"enemies":"2 Louse","floor":3,"turns":2},{"damage":31,"enemies":"3 Sentries","floor":6,"turns":6},{"damage":30,"enemies":"Gremlin Nob","floor":8,"turns":4},{"damage":6,"enemies":"Cultist","floor":11,"turns":3},{"damage":13,"enemies":"Red Slaver","floor":12,"turns":4},{"damage":54,"enemies":"Slime Boss","floor":16,"turns":7},{"damage":23,"enemies":"Shell Parasite","floor":18,"turns":3}],"seed_played":"3657028197215738745","potions_obtained":[{"floor":6,"key":"LiquidBronze"},{"floor":12,"key":"Regen Potion"},{"floor":16,"key":"ColorlessPotion"}],"is_trial":false,"path_per_floor":["M","?","M","?","?","E","R","E","T","R","M","M","$","$","R","B",null,"M"],"character_chosen":"HERMIT","items_purchased":["hermit:Magnum","hermit:HoleUp"],"campfire_rested":3,"item_purchase_floors":[13,14],"current_hp_per_floor":[72,65,65,65,65,34,56,26,26,48,44,33,33,33,55,8,75,52,52],"gold":404,"neow_bonus":"THREE_CARDS","is_daily":false,"chose_seed":false,"campfire_upgraded":0,"win_rate":0.0,"timestamp":1610506734,"path_taken":["M","?","M","?","?","E","R","E","T","R","M","M","?","$","R","BOSS","M"],"items_purchased_type":["Card","Card"],"build_version":"2020-12-22","purchased_purges":0,"victory":false,"max_hp_per_floor":[75,75,75,75,75,75,75,75,75,75,75,75,75,75,75,75,75,75,75],"card_choices":[{"not_picked":["hermit:GhostlyPresence","hermit:Coalescence"],"picked":"hermit:Determination","floor":0},{"not_picked":["hermit:ItchyTrigger","hermit:Ricochet"],"picked":"hermit:Determination","floor":1},{"not_picked":["hermit:Feint","hermit:HighCaliber"],"picked":"hermit:Desperado","floor":3},{"not_picked":["hermit:FullyLoaded","hermit:Deadeye"],"picked":"hermit:Misfire","floor":6},{"not_picked":["hermit:Vantage","hermit:FatalDesire","hermit:Glare"],"picked":"SKIP","floor":8},{"not_picked":["hermit:Combo","hermit:CursedWeapon"],"picked":"hermit:SprayPray","floor":11},{"not_picked":["hermit:Desperado","hermit:Midnight"],"picked":"hermit:Cheat","floor":12},{"not_picked":["hermit:Gambit","hermit:EternalForm"],"picked":"hermit:BlackWind","floor":16}],"player_experience":916349,"relics_obtained":[{"floor":6,"key":"Omamori"},{"floor":8,"key":"Blood Vial"},{"floor":9,"key":"Art of War"},{"floor":17,"key":"Juzu Bracelet"},{"floor":17,"key":"Frozen Egg 2"},{"floor":17,"key":"Dead Branch"}],"event_choices":[{"damage_healed":0,"gold_gain":0,"player_choice":"Success","damage_taken":7,"relics_obtained":["PreservedInsect"],"max_hp_gain":0,"max_hp_loss":0,"event_name":"Scrap Ooze","floor":2,"gold_loss":0},{"damage_healed":0,"gold_gain":51,"player_choice":"Gained Gold","damage_taken":0,"max_hp_gain":0,"max_hp_loss":0,"event_name":"Golden Wing","floor":4,"gold_loss":0},{"damage_healed":0,"gold_gain":175,"player_choice":"AGREE","damage_taken":0,"max_hp_gain":0,"max_hp_loss":0,"event_name":"Liars Game","floor":5,"gold_loss":0,"cards_obtained":["Doubt"]}],"is_beta":false,"boss_relics":[{"not_picked":["Pandora\u0027s Box","SacredBark"],"picked":"Calling Bell"}],"items_purged_floors":[],"is_endless":false,"potions_floor_spawned":[6,12,16],"killed_by":"Shell Parasite","ascension_level":0}}