{"host":"fuszjwm6fqgjjp4d","time":1610524226,"event":{"mods":["BaseMod","Bestiary","Colored Map","DeckTracker","Minty Spire (QoL Compilation)","Permanent Neow","Relic Sorter","Relic Stats","StSLib"],"gold_per_floor":[361,81,97,110,110,110,147,147,200,238,238,238,257,299,299,299,299],"floor_reached":16,"language":"ENG","playtime":334,"items_purged":["Strike_R"],"score":236,"play_id":"8ed9de8b-f406-4b9e-9696-737f0a716282","local_time":"20210113015026","is_ascension_mode":true,"campfire_choices":[{"data":"Bash","floor":6.0,"key":"SMITH"},{"data":"Headbutt","floor":8.0,"key":"SMITH"},{"data":"Feed","floor":12.0,"key":"SMITH"},{"floor":15,"key":"REST"}],"circlet_count":0,"master_deck":["AscendersBane","Strike_R+1","Strike_R+1","Strike_R+1","Strike_R","Defend_R","Defend_R","Defend_R","Defend_R","Bash+1","Clothesline+1","Whirlwind+1","Headbutt+1","Shrug It Off","Shrug It Off","Feed+1","Flex"],"relics":["Burning Blood","PreservedInsect","CeramicFish","Strawberry","StoneCalendar","Whetstone"],"acts_visited":["Exordium"],"potions_floor_usage":[14,16],"damage_taken":[{"damage":7.0,"enemies":"Cultist","floor":1.0,"turns":4.0},{"damage":12.0,"enemies":"Small Slimes","floor":3.0,"turns":2.0},{"damage":3.0,"enemies":"2 Louse","floor":4.0,"turns":3.0},{"damage":10.0,"enemies":"3 Sentries","floor":7.0,"turns":3.0},{"damage":6.0,"enemies":"Gremlin Nob","floor":10.0,"turns":3.0},{"damage":6.0,"enemies":"Exordium Wildlife","floor":13.0,"turns":3.0},{"damage":20,"enemies":"Lagavulin","floor":14,"turns":3},{"damage":45,"enemies":"The Guardian","floor":16,"turns":5}],"seed_played":"624917766069514714","potions_obtained":[{"floor":7.0,"key":"SteroidPotion"},{"floor":10.0,"key":"Strength Potion"},{"floor":14,"key":"GamblersBrew"}],"is_trial":false,"path_per_floor":["M","$","M","M","?","R","E","R","T","E","?","R","M","E","R","B"],"character_chosen":"IRONCLAD","items_purchased":["PreservedInsect","Whirlwind"],"campfire_rested":1,"item_purchase_floors":[2,2],"current_hp_per_floor":[49,49,43,46,46,46,42,42,49,49,24,24,28,18,45,0,0],"gold":299,"neow_bonus":"TWO_FIFTY_GOLD","is_daily":false,"chose_seed":false,"campfire_upgraded":3,"win_rate":0.0,"timestamp":1610524226,"path_taken":["M","$","?","M","?","R","E","R","T","E","?","R","M","E","R","BOSS"],"items_purchased_type":["Relic","Card"],"build_version":"2020-12-22","purchased_purges":1,"victory":false,"max_hp_per_floor":[75,75,75,75,75,75,75,75,82,82,82,82,86,90,90,90,90],"relic_stats":{"counters":[8,26],"CeramicFish":27,"StoneCalendar":[0],"PreservedInsect":83,"Whetstone":["Clothesline","Strike_R"],"obtain_stats":[{"CeramicFish":7,"Strawberry":9,"StoneCalendar":10,"PreservedInsect":2,"Whetstone":14,"Burning Blood":0},{"CeramicFish":4,"Strawberry":4,"StoneCalendar":5,"PreservedInsect":1,"Whetstone":7,"Burning Blood":0},{"CeramicFish":12,"Strawberry":12,"StoneCalendar":15,"PreservedInsect":4,"Whetstone":21,"Burning Blood":0}],"Burning Blood":42},"card_choices":[{"not_picked":["Heavy Blade","Ghostly Armor"],"picked":"Clothesline","floor":1.0},{"not_picked":["Burning Pact","Anger"],"picked":"Headbutt","floor":3.0},{"not_picked":["Twin Strike","Berserk"],"picked":"Shrug It Off","floor":4.0},{"not_picked":["Warcry","Metallicize"],"picked":"Shrug It Off","floor":7.0},{"not_picked":["Disarm","Havoc"],"picked":"Feed","floor":10.0},{"not_picked":["Perfected Strike","Wild Strike","Body Slam"],"picked":"SKIP","floor":13.0},{"not_picked":["Whirlwind","Second Wind"],"picked":"Flex","floor":14}],"player_experience":1286666,"relics_obtained":[{"floor":7.0,"key":"CeramicFish"},{"floor":9.0,"key":"Strawberry"},{"floor":10.0,"key":"StoneCalendar"},{"floor":14,"key":"Whetstone"}],"event_choices":[{"damage_healed":0.0,"max_hp_gain":0.0,"max_hp_loss":0.0,"gold_gain":0.0,"event_name":"Living Wall","player_choice":"Grow","floor":5.0,"gold_loss":0.0,"damage_taken":0.0,"cards_upgraded":["Whirlwind"]},{"damage_healed":0.0,"max_hp_gain":0.0,"max_hp_loss":0.0,"gold_gain":0.0,"event_name":"Shining Light","player_choice":"Entered Light","floor":11.0,"gold_loss":0.0,"damage_taken":25.0,"cards_upgraded":["Strike_R","Strike_R"]}],"is_beta":false,"boss_relics":[],"items_purged_floors":[2],"is_endless":false,"potions_floor_spawned":[7,10,14],"killed_by":"The Guardian","ascension_level":20}}