{"host":"mmqs5ul2bvb60kyc","time":1610528361,"event":{"mods":["AchievementEnabler","BaseMod","Colored Map","Minty Spire (QoL Compilation)","Quick Restart","StSLib"],"gold_per_floor":[116,126,51,51,51,51,51,126,126,23,94,128,128,168,168,168,168],"floor_reached":16,"language":"ZHS","playtime":551,"items_purged":["Strike_R"],"score":213,"play_id":"a5b320ed-245e-4a3a-a076-e38c8ad30600","local_time":"20210113165921","is_ascension_mode":true,"campfire_choices":[{"data":"Armaments","floor":6.0,"key":"SMITH"},{"data":"Body Slam","floor":13.0,"key":"SMITH"},{"data":"Rupture","floor":15.0,"key":"SMITH"}],"circlet_count":0,"master_deck":["AscendersBane","Strike_R","Strike_R","Strike_R+1","Strike_R","Defend_R","Defend_R","Defend_R","Defend_R","Bash","Barricade+1","Armaments+1","Body Slam+1","Brutality","Rupture+1"],"relics":["Burning Blood","Golden Idol","SsserpentHead","ClockworkSouvenir","Tiny Chest","Regal Pillow"],"acts_visited":["Exordium"],"potions_floor_usage":[16],"damage_taken":[{"damage":1.0,"enemies":"Cultist","floor":1.0,"turns":3.0},{"damage":5.0,"enemies":"Jaw Worm","floor":2.0,"turns":8.0},{"damage":1.0,"enemies":"2 Louse","floor":8.0,"turns":5.0},{"damage":8.0,"enemies":"Red Slaver","floor":11.0,"turns":4.0},{"damage":4.0,"enemies":"Lagavulin","floor":12.0,"turns":5.0},{"damage":23.0,"enemies":"3 Sentries","floor":14.0,"turns":9.0},{"damage":28,"enemies":"Slime Boss","floor":16,"turns":8}],"seed_played":"-747580920530255895","potions_obtained":[{"floor":8.0,"key":"ColorlessPotion"},{"floor":14.0,"key":"FearPotion"}],"is_trial":false,"path_per_floor":["M","M","$","?","?","R","?","M","T","$","M","E","R","E","R","B"],"character_chosen":"IRONCLAD","items_purchased":["ClockworkSouvenir"],"campfire_rested":0,"item_purchase_floors":[10],"current_hp_per_floor":[72,72,72,54,40,40,40,45,45,45,43,45,45,28,28,0,0],"gold":168,"neow_bonus":"THREE_RARE_CARDS","is_daily":false,"chose_seed":false,"campfire_upgraded":3,"win_rate":0.0,"timestamp":1610528361,"path_taken":["M","M","$","?","?","R","?","?","T","?","?","E","R","E","R","BOSS"],"items_purchased_type":["Relic"],"build_version":"2020-12-22","purchased_purges":1,"victory":false,"max_hp_per_floor":[72,72,72,72,72,72,72,72,72,72,72,72,72,72,72,72,72],"card_choices":[{"not_picked":["Exhume","Immolate"],"picked":"Barricade","floor":0.0},{"not_picked":["Perfected Strike","Shrug It Off"],"picked":"Armaments","floor":1.0},{"not_picked":["Wild Strike","Havoc"],"picked":"Body Slam","floor":2.0},{"not_picked":["Iron Wave","Clash","Body Slam"],"picked":"SKIP","floor":8.0},{"not_picked":["Twin Strike","Clash"],"picked":"Brutality","floor":11.0},{"not_picked":["Armaments","Sever Soul","Fire Breathing"],"picked":"SKIP","floor":12.0},{"not_picked":["Shrug It Off","Iron Wave"],"picked":"Rupture","floor":14.0}],"player_experience":252206,"relics_obtained":[{"floor":12.0,"key":"Tiny Chest"},{"floor":14.0,"key":"Regal Pillow"}],"event_choices":[{"damage_healed":0.0,"max_hp_gain":0.0,"max_hp_loss":0.0,"gold_gain":0.0,"event_name":"Golden Idol","player_choice":"Take Damage","floor":4.0,"gold_loss":0.0,"damage_taken":18.0,"relics_obtained":["Golden Idol"]},{"damage_healed":0.0,"max_hp_gain":0.0,"max_hp_loss":0.0,"gold_gain":0.0,"event_name":"Shining Light","player_choice":"Entered Light","floor":5.0,"gold_loss":0.0,"damage_taken":14.0,"cards_upgraded":["Barricade","Strike_R"]},{"damage_healed":0.0,"max_hp_gain":0.0,"max_hp_loss":0.0,"gold_gain":0.0,"event_name":"FaceTrader","player_choice":"Trade","floor":7.0,"gold_loss":0.0,"damage_taken":0.0,"relics_obtained":["SsserpentHead"]}],"is_beta":false,"boss_relics":[],"items_purged_floors":[3],"is_endless":false,"potions_floor_spawned":[8,14],"killed_by":"Slime Boss","ascension_level":12}}