{"host":"z9grmtg2w0nmz8n1","time":1610508062,"event":{"mods":["Aspiration","Bard","BaseMod","Beaked The Cultist","Better Altar","Better Match","Better Note","Better Sensory Stone","Better Skull","Better Third Choice","BetterRewards","CCEM","Colored Map","Conspire","Downfall","GifTheSpireLib","Googly Eyes","Halation","Hermit","Highlight Path","Hubris","Hunter ??","Jedi Mod","Jorbs\u0027s Wanderer Trilogy","Mad Scientist","Marisa????????","Minty Spire (QoL Compilation)","Permanent Neow","Replay The Spire","Shade Mod","Shop Mod","Spicy Shops","StSLib","Stuff the Spire","The Bug Knight","The Construct","The Necromancer","The Runesmith","The Witch"],"gold_per_floor":[109,109,109,128,53,86,86,117,186,216,239,239,239,262,262,390,390,406,406,51,94,17,42,42,75,100,123,123,162,175,188,188,188,188],"floor_reached":33,"language":"ENG","playtime":1659,"items_purged":["Injury","HollowMod:VoidDash"],"score":326,"play_id":"40a905b8-6d68-456a-b7ae-ccbba006dc66","local_time":"20210113012102","is_ascension_mode":false,"campfire_choices":[{"floor":7,"key":"RECALL"},{"data":"HollowMod:SlysStrikes","floor":12,"key":"SMITH"},{"data":"HollowMod:PogoStrike","floor":15,"key":"SMITH"},{"floor":24,"key":"REST"},{"floor":32,"key":"REST"}],"circlet_count":0,"master_deck":["HollowMod:NailStrikeStart","HollowMod:NailStrikeStart","HollowMod:NailStrikeStart","HollowMod:NailStrikeStart","HollowMod:QuickDashStart","HollowMod:QuickDashStart+1","HollowMod:QuickDashStart+1","HollowMod:QuickDashStart+1","HollowMod:FocusHealStart","HollowMod:PogoStrike+1","HollowMod:HowlingWraiths+1","HollowMod:VengefulSpirit+1","HollowMod:SlysStrikes+1","HollowMod:DashSlash+1","HollowMod:DungDefenderAura+1","HollowMod:Grubsong+1"],"relics":["HollowMod:VesselMask","Molten Egg 2","War Paint","StuffTheSpire:Mouthbags","halation:Pancakes","hubris:TenFootPole","Golden Idol","Painkiller Herb","Mummified Hand","HollowMod:GreatKnightMask","Medical Kit","Mirror","CCEMRelics:SpiritsEdge","Gremlin Food","CCEMRelics:OverlyComfyChair"],"acts_visited":["Exordium","TheCity"],"potions_floor_usage":[6,10,25,29,33],"damage_taken":[{"damage":1,"enemies":"Jaw Worm","floor":1,"turns":5},{"damage":0,"enemies":"2 Louse","floor":4,"turns":2},{"damage":36,"enemies":"Lagavulin","floor":6,"turns":4},{"damage":19,"enemies":"3 Sentries","floor":8,"turns":11},{"damage":14,"enemies":"Gremlin Nob","floor":10,"turns":3},{"damage":0,"enemies":"Cultist","floor":14,"turns":3},{"damage":28,"enemies":"The Guardian","floor":16,"turns":9},{"damage":3,"enemies":"Shell Parasite","floor":18,"turns":4},{"damage":0,"enemies":"HollowMod:Zote","floor":21,"turns":2},{"damage":15,"enemies":"2 Thieves","floor":23,"turns":4},{"damage":34,"enemies":"Slavers","floor":25,"turns":4},{"damage":5,"enemies":"Cultist and Chosen","floor":27,"turns":4},{"damage":7,"enemies":"Gremlin Leader","floor":29,"turns":6},{"damage":0,"enemies":"3 Cultists","floor":30,"turns":4},{"damage":3,"enemies":"Shelled Parasite and Fungi","floor":31,"turns":5},{"damage":61,"enemies":"Automaton","floor":33,"turns":6}],"seed_played":"8811261901161729889","potions_obtained":[{"floor":1,"key":"AttackPotion"},{"floor":8,"key":"Ancient Potion"},{"floor":25,"key":"EntropicBrew"},{"floor":29,"key":"FearPotion"}],"is_trial":false,"path_per_floor":["M","?","?","M","$","E","R","E","T","E","T","R","?","M","R","B",null,"?","?","T","?","T","?","T","E","T","?","T","E","?","?","T","B"],"character_chosen":"THE_BUGKNIGHT","items_purchased":["Mummified Hand","Medical Kit"],"campfire_rested":2,"item_purchase_floors":[20,22],"current_hp_per_floor":[75,75,75,75,75,39,39,26,26,59,59,59,59,59,59,31,69,66,66,66,66,66,51,69,35,35,30,30,29,30,27,47,0,0],"gold":188,"neow_bonus":"ONE_RANDOM_RARE_CARD","is_daily":false,"chose_seed":false,"campfire_upgraded":2,"win_rate":0.0,"timestamp":1610508062,"path_taken":["M","?","?","?","$","E","R","E","T","E","?","R","?","M","R","BOSS","?","?","T","?","T","?","T","E","T","?","?","E","?","?","T","BOSS"],"items_purchased_type":["Relic","Relic"],"build_version":"2020-12-22","purchased_purges":2,"victory":false,"max_hp_per_floor":[75,75,75,75,75,75,75,75,75,75,75,75,69,69,69,69,69,69,69,69,69,69,69,69,69,69,69,69,69,69,69,69,69,69],"card_choices":[{"not_picked":["HollowMod:GreatSlash","HollowMod:BaldurShell"],"picked":"HollowMod:HowlingWraiths","floor":1},{"not_picked":["HollowMod:SoulEater","HollowMod:MothsMistake","HollowMod:PureNailStrike+1"],"picked":"SKIP","floor":4},{"not_picked":["HollowMod:NewLittleFool+1","HollowMod:CornifersMapStart"],"picked":"HollowMod:VengefulSpirit+1","floor":6},{"not_picked":["HollowMod:SiblingsSouls","HollowMod:CornifersMapStart","HollowMod:InfectedCysts+1"],"picked":"SKIP","floor":8},{"not_picked":["HollowMod:DoubleDash","HollowMod:PureVessel"],"picked":"HollowMod:SlysStrikes","floor":10},{"not_picked":["HollowMod:InfectionAssault+1","HollowMod:SoulStrike+1"],"picked":"HollowMod:DashSlash+1","floor":14},{"not_picked":["HollowMod:Grubsong","HollowMod:FallenFury+1"],"picked":"HollowMod:DungDefenderAura+1","floor":18},{"not_picked":["HollowMod:CrystalDash","HollowMod:DescendingDark+1"],"picked":"HollowMod:Grubsong+1","floor":21},{"not_picked":["HollowMod:CornifersMapStart","HollowMod:ChannelNail","HollowMod:SoulStrike+1"],"picked":"SKIP","floor":23},{"not_picked":["HollowMod:SoulVessel+1","HollowMod:PerfectDash","HollowMod:Hiveblood"],"picked":"SKIP","floor":25},{"not_picked":["HollowMod:HowlingWraiths+1","HollowMod:DescendingDark+1","HollowMod:CrystalDash"],"picked":"SKIP","floor":27},{"not_picked":["HollowMod:QuirrelsAssistance+1","HollowMod:WraithStrike+1","HollowMod:NewGlowingWomb+1"],"picked":"SKIP","floor":29},{"not_picked":["HollowMod:ChannelNail","HollowMod:FallenFury+1","HollowMod:InfectedCysts+1"],"picked":"SKIP","floor":30},{"not_picked":["HollowMod:GreatSlash+1","HollowMod:NewJinnsSoul","HollowMod:ChannelNail+1"],"picked":"SKIP","floor":31}],"player_experience":858939,"relics_obtained":[{"floor":6,"key":"War Paint"},{"floor":8,"key":"StuffTheSpire:Mouthbags"},{"floor":10,"key":"halation:Pancakes"},{"floor":11,"key":"hubris:TenFootPole"},{"floor":21,"key":"HollowMod:GreatKnightMask"},{"floor":25,"key":"Mirror"},{"floor":26,"key":"CCEMRelics:SpiritsEdge"},{"floor":28,"key":"Gremlin Food"},{"floor":29,"key":"CCEMRelics:OverlyComfyChair"}],"event_choices":[{"damage_healed":0,"gold_gain":0,"player_choice":"Upgraded","damage_taken":0,"max_hp_gain":0,"max_hp_loss":0,"event_name":"Upgrade Shrine","floor":3,"gold_loss":0,"cards_upgraded":["HollowMod:HowlingWraiths"]},{"damage_healed":0,"gold_gain":0,"player_choice":"Lose Max HP","damage_taken":0,"relics_obtained":["Golden Idol"],"max_hp_gain":0,"max_hp_loss":6,"event_name":"Golden Idol","floor":13,"gold_loss":0},{"cards_removed":["HollowMod:NailStrikeStart"],"damage_healed":0,"gold_gain":0,"player_choice":"Give","damage_taken":0,"max_hp_gain":0,"max_hp_loss":0,"event_name":"betterNote:BetterNote","floor":19,"gold_loss":0,"cards_obtained":["Strike_MRS"]}],"is_beta":false,"boss_relics":[{"not_picked":["aspiration:DefectSkillbook","halation:Prosthetics"],"picked":"Painkiller Herb"}],"items_purged_floors":[5,20],"is_endless":false,"potions_floor_spawned":[1,8,25,29,31],"killed_by":"Automaton","ascension_level":0}}