{"host":"sh8ot41fo7a0kahq","time":1610535417,"event":{"mods":["ATMod(°¢èªMod)","BaseMod","Better Third Choice","Colored Powertips","Displayed Cursed Tome","Minty Spire (QoL Compilation)","Quick Restart","Spicy Shops","StSLib","UnlockEverythingMod","¡¾ÒÅÎï¿¨ÅÆ¡¿REMEMod"],"gold_per_floor":[109,109,109,127,52,78,78,98,124,138,156,166,195,213,213,313,313,326,326,326,326,226,226,246,246,246,274,70,96,114,132,132,231,231,251,269,269,288,288,288,288,314,314,110,180,180,193,203,203,203,203,203,47,80,80,80],"floor_reached":55,"language":"ZHS","playtime":1637,"items_purged":["Pain","Strike_G","Strike_G","Strike_G"],"score":1094,"play_id":"873cfd79-6d7b-4e17-852e-5773563d2b03","local_time":"20210113185657","is_ascension_mode":true,"campfire_choices":[{"data":"AT_MachinaRedman","floor":7.0,"key":"SMITH"},{"data":"AT_Desolate","floor":15.0,"key":"SMITH"},{"data":"Prepared","floor":23.0,"key":"SMITH"},{"data":"Recycle","floor":32.0,"key":"SMITH"},{"data":"Expertise","floor":40.0,"key":"SMITH"},{"data":"Calculated Gamble","floor":46.0,"key":"SMITH"},{"floor":49.0,"key":"RECALL"},{"data":"Envenom","floor":52.0,"key":"SMITH"}],"circlet_count":0,"master_deck":["Strike_G","Defend_G","Defend_G","Defend_G","Defend_G","Defend_G","Survivor","Neutralize","AT_MachinaRedman+1","Recycle+1","Expertise+1","REME_GreenPollution","Prepared+1","AT_Desolate+1","Corpse Explosion","Ghostly","Ghostly","Ghostly","Ghostly","Ghostly","AT_WindFlip+1","REME_GreenPollution","Terror+1","Calculated Gamble+1","Envenom+1","Calculated Gamble+1"],"relics":["Ring of the Snake","AT_ATBox","REME_ComplimentaryCards","NeowsBlessing","WarpedTongs","Nunchaku","Tiny Chest","Strawberry","Philosopher\u0027s Stone","AT_Manta","Pen Nib","StrikeDummy","Art of War","REME_ChargedStone","Singing Bowl","AT_SilverBalance","AT_SilvercatRing","Bag of Preparation","AT_EbonyIvory"],"acts_visited":["Exordium","TheCity","TheBeyond","TheEnding"],"potions_floor_usage":[54,55,55,55],"damage_taken":[{"damage":0.0,"enemies":"Cultist","floor":1.0,"turns":1.0},{"damage":2.0,"enemies":"Small Slimes","floor":4.0,"turns":1.0},{"damage":0.0,"enemies":"Lagavulin","floor":6.0,"turns":1.0},{"damage":0.0,"enemies":"Jaw Worm","floor":8.0,"turns":2.0},{"damage":13.0,"enemies":"Lots of Slimes","floor":10.0,"turns":6.0},{"damage":0.0,"enemies":"Large Slime","floor":11.0,"turns":4.0},{"damage":4.0,"enemies":"Red Slaver","floor":12.0,"turns":3.0},{"damage":7.0,"enemies":"3 Sentries","floor":13.0,"turns":3.0},{"damage":2.0,"enemies":"Gremlin Gang","floor":14.0,"turns":3.0},{"damage":0.0,"enemies":"Slime Boss","floor":16.0,"turns":4.0},{"damage":21.0,"enemies":"2 Thieves","floor":18.0,"turns":3.0},{"damage":0.0,"enemies":"Chosen","floor":24.0,"turns":3.0},{"damage":0.0,"enemies":"REME_1_Revenger","floor":27.0,"turns":2.0},{"damage":3.0,"enemies":"Slavers","floor":29.0,"turns":3.0},{"damage":3.0,"enemies":"Snake Plant","floor":30.0,"turns":2.0},{"damage":1.0,"enemies":"Centurion and Healer","floor":31.0,"turns":2.0},{"damage":4.0,"enemies":"Collector","floor":33.0,"turns":7.0},{"damage":0.0,"enemies":"3 Shapes","floor":35.0,"turns":2.0},{"damage":0.0,"enemies":"Orb Walker","floor":36.0,"turns":1.0},{"damage":1.0,"enemies":"Writhing Mass","floor":38.0,"turns":3.0},{"damage":3.0,"enemies":"Nemesis","floor":42.0,"turns":5.0},{"damage":1.0,"enemies":"Maw","floor":47.0,"turns":3.0},{"damage":0.0,"enemies":"3 Darklings","floor":48.0,"turns":2.0},{"damage":13.0,"enemies":"Awakened One","floor":50.0,"turns":10.0},{"damage":3,"enemies":"Shield and Spear","floor":54,"turns":5},{"damage":13,"enemies":"The Heart","floor":55,"turns":2}],"seed_played":"-327494198728378793","potions_obtained":[{"floor":1.0,"key":"PowerPotion"},{"floor":8.0,"key":"AttackPotion"},{"floor":13.0,"key":"PowerPotion"},{"floor":38.0,"key":"Poison Potion"},{"floor":54,"key":"DistilledChaos"}],"is_trial":false,"path_per_floor":["M","$","?","M","$","E","R","M","T","M","M","M","E","M","R","B",null,"M","?","?","T","$","R","M","T","T","E","$","E","M","M","R","B",null,"M","M","?","M","$","R","$","E","T","$","T","R","M","M","R","B",null,"R","$","E","B"],"character_chosen":"THE_SILENT","items_purchased":["REME_GreenPollution","Calculated Gamble","Bag of Preparation"],"campfire_rested":0,"item_purchase_floors":[28,44,53],"current_hp_per_floor":[63,63,63,61,61,61,61,61,61,48,48,44,44,42,42,42,68,47,38,38,38,38,38,38,38,38,38,38,35,32,31,31,27,35,35,35,35,34,34,34,34,33,33,33,33,33,21,23,23,9,35,35,35,21,10,10],"gold":80,"neow_bonus":"THREE_ENEMY_KILL","is_daily":false,"chose_seed":false,"campfire_upgraded":7,"win_rate":0.0,"timestamp":1610535417,"path_taken":["M","$","?","?","$","E","R","M","T","M","M","M","E","M","R","BOSS","M","?","?","?","$","R","M","?","T","E","$","E","M","M","R","BOSS","M","M","?","?","$","R","?","E","T","$","?","R","?","M","R","BOSS","R","$","E","BOSS"],"items_purchased_type":["Card","Card","Relic"],"build_version":"2020-12-22","purchased_purges":4,"victory":false,"max_hp_per_floor":[70,70,70,70,70,70,70,70,70,70,70,70,77,77,77,77,77,77,38,38,38,38,38,38,38,38,38,38,38,38,38,38,38,38,38,38,38,38,38,38,38,40,40,40,40,40,42,44,44,44,44,44,44,46,46,46],"card_choices":[{"not_picked":["Outmaneuver","Deflect","Distraction"],"picked":"SKIP","floor":1.0},{"not_picked":["Finisher","Dagger Spray","Bouncing Flask"],"picked":"SKIP","floor":4.0},{"not_picked":["Catalyst","Dodge and Roll"],"picked":"Expertise","floor":6.0},{"not_picked":["Dagger Spray","Caltrops","Flying Knee"],"picked":"SKIP","floor":8.0},{"not_picked":["Riddle With Holes","PiercingWail"],"picked":"REME_GreenPollution","floor":10.0},{"not_picked":["Underhanded Strike","Venomology","Flying Knee"],"picked":"SKIP","floor":11.0},{"not_picked":["Backflip","Blur"],"picked":"Prepared","floor":12.0},{"not_picked":["Flechettes","Dagger Throw","Reflex"],"picked":"SKIP","floor":13.0},{"not_picked":["Prepared","Outmaneuver"],"picked":"AT_Desolate","floor":14.0},{"not_picked":["Night Terror","Envenom"],"picked":"Corpse Explosion","floor":16.0},{"not_picked":["AT_TinkerSharpsword","Backflip","Deflect"],"picked":"SKIP","floor":18.0},{"not_picked":["Outmaneuver","Finisher","Backflip"],"picked":"SKIP","floor":24.0},{"not_picked":["Dagger Spray","Grand Finale"],"picked":"AT_WindFlip+1","floor":27.0},{"not_picked":["Underhanded Strike","Bane+1","Flying Knee"],"picked":"SKIP","floor":29.0},{"not_picked":["Deflect","Noxious Fumes+1","Underhanded Strike"],"picked":"SKIP","floor":30.0},{"not_picked":["Crippling Poison","Catalyst+1","Cloak And Dagger"],"picked":"SKIP","floor":31.0},{"not_picked":["AT_WindFlip","Slice"],"picked":"Terror+1","floor":35.0},{"not_picked":["Poisoned Stab+1","PiercingWail"],"picked":"Calculated Gamble+1","floor":36.0},{"not_picked":["Flying Knee","Dodge and Roll+1","AT_WindFlip+1"],"picked":"SKIP","floor":38.0},{"not_picked":["Dagger Spray","Distraction+1","After Image"],"picked":"Singing Bowl","floor":42.0},{"not_picked":["Blade Dance+1","Dodge and Roll+1","Deadly Poison+1"],"picked":"Singing Bowl","floor":47.0},{"not_picked":["Dagger Spray","Poisoned Stab+1","REME_SpectralBlade"],"picked":"Singing Bowl","floor":48.0},{"not_picked":["Outmaneuver+1","Leg Sweep","AT_ArcaneSupremacy"],"picked":"Singing Bowl","floor":54}],"player_experience":321945,"relics_obtained":[{"floor":6.0,"key":"Nunchaku"},{"floor":9.0,"key":"Tiny Chest"},{"floor":13.0,"key":"Strawberry"},{"floor":25.0,"key":"AT_Manta"},{"floor":26.0,"key":"Pen Nib"},{"floor":27.0,"key":"StrikeDummy"},{"floor":29.0,"key":"Art of War"},{"floor":42.0,"key":"Singing Bowl"},{"floor":43.0,"key":"AT_SilverBalance"},{"floor":45.0,"key":"AT_SilvercatRing"},{"floor":54,"key":"AT_EbonyIvory"}],"event_choices":[{"damage_healed":0.0,"max_hp_gain":0.0,"max_hp_loss":0.0,"gold_gain":0.0,"event_name":"Accursed Blacksmith","player_choice":"Rummage","floor":3.0,"gold_loss":0.0,"damage_taken":0.0,"relics_obtained":["WarpedTongs"],"cards_obtained":["Pain"]},{"damage_healed":0.0,"max_hp_gain":0.0,"max_hp_loss":39.0,"gold_gain":0.0,"event_name":"Ghosts","player_choice":"Became a Ghost","floor":19.0,"gold_loss":0.0,"damage_taken":0.0,"cards_obtained":["Ghostly","Ghostly","Ghostly","Ghostly","Ghostly"]},{"damage_healed":0.0,"max_hp_gain":0.0,"max_hp_loss":0.0,"gold_gain":0.0,"event_name":"Vampires","player_choice":"Ignored","floor":20.0,"gold_loss":0.0,"damage_taken":0.0},{"damage_healed":0.0,"max_hp_gain":0.0,"max_hp_loss":0.0,"gold_gain":0.0,"cards_transformed":["Strike_G"],"event_name":"Transmorgrifier","player_choice":"Transformed","floor":37.0,"gold_loss":0.0,"damage_taken":0.0,"cards_obtained":["Envenom"]}],"is_beta":false,"boss_relics":[{"not_picked":["Velvet Choker","Snecko Eye"],"picked":"Philosopher\u0027s Stone"},{"not_picked":["Fusion Hammer","WristBlade"],"picked":"REME_ChargedStone"}],"items_purged_floors":[5,22,28,44],"is_endless":false,"potions_floor_spawned":[1,8,13,14,16,18,31,35,38,42,47,48,54],"killed_by":"The Heart","ascension_level":6}}