{"host":"q9718omregw4er46","time":1610551560,"event":{"mods":["BaseMod","Bestiary","Colored Powertips","Minty Spire (QoL Compilation)","Quick Restart","Relic Stats"],"gold_per_floor":[413,413,33,33,49,49,81,81,104,124,151,14,14,28,28,102,102,118,128,161,172,191,191,216,227,250,250,265,293,293,293,293],"floor_reached":31,"language":"ENG","playtime":971,"items_purged":[],"score":620,"play_id":"08615235-cc02-4f79-b4d7-c7a8aa4dc625","local_time":"20210113202600","is_ascension_mode":true,"campfire_choices":[{"data":"Ball Lightning","floor":6.0,"key":"SMITH"},{"data":"Zap","floor":8.0,"key":"SMITH"},{"data":"Consume","floor":15.0,"key":"SMITH"},{"floor":23,"key":"REST"}],"circlet_count":0,"master_deck":["AscendersBane","Strike_B+1","Strike_B+1","Strike_B+1","Defend_B+1","Defend_B+1","Defend_B+1","Defend_B+1","Zap+1","Dualcast","CurseOfTheBell","Ball Lightning+1","Ball Lightning","Static Discharge","Sweeping Beam","Consume+1","Electrodynamics","Genetic Algorithm","Chill","Conserve Battery","Chill"],"relics":["Calling Bell","Pen Nib","The Courier","Old Coin","Boot","Runic Capacitor","Bronze Scales","Orichalcum","InkBottle","Bag of Preparation","Omamori","Thread and Needle","Membership Card","Busted Crown","Red Mask","PreservedInsect","Happy Flower","MealTicket"],"acts_visited":["Exordium","TheCity"],"potions_floor_usage":[22,31],"damage_taken":[{"damage":8.0,"enemies":"2 Louse","floor":1.0,"turns":4.0},{"damage":6.0,"enemies":"Cultist","floor":5.0,"turns":3.0},{"damage":5.0,"enemies":"Gremlin Nob","floor":7.0,"turns":3.0},{"damage":2.0,"enemies":"Jaw Worm","floor":10.0,"turns":3.0},{"damage":10.0,"enemies":"Lagavulin","floor":11.0,"turns":5.0},{"damage":0.0,"enemies":"Looter","floor":14.0,"turns":3.0},{"damage":28.0,"enemies":"Slime Boss","floor":16.0,"turns":5.0},{"damage":0.0,"enemies":"Chosen","floor":18.0,"turns":3.0},{"damage":16.0,"enemies":"Shell Parasite","floor":19.0,"turns":4.0},{"damage":14.0,"enemies":"Masked Bandits","floor":20.0,"turns":3.0},{"damage":13,"enemies":"Snecko","floor":21,"turns":4},{"damage":0,"enemies":"Sentry and Sphere","floor":22,"turns":3},{"damage":30,"enemies":"Slavers","floor":24,"turns":3},{"damage":2,"enemies":"3 Cultists","floor":25,"turns":4},{"damage":0,"enemies":"Centurion and Healer","floor":28,"turns":4},{"damage":0,"enemies":"Book of Stabbing","floor":29,"turns":3},{"damage":6,"enemies":"Snake Plant","floor":31,"turns":2}],"seed_played":"-7087002345172483457","potions_obtained":[{"floor":1.0,"key":"PotionOfCapacity"},{"floor":7.0,"key":"PowerPotion"},{"floor":11.0,"key":"FearPotion"},{"floor":14.0,"key":"PotionOfCapacity"},{"floor":20.0,"key":"PowerPotion"},{"floor":28,"key":"SkillPotion"},{"floor":29,"key":"Swift Potion"}],"is_trial":false,"path_per_floor":["M","?","$","T","M","R","E","R","T","M","E","$","?","M","R","B",null,"M","M","?","M","M","R","E","M","T","?","M","E","?","M"],"character_chosen":"DEFECT","items_purchased":["Runic Capacitor","Bronze Scales","Orichalcum","Membership Card"],"campfire_rested":1,"item_purchase_floors":[3,3,3,12],"current_hp_per_floor":[56,56,56,56,50,50,45,45,45,43,33,33,33,33,33,5,55,55,39,25,12,12,33,3,1,1,1,1,1,1,0,0],"gold":293,"neow_bonus":"BOSS_RELIC","is_daily":false,"chose_seed":true,"campfire_upgraded":3,"win_rate":0.0,"timestamp":1610551560,"path_taken":["M","?","$","?","M","R","E","R","T","M","E","?","?","M","R","BOSS","M","M","?","M","M","R","E","M","T","?","M","E","?","M"],"items_purchased_type":["Relic","Relic","Relic","Relic"],"build_version":"2020-12-22","purchased_purges":0,"victory":false,"max_hp_per_floor":[71,71,71,71,71,71,71,71,71,71,71,71,71,71,71,71,71,71,71,71,71,71,71,71,71,71,71,71,71,71,71,71],"relic_stats":{"Busted Crown":18,"Happy Flower":[3],"counters":[17,59],"Bronze Scales":[120],"MealTicket":0,"Pen Nib":[8],"PreservedInsect":43,"Bag of Preparation":[28],"Orichalcum":[186],"Boot":[12],"obtain_stats":[{"Happy Flower":26,"Thread and Needle":11,"Pen Nib":0,"The Courier":0,"PreservedInsect":24,"Runic Capacitor":3,"Bag of Preparation":7,"Omamori":9,"Orichalcum":3,"Boot":2,"Old Coin":0,"Calling Bell":0,"Busted Crown":17,"Bronze Scales":3,"MealTicket":29,"Red Mask":20,"Membership Card":12,"Cracked Core":0,"InkBottle":4},{"Happy Flower":14,"Thread and Needle":5,"Pen Nib":0,"The Courier":0,"PreservedInsect":13,"Runic Capacitor":1,"Bag of Preparation":3,"Omamori":3,"Orichalcum":1,"Boot":1,"Old Coin":0,"Calling Bell":0,"Busted Crown":7,"Bronze Scales":1,"MealTicket":16,"Red Mask":10,"Membership Card":5,"Cracked Core":0,"InkBottle":1},{"Happy Flower":50,"Thread and Needle":18,"Pen Nib":0,"The Courier":0,"PreservedInsect":46,"Runic Capacitor":4,"Bag of Preparation":10,"Omamori":10,"Orichalcum":4,"Boot":4,"Old Coin":0,"Calling Bell":0,"Busted Crown":26,"Bronze Scales":4,"MealTicket":57,"Red Mask":36,"Membership Card":18,"Cracked Core":0,"InkBottle":4}],"InkBottle":[18]},"card_choices":[{"not_picked":["Leap","Steam Power","Hologram"],"picked":"SKIP","floor":1.0},{"not_picked":["Hologram","Leap"],"picked":"Ball Lightning","floor":5.0},{"not_picked":["Hyperbeam","Turbo"],"picked":"Ball Lightning","floor":7.0},{"not_picked":["Stack","Aggregate"],"picked":"Static Discharge","floor":10.0},{"not_picked":["Blizzard","Coolheaded"],"picked":"Sweeping Beam","floor":11.0},{"not_picked":["Chaos","Cold Snap"],"picked":"Consume","floor":14.0},{"not_picked":["Seek","Multi-Cast"],"picked":"Electrodynamics","floor":16.0},{"not_picked":["Genetic Algorithm"],"picked":"SKIP","floor":18.0},{"not_picked":[],"picked":"Genetic Algorithm","floor":18.0},{"not_picked":["Blizzard+1"],"picked":"SKIP","floor":19.0},{"not_picked":["Compile Driver"],"picked":"SKIP","floor":21},{"not_picked":[],"picked":"Chill","floor":22},{"not_picked":[],"picked":"Conserve Battery","floor":24},{"not_picked":["Tempest"],"picked":"SKIP","floor":25},{"not_picked":["Redo"],"picked":"SKIP","floor":28},{"not_picked":["Beam Cell"],"picked":"SKIP","floor":29}],"player_experience":1203227,"relics_obtained":[{"floor":0.0,"key":"Pen Nib"},{"floor":0.0,"key":"The Courier"},{"floor":0.0,"key":"Old Coin"},{"floor":4.0,"key":"InkBottle"},{"floor":7.0,"key":"Bag of Preparation"},{"floor":9.0,"key":"Omamori"},{"floor":11.0,"key":"Thread and Needle"},{"floor":20.0,"key":"Red Mask"},{"floor":24,"key":"PreservedInsect"},{"floor":26,"key":"Happy Flower"},{"floor":29,"key":"MealTicket"}],"event_choices":[{"damage_healed":0.0,"max_hp_gain":0.0,"max_hp_loss":0.0,"gold_gain":0.0,"event_name":"WeMeetAgain","player_choice":"Gave Potion","floor":2.0,"gold_loss":0.0,"damage_taken":0.0,"relics_obtained":["Boot"]},{"cards_removed":["Strike_B"],"damage_healed":0.0,"max_hp_gain":0.0,"max_hp_loss":0.0,"gold_gain":0.0,"event_name":"Bonfire Elementals","player_choice":"Offered Basic","floor":13.0,"gold_loss":0.0,"damage_taken":0.0},{"damage_healed":0.0,"max_hp_gain":0.0,"max_hp_loss":0.0,"gold_gain":0.0,"event_name":"Masked Bandits","player_choice":"Fought Bandits","floor":20.0,"gold_loss":0.0,"damage_taken":0.0},{"damage_healed":0,"gold_gain":0,"player_choice":"Simplicity","damage_taken":0,"max_hp_gain":0,"max_hp_loss":0,"event_name":"Back to Basics","floor":27,"gold_loss":0,"cards_upgraded":["Strike_B","Strike_B","Strike_B","Defend_B","Defend_B","Defend_B","Defend_B"]},{"damage_healed":0,"gold_gain":0,"player_choice":"Copied","damage_taken":0,"max_hp_gain":0,"max_hp_loss":0,"event_name":"Duplicator","floor":30,"gold_loss":0,"cards_obtained":["Chill"]}],"is_beta":false,"boss_relics":[{"not_picked":["Empty Cage","Inserter"],"picked":"Busted Crown"}],"items_purged_floors":[],"is_endless":false,"potions_floor_spawned":[1,7,11,14,19,20,28,29],"killed_by":"Snake Plant","ascension_level":20}}