{"host":"22tt21bn45sbv98g","time":1610539151,"event":{"mods":["Act Like it!","BaseMod","Downfall","Gensokyo","Minty Spire (QoL Compilation)","SOS（斯巴达之子）","StSLib","The Blackbeard","The Servant 0.9.4","Youmu（魂魄妖梦）","【功能Mod】聪明的最终Boss"],"gold_per_floor":[117,133,133,133,153,188,200,215,215,247,271,311,337,361,373,482,494,516,539,876,904,928,973,985,1008,1020,1048,1094,1106,1151,427,439,553,615,641,653,665,677,25,37,49,390,453,465,488,500,753,765,777,1089,1101,1113,146,180,180],"floor_reached":56,"language":"ZHS","playtime":7203,"items_purged":["Strike_YM"],"score":1404,"play_id":"88650115-f354-45ee-a717-d720703686f3","local_time":"20210113195911","is_ascension_mode":true,"campfire_choices":[{"data":"TransmigrationSlash","floor":15.0,"key":"SMITH"},{"floor":32.0,"key":"REST"},{"floor":40,"key":"RECALL"},{"data":"GreatEnlightenmentAppearingAndDisappearing","floor":49,"key":"SMITH"},{"data":"Gensokyo:PrivateSquare","floor":52,"key":"SMITH"}],"circlet_count":0,"master_deck":["Strike_YM","Strike_YM","Defend_YM+1","Defend_YM","Defend_YM+1","Defend_YM","FlashingScatteredFlowers","SpiritCuttingSword","SwordExtraction","HesitationCuttingSword","SlashOfMeditation","PhosphoricSlash","HumanKnowledgeSword","GhostSword","HumanKnowledgeSword","TransmigrationSlash+1","SlashOfTheEternalFuture","CherryBlossomFlashing","TwoHundredYojanaInOneSlash","LowerRealmReflectionSlash","StrangeHalfBody","Gensokyo:SpontaneousHumanCombustion","HellGodSword","HellGodSword+1","SwordExtraction","SlashOfDelusionalInnerEye+1","MatsuyoiReflectingSatelliteSlash+1","HellRealmSword","SpiritCuttingSword","PretaSword+1","Gensokyo:PrivateSquare+1","GreatEnlightenmentAppearingAndDisappearing+1","SuddenDivineSeveringOfKarmicWind","HellRealmSword","SlashOfDepartureFromHesitation","SuddenPhantomFormationSlashOfKarmicWind","SpiritCuttingSword+1","expansioncontent:QuickStudy","ThreeKonsSevenHakus","FiveSignsOfTheDyingDeva","HumanKnowledgeSword"],"relics":["HalfPhantom","Orichalcum","Happy Flower","Gensokyo:Justice","Sundial","MawBank","Bottled Tornado","Runic Pyramid","Ancient Tea Set","Regal Pillow","InkBottle","Art of War","ClockworkSouvenir","OrangePellets","Frozen Eye","Tiny House","Gensokyo:EmptyGrave","HandDrill","TheAbacus","Strange Spoon","Pocketwatch","White Beast Statue","CeramicFish","Girya","Anchor","Meat on the Bone","Darkstone Periapt","Vajra","Sling","Bag of Marbles","Bird Faced Urn","War Paint"],"acts_visited":["Exordium","Gensokyo:Gensokyo","Gensokyo:Gensokyoer","TheEnding"],"potions_floor_usage":[34,42,50,55,55],"damage_taken":[{"damage":0.0,"enemies":"Gensokyo:2_Kodama","floor":1.0,"turns":3.0},{"damage":0.0,"enemies":"Gensokyo:3_Fairies","floor":2.0,"turns":3.0},{"damage":0.0,"enemies":"Gensokyo:Python","floor":5.0,"turns":2.0},{"damage":9.0,"enemies":"Gensokyo:Aya","floor":6.0,"turns":6.0},{"damage":2.0,"enemies":"Gensokyo:3_Kodama","floor":7.0,"turns":4.0},{"damage":0.0,"enemies":"Gensokyo:Python_and_Kodama","floor":8.0,"turns":3.0},{"damage":9.0,"enemies":"Gensokyo:Mamizou","floor":10.0,"turns":5.0},{"damage":0.0,"enemies":"Gensokyo:2_Rabbits","floor":11.0,"turns":2.0},{"damage":0.0,"enemies":"Gensokyo:Aya","floor":12.0,"turns":3.0},{"damage":0.0,"enemies":"Gensokyo:5_Fairies","floor":13.0,"turns":2.0},{"damage":0.0,"enemies":"Gensokyo:LivingMonolith","floor":14.0,"turns":2.0},{"damage":15.0,"enemies":"Gensokyo:Kokoro","floor":16.0,"turns":10.0},{"damage":15.0,"enemies":"Gensokyo:AngelMirror","floor":18.0,"turns":3.0},{"damage":0.0,"enemies":"Gensokyo:3_Dogs","floor":19.0,"turns":2.0},{"damage":17.0,"enemies":"Gensokyo:Slime_Group","floor":21.0,"turns":3.0},{"damage":0.0,"enemies":"Gensokyo:Monolith_and_Dog","floor":22.0,"turns":4.0},{"damage":15.0,"enemies":"Gensokyo:Koishi","floor":23.0,"turns":4.0},{"damage":12.0,"enemies":"Gensokyo:Wraith","floor":25.0,"turns":3.0},{"damage":26.0,"enemies":"Gensokyo:Slime_Group","floor":27.0,"turns":3.0},{"damage":8.0,"enemies":"Gensokyo:Reisen","floor":28.0,"turns":4.0},{"damage":9.0,"enemies":"Gensokyo:Koishi","floor":30.0,"turns":4.0},{"damage":79.0,"enemies":"Gensokyo:Eternal_Rivals","floor":33.0,"turns":9.0},{"damage":18,"enemies":"Gensokyo:AncientGuardian","floor":35,"turns":4},{"damage":26,"enemies":"Gensokyo:Kasen","floor":42,"turns":6},{"damage":8,"enemies":"Gensokyo:3_Boulders","floor":45,"turns":4},{"damage":13,"enemies":"Gensokyo:Doremy","floor":47,"turns":6},{"damage":17,"enemies":"Gensokyo:Shinki","floor":50,"turns":7},{"damage":1,"enemies":"Shield and Spear","floor":54,"turns":3},{"damage":60,"enemies":"The Heart","floor":55,"turns":9}],"seed_played":"6525635215146542238","potions_obtained":[{"floor":6.0,"key":"SteroidPotion"},{"floor":7.0,"key":"LiquidBronze"},{"floor":8.0,"key":"SkillPotion"},{"floor":12.0,"key":"DuplicationPotion"},{"floor":13.0,"key":"DuplicationPotion"},{"floor":14.0,"key":"LiquidMemories"},{"floor":18.0,"key":"CausticAgent"},{"floor":19.0,"key":"CausticAgent"},{"floor":21.0,"key":"Block Potion"},{"floor":28.0,"key":"Fire Potion"},{"floor":34,"key":"Fruit Juice"},{"floor":45,"key":"CausticAgent"},{"floor":47,"key":"SpeedPotion"},{"floor":54,"key":"Regen Potion"}],"is_trial":false,"path_per_floor":["M","M","?","?","M","E","M","M","T","E","M","E","M","M","R","B",null,"M","M","?","M","M","E","?","M","T","M","E","T","E","COS","R","B",null,"M","?","?","?","COS","R","?","E","T","?","M","$","E","T","R","B",null,"R","$","E","B",null],"character_chosen":"YOUMU","items_purchased":["Vajra","Sling","Bag of Marbles","SlashOfDepartureFromHesitation","Swift Potion","SuddenPhantomFormationSlashOfKarmicWind","SpiritCuttingSword","expansioncontent:QuickStudy","ThreeKonsSevenHakus","FiveSignsOfTheDyingDeva"],"campfire_rested":1,"item_purchase_floors":[53,53,53,53,53,53,53,53,53,53],"current_hp_per_floor":[75,75,75,75,75,66,64,64,64,55,55,55,55,55,55,55,75,70,75,75,58,69,67,67,55,55,44,36,36,45,45,68,9,78,69,69,69,69,72,72,72,61,61,61,53,53,64,64,64,71,72,72,72,72,42],"gold":180,"neow_bonus":"RANDOM_COMMON_RELIC","is_daily":false,"chose_seed":false,"campfire_upgraded":3,"win_rate":0.0,"timestamp":1610539151,"path_taken":["M","?","?","?","M","E","M","M","T","E","M","E","M","M","R","BOSS","M","M","?","M","M","E","?","?","T","M","E","?","E","COS","R","BOSS","M","?","?","?","COS","R","?","E","T","?","M","?","E","?","R","BOSS","R","$","E","BOSS"],"items_purchased_type":["Relic","Relic","Relic","Card","Potion","Card","Card","Card","Card","Card"],"build_version":"2020-12-22","purchased_purges":1,"victory":true,"max_hp_per_floor":[75,75,75,75,75,75,75,75,75,75,75,75,75,75,75,75,75,75,75,75,75,75,75,68,68,68,68,68,68,68,68,68,68,78,78,72,72,72,72,72,72,72,72,72,72,72,72,72,72,72,72,72,72,72,72],"card_choices":[{"not_picked":["SwordOfBindingDesires","ObsessionSword"],"picked":"FlashingScatteredFlowers","floor":1.0},{"not_picked":["LifeCuttingSword","BizarrenessOfSixRealms"],"picked":"SpiritCuttingSword","floor":2.0},{"not_picked":["CrescentMoonSlash","PretaSword"],"picked":"SwordExtraction","floor":5.0},{"not_picked":["StrangeHalfBody","BizarrenessOfSixRealms"],"picked":"HesitationCuttingSword","floor":6.0},{"not_picked":["SpiritMediumsBind","FlashingScatteredFlowers"],"picked":"SlashOfMeditation","floor":7.0},{"not_picked":["LotusPostureSlash","KarmicPunishmentOfTheIdleAndUnfocused"],"picked":"PhosphoricSlash","floor":8.0},{"not_picked":["LowerRealmReflectionSlash","DispleasureOfTheSevenHakus"],"picked":"HeavenSword","floor":10.0},{"not_picked":["FourBirthsSword","FlashingScatteredFlowers"],"picked":"HumanKnowledgeSword","floor":11.0},{"not_picked":["HumanRealmSword","HumanKnowledgeSword"],"picked":"GhostSword","floor":12.0},{"not_picked":["SlashOfMeditation","SanzenSekai"],"picked":"HumanKnowledgeSword","floor":13.0},{"not_picked":["SwordOfBindingDesires","SanzenSekai"],"picked":"TransmigrationSlash","floor":14.0},{"not_picked":["IrresoluteSoul","FastingOfTheYoungPreta"],"picked":"SlashOfTheEternalFuture","floor":16.0},{"not_picked":["ObsessionSword","FlashingScatteredFlowers"],"picked":"LowerRealmReflectionSlash","floor":18.0},{"not_picked":["TransmigrationSlash","FlashingScatteredFlowers"],"picked":"CherryBlossomFlashing","floor":19.0},{"not_picked":["ThoughtCuttingSword","SanzenSekai"],"picked":"TwoHundredYojanaInOneSlash","floor":21.0},{"not_picked":["TwoHundredYojanaInOneSlash+1","DispleasureOfTheSevenHakus"],"picked":"LowerRealmReflectionSlash","floor":22.0},{"not_picked":["PhosphoricSlash","FlashingScatteredFlowers"],"picked":"StrangeHalfBody","floor":23.0},{"not_picked":["Gensokyo:GapWoman","Gensokyo:TekeTeke"],"picked":"Gensokyo:SpontaneousHumanCombustion","floor":24.0},{"not_picked":["BloodOfAsura","TenKingsRetributionOnThePreta"],"picked":"HellGodSword","floor":25.0},{"not_picked":["DispleasureOfTheSevenHakus+1","SpiritCuttingSword"],"picked":"HellGodSword+1","floor":27.0},{"not_picked":["HellGodSword+1","PreachingAvici+1"],"picked":"SwordExtraction","floor":28.0},{"not_picked":["BloodOfAsura","WickedSoul"],"picked":"SlashOfDelusionalInnerEye+1","floor":30.0},{"not_picked":["CherryBlossomSword+1","SlashOfTheEternalFuture+1"],"picked":"MatsuyoiReflectingSatelliteSlash+1","floor":33.0},{"not_picked":["VoidnessSword","IrresoluteSoul"],"picked":"HellRealmSword","floor":33.0},{"not_picked":["KarmicPunishmentOfTheIdleAndUnfocused+1","SlashOfMeditation"],"picked":"SpiritCuttingSword","floor":34},{"not_picked":["TwoHundredYojanaInOneSlash+1","SlashOfMeditation+1"],"picked":"PretaSword+1","floor":35},{"not_picked":["PretaSword","ThreeKonsSevenHakus"],"picked":"SuddenDivineSeveringOfKarmicWind","floor":42},{"not_picked":["ConstancyOfTheConventionalTruth","FlashingScatteredFlowers","LifeCuttingSword+1"],"picked":"SKIP","floor":45},{"not_picked":["GhostSword","PhosphoricSlash"],"picked":"HellRealmSword","floor":47},{"not_picked":["LifeCuttingSword","SanzenSekai"],"picked":"HumanKnowledgeSword","floor":54}],"player_experience":270440,"relics_obtained":[{"floor":6.0,"key":"Sundial"},{"floor":9.0,"key":"Ornamental Fan"},{"floor":10.0,"key":"MawBank"},{"floor":12.0,"key":"Bottled Tornado"},{"floor":23.0,"key":"Ancient Tea Set"},{"floor":28.0,"key":"Regal Pillow"},{"floor":29.0,"key":"InkBottle"},{"floor":30.0,"key":"Art of War"},{"floor":42,"key":"White Beast Statue"},{"floor":43,"key":"CeramicFish"},{"floor":47,"key":"Meat on the Bone"},{"floor":48,"key":"Darkstone Periapt"},{"floor":54,"key":"War Paint"}],"event_choices":[],"is_beta":false,"boss_relics":[{"not_picked":["Sozu","Ectoplasm"],"picked":"Runic Pyramid"},{"not_picked":["Snecko Eye","Velvet Choker"],"picked":"Tiny House"}],"items_purged_floors":[53],"is_endless":false,"potions_floor_spawned":[6,7,8,10,12,13,14,18,19,21,28,45,47,54],"ascension_level":1}}