{"host":"q0qnzbgdx8oqogg9","time":1610513703,"event":{"mods":["BaseMod","Minty Spire (QoL Compilation)","Slay-I","StSLib"],"gold_per_floor":[119,139,158,175,186,186,218,218,218,218,229,241,206,223,223,326,326,346,361,361,379,43,43,43,43],"floor_reached":24,"language":"ENG","playtime":875,"items_purged":["Shame"],"score":273,"play_id":"2c4e5acf-94c8-40d4-b485-60196d975570","local_time":"20210112235503","is_ascension_mode":true,"campfire_choices":[{"floor":6.0,"key":"REST"},{"data":"Searing Blow","floor":10.0,"key":"SMITH"},{"data":"Searing Blow+1","floor":15.0,"key":"SMITH"},{"data":"Armaments","floor":23,"key":"SMITH"}],"circlet_count":0,"master_deck":["Strike_R","Strike_R","Strike_R","Strike_R","Strike_R","Defend_R","Defend_R","Defend_R","Defend_R","Bash","Searing Blow+2","Combust","Sever Soul","Inflame","Double Tap","Inflame","Impervious","Armaments+1","Hemokinesis+1","Flex+1"],"relics":["Runic Pyramid","Lizard Tail","CultistMask","White Beast Statue","Cursed Key","Boot","Meat on the Bone"],"acts_visited":["Exordium","TheCity"],"potions_floor_usage":[16,16,19,24],"damage_taken":[{"damage":4.0,"enemies":"Jaw Worm","floor":1.0,"turns":6.0},{"damage":1.0,"enemies":"Cultist","floor":2.0,"turns":3.0},{"damage":11.0,"enemies":"Small Slimes","floor":3.0,"turns":4.0},{"damage":10.0,"enemies":"Exordium Thugs","floor":4.0,"turns":4.0},{"damage":36.0,"enemies":"Large Slime","floor":5.0,"turns":8.0},{"damage":16.0,"enemies":"Gremlin Nob","floor":7.0,"turns":3.0},{"damage":13.0,"enemies":"Red Slaver","floor":11.0,"turns":3.0},{"damage":19.0,"enemies":"3 Louse","floor":12.0,"turns":3.0},{"damage":26.0,"enemies":"2 Fungi Beasts","floor":14.0,"turns":5.0},{"damage":24,"enemies":"Hexaghost","floor":16,"turns":7},{"damage":2,"enemies":"Chosen","floor":18,"turns":3},{"damage":21,"enemies":"2 Thieves","floor":19,"turns":4},{"damage":26,"enemies":"Snecko","floor":21,"turns":4},{"damage":13,"enemies":"Snake Plant","floor":24,"turns":1}],"seed_played":"6655956025413622982","potions_obtained":[{"floor":3.0,"key":"AttackPotion"},{"floor":5.0,"key":"DuplicationPotion"},{"floor":7.0,"key":"Strength Potion"},{"floor":11.0,"key":"PowerPotion"},{"floor":12.0,"key":"CultistPotion"},{"floor":14.0,"key":"LiquidMemories"},{"floor":16,"key":"HeartOfIron"},{"floor":18,"key":"ColorlessPotion"},{"floor":19,"key":"Dexterity Potion"},{"floor":21,"key":"Fire Potion"}],"is_trial":false,"path_per_floor":["M","M","M","M","M","R","E","?","T","R","M","M","?","M","R","B",null,"M","M","?","M","$","R","M"],"character_chosen":"IRONCLAD","items_purchased":["Meat on the Bone"],"campfire_rested":1,"item_purchase_floors":[22],"current_hp_per_floor":[68,67,56,46,10,34,18,18,18,18,5,32,52,26,26,2,61,59,38,38,12,12,12,0,0],"gold":43,"neow_bonus":"BOSS_RELIC","is_daily":false,"chose_seed":false,"campfire_upgraded":3,"win_rate":0.0,"timestamp":1610513703,"path_taken":["M","M","M","M","M","R","E","?","T","R","?","M","?","M","R","BOSS","M","M","?","M","$","R","M"],"items_purchased_type":["Relic"],"build_version":"2020-12-22","purchased_purges":1,"victory":false,"max_hp_per_floor":[80,80,80,80,80,80,80,80,80,80,80,80,80,80,80,80,80,80,80,80,80,80,80,80,80],"card_choices":[{"not_picked":["Twin Strike","Wild Strike"],"picked":"Searing Blow","floor":1.0},{"not_picked":["Perfected Strike","Havoc"],"picked":"Combust","floor":2.0},{"not_picked":["Warcry","Clash","Dark Embrace"],"picked":"SKIP","floor":3.0},{"not_picked":["Clash","Shrug It Off"],"picked":"Sever Soul","floor":4.0},{"not_picked":["Shrug It Off","Thunderclap"],"picked":"Inflame","floor":5.0},{"not_picked":["Seeing Red","Inflame"],"picked":"Double Tap","floor":7.0},{"not_picked":["Body Slam","Cleave","Entrench"],"picked":"SKIP","floor":11.0},{"not_picked":["Clash","Carnage","Havoc"],"picked":"SKIP","floor":12.0},{"not_picked":["Rampage","Searing Blow"],"picked":"Inflame","floor":14.0},{"not_picked":["Feed","Fiend Fire"],"picked":"Impervious","floor":16},{"not_picked":["Disarm","Sever Soul"],"picked":"Armaments","floor":18},{"not_picked":["Perfected Strike+1","Sword Boomerang"],"picked":"Hemokinesis+1","floor":19},{"not_picked":["Fire Breathing","Dark Embrace"],"picked":"Flex+1","floor":21}],"player_experience":214178,"relics_obtained":[{"floor":7.0,"key":"Lizard Tail"},{"floor":9.0,"key":"White Beast Statue"}],"event_choices":[{"damage_healed":0.0,"max_hp_gain":0.0,"max_hp_loss":0.0,"gold_gain":0.0,"event_name":"FaceTrader","player_choice":"Trade","floor":8.0,"gold_loss":0.0,"damage_taken":0.0,"relics_obtained":["CultistMask"]},{"damage_healed":20.0,"max_hp_gain":0.0,"max_hp_loss":0.0,"gold_gain":0.0,"event_name":"The Cleric","player_choice":"Healed","floor":13.0,"gold_loss":35.0,"damage_taken":0.0},{"damage_healed":0,"gold_gain":0,"player_choice":"Stole Relic","damage_taken":0,"relics_obtained":["Boot"],"max_hp_gain":0,"max_hp_loss":0,"event_name":"Addict","floor":20,"gold_loss":0,"cards_obtained":["Shame"]}],"is_beta":false,"boss_relics":[{"not_picked":["Tiny House","Runic Cube"],"picked":"Cursed Key"}],"items_purged_floors":[22],"is_endless":false,"potions_floor_spawned":[3,5,7,11,12,14,16,18,19,21],"killed_by":"Snake Plant","ascension_level":7}}