{"host":"c3lc60y5x60jlt1y","time":1610559854,"event":{"mods":["AchievementEnabler","BaseMod","Bestiary","Colored Map","Minty Spire (QoL Compilation)","Quick Restart","StSLib","ojb\u0027s Info Mod"],"gold_per_floor":[110,110,185,205,53,53,78,78,78,105,70,95,114,143,143,243,243,257,5,18,34,34,34,63,63,63],"floor_reached":25,"playtime":2832,"items_purged":["Strike_B","Defend_B"],"score":403,"play_id":"d0a0ba6f-81e3-44e7-8589-97c36b2b8b0f","local_time":"20210113194414","is_ascension_mode":true,"campfire_choices":[{"data":"Static Discharge","floor":6,"key":"SMITH"},{"data":"Machine Learning","floor":8,"key":"SMITH"},{"floor":15,"key":"REST"},{"floor":23,"key":"REST"}],"circlet_count":0,"master_deck":["Strike_B","Strike_B","Strike_B","Defend_B","Defend_B","Defend_B","Zap","Dualcast","Coolheaded","Static Discharge+1","Capacitor","Machine Learning+1","Go for the Eyes","Loop","Undo","Core Surge","White Noise","Beam Cell","Lockon"],"relics":["Cracked Core","NeowsBlessing","InkBottle","Lizard Tail","Boot","Potion Belt","Blood Vial","Sozu","PreservedInsect","Nilry\u0027s Codex","WingedGreaves"],"acts_visited":["Exordium","TheCity"],"potions_floor_usage":[12,16,24],"damage_taken":[{"damage":0,"enemies":"Small Slimes","floor":1,"turns":1},{"damage":0,"enemies":"2 Louse","floor":4,"turns":1},{"damage":0,"enemies":"Gremlin Nob","floor":7,"turns":1},{"damage":26,"enemies":"Lagavulin","floor":10,"turns":7},{"damage":23,"enemies":"3 Sentries","floor":12,"turns":8},{"damage":0,"enemies":"Cultist","floor":13,"turns":4},{"damage":22,"enemies":"Gremlin Nob","floor":14,"turns":4},{"damage":0,"enemies":"The Guardian","floor":16,"turns":9},{"damage":2,"enemies":"Shell Parasite","floor":18,"turns":8},{"damage":0,"enemies":"Chosen","floor":20,"turns":5},{"damage":31,"enemies":"Snake Plant","floor":21,"turns":4},{"damage":49,"enemies":"Slavers","floor":24,"turns":5},{"damage":42,"enemies":"Cultist and Chosen","floor":25,"turns":4}],"seed_played":"2553164084164535852","potions_obtained":[{"floor":7,"key":"LiquidMemories"},{"floor":14,"key":"AttackPotion"},{"floor":16,"key":"BlessingOfTheForge"}],"is_trial":false,"path_per_floor":["M","?","?","M","$","R","E","R","T","E","?","E","M","E","R","B",null,"M","$","M","M","?","R","E","M"],"character_chosen":"DEFECT","items_purchased":["Capacitor","PreservedInsect"],"campfire_rested":2,"item_purchase_floors":[5,19],"current_hp_per_floor":[75,75,64,64,64,64,64,64,64,38,56,33,33,11,33,35,65,65,65,67,38,22,44,37,0,0],"gold":63,"neow_bonus":"THREE_ENEMY_KILL","is_daily":false,"chose_seed":false,"campfire_upgraded":2,"win_rate":0.0,"timestamp":1610559854,"path_taken":["M","?","?","M","$","R","E","R","T","E","?","E","M","E","R","BOSS","M","$","M","M","?","R","E","M"],"items_purchased_type":["Card","Relic"],"build_version":"2020-12-22","purchased_purges":2,"victory":false,"max_hp_per_floor":[75,75,75,75,75,75,75,75,75,75,75,75,75,75,75,75,75,75,75,75,75,75,75,75,75,75],"card_choices":[{"not_picked":["Redo","Compile Driver"],"picked":"Coolheaded","floor":1},{"not_picked":["Steam","Cold Snap"],"picked":"Static Discharge","floor":4},{"not_picked":["Genetic Algorithm","Recycle"],"picked":"Machine Learning","floor":7},{"not_picked":["Steam","Coolheaded","Rip and Tear"],"picked":"SKIP","floor":10},{"not_picked":["Gash","Streamline"],"picked":"Go for the Eyes","floor":12},{"not_picked":["Sweeping Beam","Reinforced Body"],"picked":"Loop","floor":13},{"not_picked":["All For One","Rebound"],"picked":"Undo","floor":14},{"not_picked":["Biased Cognition","Creative AI"],"picked":"Core Surge","floor":16},{"not_picked":["Steam","Scrape"],"picked":"White Noise","floor":18},{"not_picked":["Go for the Eyes","Coolheaded"],"picked":"Beam Cell","floor":20},{"not_picked":["Skim","Redo+1","Compile Driver"],"picked":"SKIP","floor":21},{"not_picked":["Steam Power+1","Compile Driver+1"],"picked":"Lockon","floor":24}],"player_experience":8022171,"relics_obtained":[{"floor":7,"key":"InkBottle"},{"floor":9,"key":"Lizard Tail"},{"floor":10,"key":"Boot"},{"floor":12,"key":"Potion Belt"},{"floor":14,"key":"Blood Vial"},{"floor":22,"key":"Nilry\u0027s Codex"},{"floor":24,"key":"WingedGreaves"}],"event_choices":[{"damage_healed":0,"gold_gain":0,"player_choice":"Ignored","damage_taken":0,"max_hp_gain":0,"max_hp_loss":0,"event_name":"Liars Game","floor":2,"gold_loss":0},{"damage_healed":0,"gold_gain":75,"player_choice":"Gather Gold","damage_taken":11,"max_hp_gain":0,"max_hp_loss":0,"event_name":"World of Goop","floor":3,"gold_loss":0},{"damage_healed":18,"gold_gain":0,"player_choice":"Healed","damage_taken":0,"max_hp_gain":0,"max_hp_loss":0,"event_name":"The Cleric","floor":11,"gold_loss":35},{"damage_healed":0,"gold_gain":0,"player_choice":"Obtained Book","damage_taken":16,"max_hp_gain":0,"max_hp_loss":0,"event_name":"Cursed Tome","floor":22,"gold_loss":0}],"is_beta":false,"boss_relics":[{"not_picked":["Empty Cage","Coffee Dripper"],"picked":"Sozu"}],"items_purged_floors":[5,19],"is_endless":false,"potions_floor_spawned":[7,14,16,21],"killed_by":"Cultist and Chosen","ascension_level":5}}