{"host":"nyg49itbeu0n8xya","time":1610552565,"event":{"mods":["Arknights The Spire","BaseMod","Marisa£®ÏF”Í°°ƒß¿Ì…≥£©","Minty Spire (QoL Compilation)","StSLib"],"gold_per_floor":[110,285,285,285,303,337,357,357,357],"floor_reached":8,"language":"ZHS","playtime":246,"items_purged":[],"score":81,"play_id":"517f9297-1d7d-424c-906f-32e5eedbd03f","local_time":"20210113234245","is_ascension_mode":false,"campfire_choices":[],"circlet_count":0,"master_deck":["ats:Strike C","ats:Strike G","ats:Strike S","ats:Strike V","ats:Armor Crushing Shot","ats:Defend","ats:Defend","ats:Defend","ats:Defend","ats:Emotion Absorption","ats:Leaping Hammer","Doubt","ats:Explosion Area Strengthen","ats:Powerful Strike","ats:Directed Diagnosis"],"relics":["ats:Sanity","NeowsBlessing","Regal Pillow","ats:Originium","The Courier"],"acts_visited":["Exordium"],"potions_floor_usage":[8],"damage_taken":[{"damage":0,"enemies":"Jaw Worm","floor":1,"turns":1},{"damage":0,"enemies":"Small Slimes","floor":5,"turns":1},{"damage":0,"enemies":"Lagavulin","floor":6,"turns":2},{"damage":7,"enemies":"2 Louse","floor":7,"turns":2},{"damage":46,"enemies":"3 Sentries","floor":8,"turns":7}],"seed_played":"-4066363994027819716","potions_obtained":[{"floor":1,"key":"DistilledChaos"},{"floor":7,"key":"Strength Potion"}],"is_trial":false,"path_per_floor":["M","?","?","?","M","E","M","E"],"character_chosen":"DOCTOR_CLASS","items_purchased":[],"campfire_rested":0,"item_purchase_floors":[],"current_hp_per_floor":[72,72,65,70,70,70,63,19,19],"gold":357,"neow_bonus":"THREE_ENEMY_KILL","is_daily":false,"chose_seed":false,"campfire_upgraded":0,"win_rate":0.0,"timestamp":1610552565,"path_taken":["M","?","?","?","M","E","M","E"],"items_purchased_type":[],"build_version":"2020-12-22","purchased_purges":0,"victory":false,"max_hp_per_floor":[72,72,72,77,77,77,77,77,77],"card_choices":[{"not_picked":["ats:Red Shift","ats:Consecutive Shot Auto"],"picked":"ats:Leaping Hammer","floor":1},{"not_picked":["ats:Consecutive Shot Auto","ats:Very Hot Blade"],"picked":"ats:Explosion Area Strengthen","floor":5},{"not_picked":["ats:Assault Order","ats:Consecutive Shot Auto"],"picked":"ats:Powerful Strike","floor":6},{"not_picked":["ats:Curse Doll","ats:Mental Burst"],"picked":"ats:Directed Diagnosis","floor":7}],"player_experience":417207,"relics_obtained":[{"floor":6,"key":"ats:Originium"},{"floor":6,"key":"The Courier"}],"event_choices":[{"damage_healed":0,"gold_gain":175,"player_choice":"AGREE","damage_taken":0,"max_hp_gain":0,"max_hp_loss":0,"event_name":"Liars Game","floor":2,"gold_loss":0,"cards_obtained":["Doubt"]},{"damage_healed":0,"gold_gain":0,"player_choice":"Success","damage_taken":7,"relics_obtained":["Regal Pillow"],"max_hp_gain":0,"max_hp_loss":0,"event_name":"Scrap Ooze","floor":3,"gold_loss":0},{"damage_healed":0,"gold_gain":0,"player_choice":"Donut","damage_taken":0,"max_hp_gain":5,"max_hp_loss":0,"event_name":"Big Fish","floor":4,"gold_loss":0}],"is_beta":false,"boss_relics":[],"items_purged_floors":[],"is_endless":false,"potions_floor_spawned":[1,7],"killed_by":"3 Sentries","ascension_level":0}}