{"host":"chv1qanoipyt46jc","time":1610578396,"event":{"mods":["2.2 Compatiblity","AchievementEnabler","BaseMod","BetterRewards","CapriCore","Card Filter","Evolution","Gold Saver","Grow up Mod","Minty Spire (QoL Compilation)","Rare Cards Sparkle","Relic Filter","Remove Card Discount Mod","Reorder Act Four","StSLib"],"gold_per_floor":[1280,1297,1309,1328,1338,1338,1397,1397,1397,1397,1422,1436,1446,1460,1460,1565,1565,1580,1600,1615,1306,1323,1323,1352,1366,1366,1392,1404,1420,1420,1420,1420,1525,1525,1544,1564,1582,1582,1582,1616,1616,1645,1645,1645,1656,1666,1693,1720,1720,1720,1720,1720,1720,1752,1752],"floor_reached":56,"language":"ENG","playtime":2750,"items_purged":["Defend_B","Defend_B","Defend_B","Defend_B","Dualcast","Compile Driver","Compile Driver","Compile Driver","Compile Driver","Redo"],"score":1735,"play_id":"9041f5a9-8318-4918-a8db-a0366f5386f5","local_time":"20210113165316","is_ascension_mode":false,"campfire_choices":[{"data":"Defragment","floor":6.0,"key":"SMITH"},{"data":"Zap","floor":8.0,"key":"SMITH"},{"floor":15.0,"key":"RECALL"},{"data":"Loop","floor":23.0,"key":"SMITH"},{"data":"Capacitor","floor":30.0,"key":"SMITH"},{"floor":32.0,"key":"DIG"},{"data":"Echo Form","floor":41.0,"key":"SMITH"},{"data":"Loop","floor":44.0,"key":"SMITH"},{"floor":49.0,"key":"DIG"},{"data":"Loop","floor":53,"key":"SMITH"}],"circlet_count":0,"master_deck":["Zap+1","Loop+1","Sweeping Beam","Loop+1","Defragment+1","Coolheaded+1","Heatsinks","Gash","Coolheaded+1","Loop+1","Gash","Gash","Heatsinks","Creative AI","Redo+1","Fusion+1","Gash","Capacitor+1","Echo Form+1","Capacitor+1","Defragment+1","Loop+1"],"relics":["Cracked Core","EVO:Axolotl","Mummified Hand","Calipers","Pear","Enchiridion","Torii","Shovel","Anchor","Runic Pyramid","Singing Bowl","Bronze Scales","Lizard Tail","War Paint","Akabeko","Black Star","Toxic Egg 2","FossilizedHelix","DataDisk","Meat on the Bone","MealTicket","Centennial Puzzle","Bottled Flame","Darkstone Periapt","Bag of Marbles","Eternal Feather","Bird Faced Urn"],"acts_visited":["Exordium","TheCity","TheBeyond","TheEnding"],"potions_floor_usage":[55,55,55],"damage_taken":[{"damage":8.0,"enemies":"Jaw Worm","floor":1.0,"turns":2.0},{"damage":0.0,"enemies":"2 Louse","floor":2.0,"turns":2.0},{"damage":0.0,"enemies":"Small Slimes","floor":3.0,"turns":2.0},{"damage":11.0,"enemies":"Exordium Thugs","floor":4.0,"turns":3.0},{"damage":8.0,"enemies":"Exordium Wildlife","floor":5.0,"turns":3.0},{"damage":6.0,"enemies":"Gremlin Nob","floor":7.0,"turns":3.0},{"damage":11.0,"enemies":"Lagavulin","floor":11.0,"turns":3.0},{"damage":6.0,"enemies":"Large Slime","floor":12.0,"turns":2.0},{"damage":0.0,"enemies":"2 Fungi Beasts","floor":13.0,"turns":2.0},{"damage":0.0,"enemies":"Looter","floor":14.0,"turns":2.0},{"damage":7.0,"enemies":"The Guardian","floor":16.0,"turns":5.0},{"damage":0.0,"enemies":"Shell Parasite","floor":18.0,"turns":2.0},{"damage":6.0,"enemies":"2 Thieves","floor":19.0,"turns":3.0},{"damage":2.0,"enemies":"Snecko","floor":20.0,"turns":4.0},{"damage":0.0,"enemies":"Centurion and Healer","floor":22.0,"turns":3.0},{"damage":14.0,"enemies":"Slavers","floor":24.0,"turns":3.0},{"damage":0.0,"enemies":"Chosen and Byrds","floor":25.0,"turns":3.0},{"damage":1.0,"enemies":"Book of Stabbing","floor":27.0,"turns":3.0},{"damage":0.0,"enemies":"Snake Plant","floor":28.0,"turns":3.0},{"damage":7.0,"enemies":"3 Cultists","floor":29.0,"turns":3.0},{"damage":0.0,"enemies":"Automaton","floor":33.0,"turns":3.0},{"damage":15.0,"enemies":"Orb Walker","floor":35.0,"turns":3.0},{"damage":0.0,"enemies":"3 Shapes","floor":36.0,"turns":2.0},{"damage":0.0,"enemies":"Writhing Mass","floor":37.0,"turns":3.0},{"damage":22.0,"enemies":"Reptomancer","floor":40.0,"turns":3.0},{"damage":42.0,"enemies":"Nemesis","floor":42.0,"turns":4.0},{"damage":0.0,"enemies":"Transient","floor":45.0,"turns":5.0},{"damage":0.0,"enemies":"Sphere and 2 Shapes","floor":46.0,"turns":2.0},{"damage":0.0,"enemies":"Reptomancer","floor":48.0,"turns":4.0},{"damage":9.0,"enemies":"Time Eater","floor":50.0,"turns":5.0},{"damage":25,"enemies":"Shield and Spear","floor":54,"turns":5},{"damage":76,"enemies":"The Heart","floor":55,"turns":6}],"seed_played":"3107746220569832292","potions_obtained":[{"floor":2.0,"key":"FocusPotion"},{"floor":11.0,"key":"SteroidPotion"},{"floor":13.0,"key":"Explosive Potion"},{"floor":24.0,"key":"Strength Potion"}],"is_trial":false,"path_per_floor":["M","M","M","M","M","R","?","R","T","?","E","M","M","M","R","B",null,"M","M","M","$","M","R","E","M","T","E","M","M","R","?","R","B",null,"M","M","M","?","$","E","R","E","T","R","M","M","T","E","R","B",null,"$","R","E","B",null],"character_chosen":"DEFECT","items_purchased":["Mummified Hand","Loop","Sweeping Beam","Loop","Calipers","Defragment","Coolheaded","Heatsinks","Gash","Singing Bowl"],"campfire_rested":0,"item_purchase_floors":[0,0,0,0,0,0,0,0,21,21],"current_hp_per_floor":[49,59,69,68,70,80,84,94,104,102,101,105,115,125,135,138,265,275,279,287,297,309,319,317,327,337,348,360,365,375,385,395,405,445,442,454,464,476,486,476,486,454,464,474,486,498,508,518,528,529,627,637,647,634,606],"gold":1752,"neow_bonus":"","is_daily":false,"chose_seed":false,"campfire_upgraded":7,"win_rate":0.0,"timestamp":1610578396,"path_taken":["M","M","M","M","M","R","?","R","T","?","E","M","M","M","R","BOSS","M","M","M","$","M","R","E","M","T","E","M","M","R","?","R","BOSS","M","M","M","?","?","E","R","E","T","R","M","M","?","E","R","BOSS","$","R","E","BOSS"],"items_purchased_type":["Relic","Card","Card","Card","Relic","Card","Card","Card","Card","Relic"],"build_version":"2020-12-22","purchased_purges":10,"victory":true,"max_hp_per_floor":[105,115,125,135,145,155,165,175,185,195,205,215,225,235,245,255,265,275,285,295,305,317,327,339,349,359,371,383,395,405,415,425,435,445,457,469,479,491,501,513,523,533,543,553,565,577,587,597,607,617,627,637,647,659,669],"card_choices":[{"not_picked":["Ball Lightning","Compile Driver","Force Field"],"picked":"SKIP","floor":1.0},{"not_picked":["Rebound","Redo"],"picked":"Gash","floor":2.0},{"not_picked":["Consume","Redo"],"picked":"Coolheaded","floor":3.0},{"not_picked":["Sweeping Beam","Melter"],"picked":"Loop","floor":4.0},{"not_picked":["Turbo","Ball Lightning"],"picked":"Gash","floor":5.0},{"not_picked":["Leap","Chill"],"picked":"Gash","floor":7.0},{"not_picked":["Seek","Sweeping Beam"],"picked":"Heatsinks","floor":11.0},{"not_picked":["Coolheaded","Reprogram","Go for the Eyes"],"picked":"SKIP","floor":12.0},{"not_picked":["Turbo","Go for the Eyes","Recycle"],"picked":"SKIP","floor":13.0},{"not_picked":["Go for the Eyes","Ball Lightning","Leap"],"picked":"SKIP","floor":14.0},{"not_picked":["Seek","Buffer"],"picked":"Creative AI","floor":16.0},{"not_picked":["Sweeping Beam+1","Ball Lightning"],"picked":"Redo+1","floor":18.0},{"not_picked":["Conserve Battery","Coolheaded"],"picked":"Fusion+1","floor":19.0},{"not_picked":["Conserve Battery","Barrage"],"picked":"Redo","floor":20.0},{"not_picked":["Undo","Gash","Reboot"],"picked":"Singing Bowl","floor":22.0},{"not_picked":["Force Field","Heatsinks","Sweeping Beam"],"picked":"Singing Bowl","floor":24.0},{"not_picked":["Consume","Sweeping Beam+1"],"picked":"Capacitor","floor":25.0},{"not_picked":["Conserve Battery+1","Sweeping Beam","Coolheaded"],"picked":"Singing Bowl","floor":27.0},{"not_picked":["Sweeping Beam","Rebound","Compile Driver"],"picked":"Singing Bowl","floor":28.0},{"not_picked":["Go for the Eyes","Leap+1","Streamline"],"picked":"Singing Bowl","floor":29.0},{"not_picked":["Machine Learning","Buffer"],"picked":"Echo Form","floor":33.0},{"not_picked":["Chill+1","Fusion","Loop"],"picked":"Singing Bowl","floor":35.0},{"not_picked":["Chill+1","Streamline","Redo+1"],"picked":"Singing Bowl","floor":36.0},{"not_picked":["Redo+1","Conserve Battery+1"],"picked":"Capacitor+1","floor":37.0},{"not_picked":["Purity","Thinking Ahead","Master of Strategy"],"picked":"Singing Bowl","floor":38.0},{"not_picked":["Sweeping Beam+1","Reprogram+1","Turbo+1"],"picked":"Singing Bowl","floor":40.0},{"not_picked":["Coolheaded+1","Chaos+1"],"picked":"Defragment+1","floor":42.0},{"not_picked":["Turbo+1","Gash","Redo+1"],"picked":"Singing Bowl","floor":45.0},{"not_picked":["Undo+1","Redo+1","Conserve Battery+1"],"picked":"Singing Bowl","floor":46.0},{"not_picked":["Leap+1","Go for the Eyes"],"picked":"Loop+1","floor":48.0},{"not_picked":["Gash","White Noise+1","Recycle+1"],"picked":"Singing Bowl","floor":54}],"player_experience":302005,"relics_obtained":[{"floor":7.0,"key":"Torii"},{"floor":11.0,"key":"Anchor"},{"floor":24.0,"key":"Bronze Scales"},{"floor":26.0,"key":"Lizard Tail"},{"floor":27.0,"key":"War Paint"},{"floor":32.0,"key":"Akabeko"},{"floor":40.0,"key":"Toxic Egg 2"},{"floor":40.0,"key":"FossilizedHelix"},{"floor":42.0,"key":"DataDisk"},{"floor":42.0,"key":"Meat on the Bone"},{"floor":43.0,"key":"MealTicket"},{"floor":47.0,"key":"Centennial Puzzle"},{"floor":48.0,"key":"Bottled Flame"},{"floor":48.0,"key":"Darkstone Periapt"},{"floor":49.0,"key":"Bag of Marbles"},{"floor":54,"key":"Eternal Feather"},{"floor":54,"key":"Bird Faced Urn"}],"event_choices":[{"damage_healed":0.0,"max_hp_gain":0.0,"max_hp_loss":0.0,"gold_gain":0.0,"event_name":"Dead Adventurer","player_choice":"Searched \u00271\u0027 times","floor":7.0,"gold_loss":0.0,"damage_taken":0.0},{"damage_healed":0.0,"max_hp_gain":0.0,"max_hp_loss":0.0,"gold_gain":0.0,"event_name":"Scrap Ooze","player_choice":"Success","floor":10.0,"gold_loss":0.0,"damage_taken":12.0,"relics_obtained":["Shovel"]},{"damage_healed":0.0,"max_hp_gain":0.0,"max_hp_loss":0.0,"gold_gain":0.0,"event_name":"The Mausoleum","player_choice":"Ignored","floor":31.0,"gold_loss":0.0,"damage_taken":0.0},{"damage_healed":0.0,"max_hp_gain":0.0,"max_hp_loss":0.0,"gold_gain":0.0,"event_name":"SensoryStone","player_choice":"Memory 1","floor":38.0,"gold_loss":0.0,"damage_taken":0.0}],"is_beta":false,"boss_relics":[{"not_picked":["Runic Dome","Astrolabe"],"picked":"Runic Pyramid"},{"not_picked":["Sozu","Nuclear Battery"],"picked":"Black Star"}],"items_purged_floors":[0,0,0,0,0,0,21,21,21,21],"is_endless":false,"potions_floor_spawned":[2,11,13,16,18,20,22,24,29,33,40,42],"ascension_level":0}}