{"host":"Timothy","time":1610512875,"event":{"mods":["AchievementEnabler","BaseMod","Bestiary","Highlight Path","Minty Spire (QoL Compilation)","Quick Restart","Slay-I"],"gold_per_floor":[114,189,204,156,171,201,216,246,246,261,261,276,291,306,306,406,406,421,211,226,176,191,230,230,260,269,269,284,299,338,347,347,465,524,539,554,569,152,152,191,191,191,250,289,298,313,338,338,347,356],"floor_reached":51,"language":"ENG","playtime":1944,"items_purged":["Defend_P"],"score":1229,"play_id":"25dd6365-9a0d-4e41-b39d-cc9f4832cca0","local_time":"20210112204115","daily_mods":["Cursed Run","Vintage","Lethality"],"is_ascension_mode":false,"campfire_choices":[{"data":"Eruption","floor":15.0,"key":"SMITH"},{"data":"Ragnarok","floor":24.0,"key":"SMITH"},{"data":"Consecrate","floor":27.0,"key":"SMITH"},{"data":"Protect","floor":32.0,"key":"SMITH"},{"data":"BattleHymn","floor":41.0,"key":"SMITH"},{"floor":49,"key":"REST"}],"circlet_count":0,"master_deck":["Strike_P+1","Strike_P+1","Defend_P+1","Defend_P+1","Eruption+1","Vigilance+1","Evaluate+1","LikeWater+1","FollowUp+1","Writhe","Regret","Writhe","Ragnarok+1","Consecrate+1","LikeWater+1","Regret","Protect+1","Decay","Pain","Scrawl+1","EmptyFist+1","BattleHymn+1","Consecrate+1","Discovery+1","Discovery+1","Crescendo+1","Shame","ThirdEye+1","Writhe","Protect+1","Normality"],"relics":["Cursed Key","Darkstone Periapt","Du-Vu Doll","Pen Nib","Happy Flower","PreservedInsect","Potion Belt","Meat on the Bone","Orichalcum","White Beast Statue","Bottled Flame","Smiling Mask","War Paint","Blue Candle","Pantograph","Empty Cage","Blood Vial","CeramicFish","Centennial Puzzle","Bronze Scales","Juzu Bracelet","Gremlin Horn","Dream Catcher","Bag of Marbles","InkBottle","Tiny House","Toxic Egg 2","Ginger","The Courier","TeardropLocket","Akabeko","Vajra","Bag of Preparation","Yang","Dead Branch","Mark of the Bloom"],"acts_visited":["Exordium","TheCity","TheBeyond"],"potions_floor_usage":[50,50,50],"damage_taken":[{"damage":0.0,"enemies":"Cultist","floor":1.0,"turns":2.0},{"damage":0.0,"enemies":"Jaw Worm","floor":3.0,"turns":2.0},{"damage":0.0,"enemies":"2 Louse","floor":5.0,"turns":2.0},{"damage":0.0,"enemies":"Gremlin Nob","floor":6.0,"turns":2.0},{"damage":0.0,"enemies":"Exordium Thugs","floor":7.0,"turns":3.0},{"damage":0.0,"enemies":"Lagavulin","floor":8.0,"turns":3.0},{"damage":4.0,"enemies":"Exordium Wildlife","floor":10.0,"turns":3.0},{"damage":3.0,"enemies":"Looter","floor":12.0,"turns":2.0},{"damage":0.0,"enemies":"Large Slime","floor":13.0,"turns":3.0},{"damage":4.0,"enemies":"Red Slaver","floor":14.0,"turns":3.0},{"damage":4.0,"enemies":"Slime Boss","floor":16.0,"turns":7.0},{"damage":9.0,"enemies":"Shell Parasite","floor":18.0,"turns":5.0},{"damage":0.0,"enemies":"Spheric Guardian","floor":20.0,"turns":2.0},{"damage":0.0,"enemies":"Snecko","floor":22.0,"turns":2.0},{"damage":0.0,"enemies":"Slavers","floor":23.0,"turns":1.0},{"damage":1.0,"enemies":"Gremlin Leader","floor":25.0,"turns":1.0},{"damage":23.0,"enemies":"Snake Plant","floor":28.0,"turns":2.0},{"damage":0.0,"enemies":"Centurion and Healer","floor":29.0,"turns":1.0},{"damage":22.0,"enemies":"Book of Stabbing","floor":30.0,"turns":3.0},{"damage":51.0,"enemies":"Collector","floor":33.0,"turns":6.0},{"damage":0.0,"enemies":"Orb Walker","floor":35.0,"turns":1.0},{"damage":0.0,"enemies":"3 Darklings","floor":36.0,"turns":1.0},{"damage":8.0,"enemies":"Writhing Mass","floor":37.0,"turns":2.0},{"damage":4.0,"enemies":"Reptomancer","floor":40.0,"turns":1.0},{"damage":2.0,"enemies":"Giant Head","floor":44.0,"turns":1.0},{"damage":17,"enemies":"Jaw Worm Horde","floor":46,"turns":2},{"damage":0,"enemies":"2 Orb Walkers","floor":47,"turns":1},{"damage":19,"enemies":"Donu and Deca","floor":50,"turns":3}],"seed_played":"-4624312993155624390","potions_obtained":[{"floor":3.0,"key":"Ambrosia"},{"floor":6.0,"key":"FearPotion"},{"floor":7.0,"key":"FearPotion"},{"floor":8.0,"key":"StancePotion"},{"floor":10.0,"key":"DistilledChaos"},{"floor":12.0,"key":"Fire Potion"},{"floor":20.0,"key":"PowerPotion"},{"floor":22.0,"key":"BottledMiracle"},{"floor":25.0,"key":"BlessingOfTheForge"},{"floor":36.0,"key":"PowerPotion"},{"floor":42.0,"key":"Block Potion"}],"is_trial":false,"path_per_floor":["M","?","M","$","M","E","M","E","T","M","?","M","M","M","R","B",null,"M","$","M","$","M","E","R","E","T","R","M","M","E","?","R","B",null,"M","M","M","$","?","E","R","?","T","E","?","M","?","?","R","B",null],"character_chosen":"WATCHER","items_purchased":["Evaluate","Ragnarok","Consecrate","BattleHymn","Consecrate","TeardropLocket","Discovery+1","Discovery+1"],"campfire_rested":1,"item_purchase_floors":[4,19,19,38,38,38,38,38],"current_hp_per_floor":[72,61,61,61,61,61,61,61,67,63,69,66,66,62,62,86,90,81,81,83,83,85,87,87,88,94,94,73,75,55,61,61,55,113,113,113,105,105,105,103,103,103,109,109,125,108,110,110,110,91],"gold":356,"neow_bonus":"","is_daily":true,"chose_seed":false,"campfire_upgraded":5,"win_rate":0.0,"timestamp":1610512875,"path_taken":["M","?","M","$","M","E","M","E","T","M","?","M","M","M","R","BOSS","M","$","M","$","M","E","R","E","T","R","M","M","E","?","R","BOSS","M","M","M","$","?","E","R","?","T","E","?","M","?","?","R","BOSS"],"items_purchased_type":["Card","Card","Card","Card","Card","Relic","Card","Card"],"build_version":"2020-12-18","purchased_purges":1,"victory":true,"max_hp_per_floor":[72,72,72,72,72,72,72,72,78,78,84,84,84,84,84,90,90,90,90,90,90,90,90,90,90,96,96,96,96,96,102,102,108,113,113,113,113,113,113,113,113,113,119,119,125,125,125,125,125,131],"card_choices":[{"not_picked":["CrushJoints","Halt"],"picked":"LikeWater","floor":6.0},{"not_picked":["EmptyMind","EmptyFist"],"picked":"FollowUp","floor":8.0},{"not_picked":["EmptyMind","SashWhip"],"picked":"LikeWater","floor":23.0},{"not_picked":["TalkToTheHand","Meditate","JustLucky+1"],"picked":"SKIP","floor":25.0},{"not_picked":["FlurryOfBlows","Perseverance"],"picked":"Protect","floor":30.0},{"not_picked":["Blasphemy","Vault"],"picked":"Scrawl","floor":33.0},{"not_picked":["TalkToTheHand+1","Weave"],"picked":"EmptyFist+1","floor":34.0},{"not_picked":["CutThroughFate","Weave+1"],"picked":"Crescendo+1","floor":40.0},{"not_picked":["EmptyFist","FlurryOfBlows+1"],"picked":"ThirdEye+1","floor":44.0},{"not_picked":["Judgement+1","PathToVictory+1"],"picked":"Protect+1","floor":49}],"player_experience":813318,"relics_obtained":[{"floor":1.0,"key":"Pen Nib"},{"floor":3.0,"key":"Happy Flower"},{"floor":5.0,"key":"PreservedInsect"},{"floor":6.0,"key":"Potion Belt"},{"floor":7.0,"key":"Meat on the Bone"},{"floor":8.0,"key":"Orichalcum"},{"floor":9.0,"key":"White Beast Statue"},{"floor":10.0,"key":"Bottled Flame"},{"floor":12.0,"key":"War Paint"},{"floor":13.0,"key":"Blue Candle"},{"floor":14.0,"key":"Pantograph"},{"floor":18.0,"key":"Blood Vial"},{"floor":20.0,"key":"CeramicFish"},{"floor":22.0,"key":"Centennial Puzzle"},{"floor":23.0,"key":"Bronze Scales"},{"floor":25.0,"key":"Juzu Bracelet"},{"floor":26.0,"key":"Gremlin Horn"},{"floor":28.0,"key":"Dream Catcher"},{"floor":29.0,"key":"Bag of Marbles"},{"floor":30.0,"key":"InkBottle"},{"floor":35.0,"key":"Toxic Egg 2"},{"floor":36.0,"key":"Ginger"},{"floor":37.0,"key":"The Courier"},{"floor":40.0,"key":"Akabeko"},{"floor":43.0,"key":"Vajra"},{"floor":44.0,"key":"Bag of Preparation"},{"floor":46,"key":"Yang"},{"floor":47,"key":"Dead Branch"}],"event_choices":[{"damage_healed":0.0,"max_hp_gain":0.0,"max_hp_loss":0.0,"gold_gain":75.0,"event_name":"World of Goop","player_choice":"Gather Gold","floor":2.0,"gold_loss":0.0,"damage_taken":11.0},{"damage_healed":0.0,"max_hp_gain":0.0,"max_hp_loss":0.0,"gold_gain":0.0,"event_name":"Big Fish","player_choice":"Box","floor":11.0,"gold_loss":0.0,"damage_taken":0.0,"relics_obtained":["Smiling Mask"],"cards_obtained":["Regret"]},{"damage_healed":0.0,"max_hp_gain":0.0,"max_hp_loss":0.0,"gold_gain":0.0,"event_name":"Forgotten Altar","player_choice":"Smashed Altar","floor":31.0,"gold_loss":0.0,"damage_taken":0.0,"cards_obtained":["Decay"]},{"cards_removed":["Strike_P"],"damage_healed":0.0,"max_hp_gain":0.0,"max_hp_loss":0.0,"gold_gain":0.0,"event_name":"Falling","player_choice":"Removed Attack","floor":39.0,"gold_loss":0.0,"damage_taken":0.0},{"damage_healed":0.0,"max_hp_gain":0.0,"max_hp_loss":0.0,"gold_gain":0.0,"event_name":"Lab","player_choice":"Got Potions","floor":42.0,"gold_loss":0.0,"damage_taken":0.0},{"damage_healed":30.0,"max_hp_gain":0.0,"max_hp_loss":0.0,"gold_gain":0.0,"event_name":"Winding Halls","player_choice":"Writhe","floor":45.0,"gold_loss":0.0,"damage_taken":0.0,"cards_obtained":["Writhe"]},{"damage_healed":0,"gold_gain":0,"player_choice":"Fight","damage_taken":0,"max_hp_gain":0,"max_hp_loss":0,"event_name":"Mysterious Sphere","floor":47,"gold_loss":0},{"damage_healed":0,"gold_gain":0,"player_choice":"Upgrade","damage_taken":0,"relics_obtained":["Mark of the Bloom"],"max_hp_gain":0,"max_hp_loss":0,"event_name":"MindBloom","floor":48,"gold_loss":0,"cards_upgraded":["Strike_P","Strike_P","Vigilance","Evaluate","LikeWater","FollowUp","LikeWater","Scrawl","Consecrate"]}],"is_beta":true,"boss_relics":[{"not_picked":["SacredBark","Ectoplasm"],"picked":"Empty Cage"},{"not_picked":["Black Star","Velvet Choker"],"picked":"Tiny House"}],"items_purged_floors":[21],"is_endless":false,"potions_floor_spawned":[3,6,7,8,10,12,13,14,16,18,20,22,23,25,28,29,30,33,35,36,37,40,44,46,47],"ascension_level":0}}