{"host":"sum4dy402bbv9y4o","time":1610561166,"event":{"mods":["Aspiration","BaseMod","Conspire","Highlight Path","Minty Spire (QoL Compilation)","StSLib"],"gold_per_floor":[118,118,130,147,93,93,130,155,207,227,227,227,266,266,266,340,340,367,367,54,74,103,103,18,18,18],"floor_reached":25,"language":"ENG","playtime":764,"items_purged":["Strike_P"],"score":422,"play_id":"41dca6cd-a6d5-4068-a346-a7d7faa17463","local_time":"20210113210606","is_ascension_mode":true,"campfire_choices":[{"data":"Eruption","floor":6,"key":"SMITH"},{"data":"MentalFortress","floor":11,"key":"SMITH"},{"data":"WheelKick","floor":15,"key":"SMITH"},{"floor":23,"key":"REST"}],"circlet_count":0,"master_deck":["AscendersBane","Strike_P+1","Strike_P+1","Defend_P","Defend_P","Defend_P","Eruption+1","Vigilance","Prostrate","LikeWater","Prostrate","MentalFortress+1","BowlingBash","WheelKick+1","FlurryOfBlows","EmptyFist","Adaptation","Tantrum","EmptyBody","SashWhip","Halt"],"relics":["PureWater","CeramicFish","aspiration:Lifesprig","Lantern","Gremlin Horn","SacredBark","Whetstone","InkBottle"],"acts_visited":["Exordium","TheCity"],"potions_floor_usage":[7,10,13,21,22],"damage_taken":[{"damage":5,"enemies":"2 Louse","floor":1,"turns":4},{"damage":0,"enemies":"Cultist","floor":3,"turns":4},{"damage":4,"enemies":"Small Slimes","floor":4,"turns":6},{"damage":16,"enemies":"Lagavulin","floor":7,"turns":7},{"damage":0,"enemies":"Looter","floor":8,"turns":4},{"damage":0,"enemies":"2 Fungi Beasts","floor":10,"turns":2},{"damage":17,"enemies":"3 Sentries","floor":13,"turns":5},{"damage":8,"enemies":"Slime Boss","floor":16,"turns":8},{"damage":2,"enemies":"2 Thieves","floor":18,"turns":4},{"damage":0,"enemies":"Chosen","floor":21,"turns":3},{"damage":16,"enemies":"Centurion and Healer","floor":22,"turns":4},{"damage":46,"enemies":"Cultist and Chosen","floor":25,"turns":4}],"seed_played":"-6832893917168249963","potions_obtained":[{"floor":4,"key":"SpeedPotion"},{"floor":7,"key":"SkillPotion"},{"floor":8,"key":"Regen Potion"},{"floor":16,"key":"Block Potion"},{"floor":18,"key":"Weak Potion"}],"is_trial":false,"path_per_floor":["M","?","M","M","?","R","E","M","T","M","R","?","E","T","R","B",null,"M","?","$","M","M","R","?","M"],"character_chosen":"WATCHER","items_purchased":["Tantrum","EmptyBody","Whetstone"],"campfire_rested":1,"item_purchase_floors":[20,20,20],"current_hp_per_floor":[56,56,56,52,52,52,36,36,36,41,41,37,20,20,20,12,54,52,33,33,33,17,38,38,0,0],"gold":18,"neow_bonus":"TRANSFORM_CARD","is_daily":false,"chose_seed":false,"campfire_upgraded":3,"win_rate":0.0,"timestamp":1610561166,"path_taken":["M","?","?","M","?","R","E","M","T","M","R","?","E","?","R","BOSS","M","?","$","M","M","R","?","M"],"items_purchased_type":["Card","Card","Relic"],"build_version":"2020-12-22","purchased_purges":1,"victory":false,"max_hp_per_floor":[68,68,68,68,68,68,68,68,68,68,68,68,68,68,68,68,68,68,73,73,73,73,73,73,73,73],"card_choices":[{"not_picked":["CutThroughFate","DeceiveReality"],"picked":"LikeWater","floor":1},{"not_picked":["SignatureMove","ThirdEye"],"picked":"Prostrate","floor":3},{"not_picked":["Vengeance","SandsOfTime"],"picked":"MentalFortress","floor":4},{"not_picked":["CrushJoints","Vengeance"],"picked":"BowlingBash","floor":7},{"not_picked":["ThirdEye","SandsOfTime"],"picked":"WheelKick","floor":8},{"not_picked":["CrushJoints","Evaluate"],"picked":"FlurryOfBlows","floor":10},{"not_picked":["FollowUp","ClearTheMind"],"picked":"EmptyFist","floor":13},{"not_picked":["JustLucky+1","Conclude"],"picked":"Adaptation","floor":18},{"not_picked":["CutThroughFate","BattleHymn"],"picked":"SashWhip","floor":21},{"not_picked":["Protect","Wallop"],"picked":"Halt","floor":22}],"player_experience":2935438,"relics_obtained":[{"floor":7,"key":"CeramicFish"},{"floor":9,"key":"aspiration:Lifesprig"},{"floor":13,"key":"Lantern"},{"floor":14,"key":"Gremlin Horn"}],"event_choices":[{"cards_removed":["Defend_P"],"damage_healed":0,"gold_gain":0,"player_choice":"Offered Basic","damage_taken":0,"max_hp_gain":0,"max_hp_loss":0,"event_name":"Bonfire Elementals","floor":2,"gold_loss":0},{"damage_healed":0,"gold_gain":0,"player_choice":"Left Gold","damage_taken":0,"max_hp_gain":0,"max_hp_loss":0,"event_name":"World of Goop","floor":5,"gold_loss":54},{"damage_healed":0,"gold_gain":0,"player_choice":"Leave","damage_taken":0,"max_hp_gain":0,"max_hp_loss":0,"event_name":"conspire:Investor","floor":12,"gold_loss":0},{"damage_healed":0,"gold_gain":0,"player_choice":"Shed Blood","damage_taken":24,"max_hp_gain":5,"max_hp_loss":0,"event_name":"Forgotten Altar","floor":19,"gold_loss":0},{"damage_healed":0,"gold_gain":0,"player_choice":"Obtained Relic","damage_taken":0,"relics_obtained":["InkBottle"],"max_hp_gain":0,"max_hp_loss":0,"event_name":"Addict","floor":24,"gold_loss":85}],"is_beta":false,"boss_relics":[{"not_picked":["Philosopher\u0027s Stone","Runic Pyramid"],"picked":"SacredBark"}],"items_purged_floors":[20],"is_endless":false,"potions_floor_spawned":[4,7,8,16,18],"killed_by":"Cultist and Chosen","ascension_level":20}}