{"host":"dw2ay8i719i7xlef","time":1610498210,"event":{"mods":["BaseMod","Minty Spire (QoL Compilation)"],"gold_per_floor":[114,133,145,145,158,189,189,202,227,227,14,27,60,85,85,210,210,226,195,210,20,20,53,67,67,67,17,17,41,60,60,60,179,179,197,217,217,36,105,105,105,105],"floor_reached":41,"playtime":9402,"items_purged":["Strike_G","Decay","Doubt"],"score":638,"play_id":"49245988-6b97-47b6-b457-0069f939074f","local_time":"20210112183650","is_ascension_mode":true,"campfire_choices":[{"data":"Neutralize","floor":10.0,"key":"SMITH"},{"data":"Caltrops","floor":15.0,"key":"SMITH"},{"data":"A Thousand Cuts","floor":25.0,"key":"SMITH"},{"data":"Cloak And Dagger","floor":28.0,"key":"SMITH"},{"floor":32.0,"key":"REST"},{"floor":40,"key":"REST"}],"circlet_count":0,"master_deck":["AscendersBane","Strike_G","Strike_G","Defend_G","Defend_G","Defend_G","Defend_G","Survivor","Neutralize+1","CurseOfTheBell","Backstab","Flying Knee","Dagger Throw","All Out Attack","Dash","Acrobatics","Caltrops+1","Cloak And Dagger+1","Blur","Corpse Explosion","Sucker Punch+1","Infinite Blades","Finisher","Predator","PiercingWail","A Thousand Cuts+1","Malaise","Caltrops+1","Blade Dance","Dramatic Entrance","PiercingWail"],"relics":["Calling Bell","Strawberry","Ornamental Fan","Turnip","Golden Idol","Toy Ornithopter","Art of War","Blood Vial","Tiny Chest","Cursed Key","Regal Pillow","Smiling Mask","Darkstone Periapt","WristBlade","The Specimen"],"acts_visited":["Exordium","TheCity","TheBeyond"],"potions_floor_usage":[36,39,41],"damage_taken":[{"damage":1.0,"enemies":"2 Louse","floor":1.0,"turns":3.0},{"damage":2.0,"enemies":"Jaw Worm","floor":2.0,"turns":5.0},{"damage":0.0,"enemies":"Cultist","floor":3.0,"turns":4.0},{"damage":1.0,"enemies":"Red Slaver","floor":5.0,"turns":4.0},{"damage":4.0,"enemies":"Gremlin Nob","floor":6.0,"turns":3.0},{"damage":8.0,"enemies":"Gremlin Gang","floor":8.0,"turns":5.0},{"damage":3.0,"enemies":"Large Slime","floor":12.0,"turns":8.0},{"damage":11.0,"enemies":"3 Sentries","floor":13.0,"turns":7.0},{"damage":1.0,"enemies":"Exordium Thugs","floor":14.0,"turns":3.0},{"damage":9.0,"enemies":"Hexaghost","floor":16.0,"turns":12.0},{"damage":6.0,"enemies":"Shell Parasite","floor":18.0,"turns":7.0},{"damage":15.0,"enemies":"2 Thieves","floor":19.0,"turns":5.0},{"damage":1.0,"enemies":"Snecko","floor":20.0,"turns":6.0},{"damage":13.0,"enemies":"Gremlin Leader","floor":23.0,"turns":6.0},{"damage":23.0,"enemies":"Snake Plant","floor":24.0,"turns":4.0},{"damage":14.0,"enemies":"Shelled Parasite and Fungi","floor":29.0,"turns":5.0},{"damage":2.0,"enemies":"Centurion and Healer","floor":30.0,"turns":5.0},{"damage":25.0,"enemies":"Collector","floor":33.0,"turns":14.0},{"damage":42,"enemies":"3 Darklings","floor":35,"turns":4},{"damage":4,"enemies":"3 Shapes","floor":36,"turns":6},{"damage":26,"enemies":"2 Orb Walkers","floor":39,"turns":5},{"damage":78,"enemies":"Nemesis","floor":41,"turns":7}],"seed_played":"4957509678465608577","potions_obtained":[{"floor":1.0,"key":"Poison Potion"},{"floor":2.0,"key":"SkillPotion"},{"floor":5.0,"key":"AttackPotion"},{"floor":8.0,"key":"Energy Potion"},{"floor":16.0,"key":"CunningPotion"},{"floor":23.0,"key":"EntropicBrew"},{"floor":24.0,"key":"SmokeBomb"},{"floor":29.0,"key":"Ancient Potion"},{"floor":33.0,"key":"FearPotion"},{"floor":39,"key":"AttackPotion"}],"is_trial":false,"path_per_floor":["M","M","M","?","M","E","?","M","T","R","$","M","E","M","R","B",null,"M","M","M","$","?","E","M","R","T","$","R","M","M","T","R","B",null,"M","M","?","$","?","R","E"],"character_chosen":"THE_SILENT","items_purchased":["Blood Vial","Caltrops","Infinite Blades","Finisher","Blade Dance","Dramatic Entrance"],"campfire_rested":2,"item_purchase_floors":[11,11,21,21,38,38],"current_hp_per_floor":[69,67,67,48,47,43,43,40,40,40,40,39,30,31,31,24,64,60,47,48,48,48,52,36,36,36,36,36,24,24,24,62,49,70,30,48,48,48,29,67,0,0],"gold":105,"neow_bonus":"BOSS_RELIC","is_daily":false,"chose_seed":false,"campfire_upgraded":4,"win_rate":0.0,"timestamp":1610498210,"path_taken":["M","M","M","?","M","E","?","?","T","R","?","M","E","M","R","BOSS","M","?","M","$","?","E","M","R","T","?","R","M","M","?","R","BOSS","M","M","?","$","?","R","E"],"items_purchased_type":["Relic","Card","Card","Card","Card","Card"],"build_version":"2020-12-22","purchased_purges":3,"victory":false,"max_hp_per_floor":[77,77,77,77,77,77,77,77,77,77,77,77,77,77,77,77,77,77,77,77,77,77,77,77,77,77,77,77,77,77,77,77,77,77,77,77,77,77,77,77,77,77],"card_choices":[{"not_picked":["Concentrate","Catalyst"],"picked":"Backstab","floor":1.0},{"not_picked":["Outmaneuver","Masterful Stab"],"picked":"Flying Knee","floor":2.0},{"not_picked":["Dodge and Roll","Deflect"],"picked":"Dagger Throw","floor":3.0},{"not_picked":["Poisoned Stab","Catalyst"],"picked":"All Out Attack","floor":5.0},{"not_picked":["Skewer","Tools of the Trade"],"picked":"Dash","floor":6.0},{"not_picked":["Slice","Finisher"],"picked":"Acrobatics","floor":8.0},{"not_picked":["Slice","All Out Attack"],"picked":"Cloak And Dagger","floor":12.0},{"not_picked":["Flying Knee","Bouncing Flask","Poisoned Stab"],"picked":"SKIP","floor":13.0},{"not_picked":["Quick Slash","Dagger Spray"],"picked":"Blur","floor":14.0},{"not_picked":["Glass Knife","A Thousand Cuts"],"picked":"Corpse Explosion","floor":16.0},{"not_picked":["Accuracy+1","Calculated Gamble","Outmaneuver"],"picked":"SKIP","floor":18.0},{"not_picked":["Tactician+1","Outmaneuver+1"],"picked":"Sucker Punch+1","floor":19.0},{"not_picked":["Endless Agony","Cloak And Dagger","Dagger Throw+1"],"picked":"SKIP","floor":20.0},{"not_picked":["Infinite Blades+1","All Out Attack"],"picked":"PiercingWail","floor":23.0},{"not_picked":["Dodge and Roll","Underhanded Strike"],"picked":"A Thousand Cuts","floor":24.0},{"not_picked":["Outmaneuver+1","Sucker Punch","Calculated Gamble+1"],"picked":"SKIP","floor":29.0},{"not_picked":["Concentrate","Dagger Spray","Distraction"],"picked":"SKIP","floor":30.0},{"not_picked":["Doppelganger","Corpse Explosion"],"picked":"Malaise","floor":33.0},{"not_picked":["Concentrate+1","Riddle With Holes+1","Heel Hook+1"],"picked":"SKIP","floor":35},{"not_picked":["Prepared","Deflect+1"],"picked":"Caltrops+1","floor":36},{"not_picked":["Noxious Fumes","Deflect"],"picked":"PiercingWail","floor":39}],"player_experience":1235517,"relics_obtained":[{"floor":0.0,"key":"Strawberry"},{"floor":0.0,"key":"Ornamental Fan"},{"floor":0.0,"key":"Turnip"},{"floor":6.0,"key":"Toy Ornithopter"},{"floor":9.0,"key":"Art of War"},{"floor":13.0,"key":"Tiny Chest"},{"floor":23.0,"key":"Regal Pillow"},{"floor":26.0,"key":"Smiling Mask"},{"floor":31.0,"key":"Darkstone Periapt"},{"floor":39,"key":"The Specimen"}],"event_choices":[{"damage_healed":0.0,"max_hp_gain":0.0,"max_hp_loss":0.0,"gold_gain":0.0,"event_name":"Golden Idol","player_choice":"Take Damage","floor":4.0,"gold_loss":0.0,"damage_taken":19.0,"relics_obtained":["Golden Idol"]},{"cards_removed":["Strike_G"],"damage_healed":0.0,"max_hp_gain":0.0,"max_hp_loss":0.0,"gold_gain":0.0,"event_name":"Purifier","player_choice":"Purged","floor":7.0,"gold_loss":0.0,"damage_taken":0.0},{"damage_healed":0.0,"max_hp_gain":0.0,"max_hp_loss":0.0,"gold_gain":0.0,"cards_transformed":["Strike_G"],"event_name":"Transmorgrifier","player_choice":"Transformed","floor":22.0,"gold_loss":0.0,"damage_taken":0.0,"cards_obtained":["Predator"]},{"cards_removed":["Defend_G"],"damage_healed":0,"gold_gain":0,"player_choice":"Removed Skill","damage_taken":0,"max_hp_gain":0,"max_hp_loss":0,"event_name":"Falling","floor":37,"gold_loss":0},{"damage_healed":0,"gold_gain":0,"player_choice":"Fight","damage_taken":0,"max_hp_gain":0,"max_hp_loss":0,"event_name":"Mysterious Sphere","floor":39,"gold_loss":0}],"is_beta":false,"boss_relics":[{"not_picked":["Busted Crown","Ectoplasm"],"picked":"Cursed Key"},{"not_picked":["Snecko Eye","Runic Dome"],"picked":"WristBlade"}],"items_purged_floors":[21,27,38],"is_endless":false,"potions_floor_spawned":[1,2,5,8,16,23,24,29,33,39],"killed_by":"Nemesis","ascension_level":10}}