{"host":"mai03x2ekbjy4059","time":1610533022,"event":{"mods":["2.2 Compatiblity","BaseMod","DeckTracker","Highlight Path","Keyboard Shortcuts","Minty Spire (QoL Compilation)","Permanent Neow","Quick Restart","SuperFastMode","everything is the same but u backflip on backflip"],"gold_per_floor":[11,11,24,24,42,42,117,117,194,119,147,147,182,244,244,315,315,333,258,277,289,31,63,63,95,95,95,95,114,146,196,196,271,271,281,294,306,324,324,324,324],"floor_reached":40,"language":"KOR","playtime":1508,"items_purged":["Defend_P","WheelKick"],"score":1067,"play_id":"c6690413-b0c9-426a-b9ec-bf877b058fa1","local_time":"20210113191702","is_ascension_mode":true,"campfire_choices":[{"data":"Eruption","floor":6.0,"key":"SMITH"},{"data":"1","floor":8.0,"key":"LIFT"},{"data":"2","floor":12.0,"key":"LIFT"},{"floor":15.0,"key":"REST"},{"data":"MentalFortress","floor":24.0,"key":"SMITH"},{"data":"MentalFortress","floor":28.0,"key":"SMITH"},{"data":"3","floor":32.0,"key":"LIFT"}],"circlet_count":0,"master_deck":["AscendersBane","Eruption+1","Vigilance","InnerPeace","MentalFortress+1","MentalFortress+1","Wallop","DevaForm"],"relics":["PureWater","Girya","Bronze Scales","Question Card","Whetstone","Damaru","Ancient Tea Set","Pandora\u0027s Box","Bag of Preparation","CeramicFish","Strawberry","Matryoshka","Letter Opener","SacredBark"],"acts_visited":["Exordium","TheCity","TheBeyond"],"potions_floor_usage":[40],"damage_taken":[{"damage":0.0,"enemies":"2 Louse","floor":1.0,"turns":3.0},{"damage":0.0,"enemies":"Small Slimes","floor":3.0,"turns":2.0},{"damage":2.0,"enemies":"Cultist","floor":5.0,"turns":3.0},{"damage":14.0,"enemies":"Gremlin Nob","floor":11.0,"turns":3.0},{"damage":22.0,"enemies":"Lagavulin","floor":13.0,"turns":4.0},{"damage":5.0,"enemies":"Gremlin Nob","floor":14.0,"turns":3.0},{"damage":23.0,"enemies":"The Guardian","floor":16.0,"turns":10.0},{"damage":1.0,"enemies":"Chosen","floor":18.0,"turns":4.0},{"damage":1.0,"enemies":"3 Byrds","floor":20.0,"turns":3.0},{"damage":5.0,"enemies":"Centurion and Healer","floor":21.0,"turns":4.0},{"damage":0.0,"enemies":"Book of Stabbing","floor":23.0,"turns":4.0},{"damage":0.0,"enemies":"Gremlin Leader","floor":25.0,"turns":5.0},{"damage":0.0,"enemies":"Snake Plant","floor":29.0,"turns":3.0},{"damage":0.0,"enemies":"Book of Stabbing","floor":30.0,"turns":4.0},{"damage":0.0,"enemies":"Automaton","floor":33.0,"turns":9.0},{"damage":7.0,"enemies":"3 Shapes","floor":35.0,"turns":5.0},{"damage":2.0,"enemies":"3 Darklings","floor":36.0,"turns":6.0},{"damage":0.0,"enemies":"Maw","floor":37.0,"turns":7.0},{"damage":1.0,"enemies":"4 Shapes","floor":38.0,"turns":8.0},{"damage":63,"enemies":"Nemesis","floor":40,"turns":6}],"seed_played":"-1550923185566950579","potions_obtained":[{"floor":3.0,"key":"Regen Potion"},{"floor":5.0,"key":"Fire Potion"},{"floor":16.0,"key":"SkillPotion"},{"floor":18.0,"key":"AttackPotion"},{"floor":20.0,"key":"PowerPotion"},{"floor":25.0,"key":"FearPotion"},{"floor":33.0,"key":"Fire Potion"},{"floor":36.0,"key":"Weak Potion"}],"is_trial":false,"path_per_floor":["M","?","M","?","M","R","?","R","T","$","E","R","E","?","R","B",null,"M","?","M","M","$","E","R","E","T","T","R","M","E","?","R","B",null,"M","M","M","M","?","E"],"character_chosen":"WATCHER","items_purchased":["Bag of Preparation"],"campfire_rested":1,"item_purchase_floors":[22],"current_hp_per_floor":[61,61,61,61,59,59,48,48,48,48,34,34,12,7,27,4,52,51,51,50,45,45,45,45,52,52,52,52,52,52,52,52,52,69,62,60,60,59,59,0,0],"gold":324,"neow_bonus":"ONE_RARE_RELIC","is_daily":false,"chose_seed":false,"campfire_upgraded":3,"win_rate":0.0,"timestamp":1610533022,"path_taken":["M","?","M","?","?","R","?","R","T","$","E","R","E","?","R","BOSS","M","?","M","M","$","E","R","E","T","?","R","M","E","?","R","BOSS","M","M","M","M","?","E"],"items_purchased_type":["Relic"],"build_version":"2020-12-22","purchased_purges":2,"victory":false,"max_hp_per_floor":[68,68,68,68,68,68,68,68,68,68,68,68,68,68,68,68,68,68,68,68,68,68,68,68,75,75,75,75,75,75,75,75,75,75,75,75,75,75,75,75,75],"card_choices":[{"not_picked":["EmptyFist","FlyingSleeves","Perseverance"],"picked":"SKIP","floor":1.0},{"not_picked":["WreathOfFlame","FlyingSleeves","LikeWater"],"picked":"SKIP","floor":3.0},{"not_picked":["Halt","Worship"],"picked":"InnerPeace","floor":5.0},{"not_picked":["Perseverance","Indignation","Blasphemy","JustLucky"],"picked":"SKIP","floor":11.0},{"not_picked":["ClearTheMind","ReachHeaven","Ragnarok","Nirvana"],"picked":"SKIP","floor":13.0},{"not_picked":["Crescendo","EmptyBody","Fasting2","DeceiveReality"],"picked":"SKIP","floor":18.0},{"not_picked":["FollowUp","JustLucky","SashWhip","Worship"],"picked":"SKIP","floor":20.0},{"not_picked":["Worship","FollowUp","Wish","Evaluate"],"picked":"SKIP","floor":21.0},{"not_picked":["PathToVictory","Study","JustLucky","Evaluate"],"picked":"SKIP","floor":23.0},{"not_picked":["Evaluate","Halt","ClearTheMind","Sanctity"],"picked":"SKIP","floor":25.0},{"not_picked":["Vault","Vengeance","PathToVictory","EmptyBody"],"picked":"SKIP","floor":29.0},{"not_picked":["Tantrum+1","Alpha","FlurryOfBlows","Collect"],"picked":"SKIP","floor":30.0},{"not_picked":["Sanctity","SashWhip","ClearTheMind+1","Consecrate"],"picked":"SKIP","floor":35.0},{"not_picked":["PathToVictory","Wallop+1","ThirdEye","Prostrate"],"picked":"SKIP","floor":36.0},{"not_picked":["TalkToTheHand","Swivel","Consecrate","DeceiveReality"],"picked":"SKIP","floor":37.0},{"not_picked":["JustLucky","ClearTheMind+1","Halt","BowlingBash"],"picked":"SKIP","floor":38.0}],"player_experience":1086217,"relics_obtained":[{"floor":9.0,"key":"Question Card"},{"floor":11.0,"key":"Whetstone"},{"floor":13.0,"key":"Damaru"},{"floor":14.0,"key":"Ancient Tea Set"},{"floor":23.0,"key":"CeramicFish"},{"floor":25.0,"key":"Strawberry"},{"floor":27.0,"key":"Matryoshka"},{"floor":30.0,"key":"Letter Opener"}],"event_choices":[{"cards_removed":["Defend_P"],"damage_healed":0.0,"max_hp_gain":0.0,"max_hp_loss":0.0,"gold_gain":0.0,"event_name":"Living Wall","player_choice":"Forget","floor":2.0,"gold_loss":0.0,"damage_taken":0.0},{"damage_healed":0.0,"max_hp_gain":0.0,"max_hp_loss":0.0,"gold_gain":0.0,"event_name":"WeMeetAgain","player_choice":"Gave Potion","floor":4.0,"gold_loss":0.0,"damage_taken":0.0,"relics_obtained":["Bronze Scales"]},{"damage_healed":0.0,"max_hp_gain":0.0,"max_hp_loss":0.0,"gold_gain":75.0,"event_name":"World of Goop","player_choice":"Gather Gold","floor":7.0,"gold_loss":0.0,"damage_taken":11.0},{"damage_healed":0.0,"max_hp_gain":0.0,"max_hp_loss":0.0,"gold_gain":0.0,"event_name":"Dead Adventurer","player_choice":"Searched \u00271\u0027 times","floor":14.0,"gold_loss":0.0,"damage_taken":0.0},{"cards_removed":["PathToVictory"],"damage_healed":0.0,"max_hp_gain":0.0,"max_hp_loss":0.0,"gold_gain":0.0,"event_name":"Beggar","player_choice":"Gave Gold","floor":19.0,"gold_loss":75.0,"damage_taken":0.0},{"damage_healed":0.0,"max_hp_gain":0.0,"max_hp_loss":0.0,"gold_gain":50.0,"event_name":"Nest","player_choice":"Stole From Cult","floor":31.0,"gold_loss":0.0,"damage_taken":0.0},{"damage_healed":0.0,"max_hp_gain":0.0,"max_hp_loss":0.0,"gold_gain":0.0,"event_name":"SensoryStone","player_choice":"Memory 1","floor":39.0,"gold_loss":0.0,"damage_taken":0.0}],"is_beta":false,"boss_relics":[{"not_picked":["Calling Bell","Black Star"],"picked":"Pandora\u0027s Box"},{"not_picked":["Cursed Key","Busted Crown"],"picked":"SacredBark"}],"items_purged_floors":[10,22],"is_endless":false,"potions_floor_spawned":[3,5,16,18,20,25,33,36],"killed_by":"Nemesis","ascension_level":17}}