{"host":"vfg9szunmpjwj08o","time":1610567160,"event":{"mods":["Act Like it!","BaseMod","Challenge The Spire","Colored Map","Colored Powertips","Conspire","Dark Map","Fox Events","Minty Spire (QoL Compilation)","Relic Stats","StSLib","Waifu the Spire"],"gold_per_floor":[366,420,495,122,122,135,135,135,135],"floor_reached":8,"language":"ENG","playtime":214,"items_purged":["Strike_B"],"score":86,"play_id":"f0841af8-0143-4ab8-aaac-195028e932b6","local_time":"20210113204600","is_ascension_mode":true,"campfire_choices":[{"data":"Zap","floor":7,"key":"SMITH"}],"circlet_count":0,"master_deck":["AscendersBane","Strike_B","Strike_B","Strike_B","Defend_B","Defend_B","Defend_B","Defend_B","Zap+1","Dualcast","Recycle","Defragment","Reinforced Body","Self Repair"],"relics":["Cracked Core","foxEvents:LuckyCharm","Oddly Smooth Stone"],"acts_visited":["Exordium"],"potions_floor_usage":[8],"damage_taken":[{"damage":7,"enemies":"Jaw Worm","floor":1,"turns":4},{"damage":14,"enemies":"Colosseum Slavers","floor":2,"turns":5},{"damage":0,"enemies":"conspire:RoseBush","floor":6,"turns":4},{"damage":36,"enemies":"Gremlin Nob","floor":8,"turns":3}],"seed_played":"4389498326722311304","potions_obtained":[{"floor":1,"key":"PowerPotion"},{"floor":6,"key":"SteroidPotion"}],"is_trial":false,"path_per_floor":["M","?","?","$","?","M","R","E"],"character_chosen":"DEFECT","items_purchased":["Defragment","Reinforced Body","Oddly Smooth Stone"],"campfire_rested":0,"item_purchase_floors":[4,4,4],"current_hp_per_floor":[57,43,32,32,32,32,32,0,0],"gold":135,"neow_bonus":"TWO_FIFTY_GOLD","is_daily":false,"chose_seed":false,"campfire_upgraded":1,"win_rate":0.0,"timestamp":1610567160,"path_taken":["M","?","?","$","?","M","R","E"],"items_purchased_type":["Card","Card","Relic"],"build_version":"2020-12-22","purchased_purges":1,"victory":false,"max_hp_per_floor":[64,64,64,64,64,64,64,64,64],"relic_stats":{"counters":[4,16],"obtain_stats":[{"Oddly Smooth Stone":4,"foxEvents:LuckyCharm":2,"Cracked Core":0},{"Oddly Smooth Stone":2,"foxEvents:LuckyCharm":2,"Cracked Core":0},{"Oddly Smooth Stone":9,"foxEvents:LuckyCharm":9,"Cracked Core":0}]},"card_choices":[{"not_picked":["Turbo","Rip and Tear"],"picked":"Recycle","floor":1},{"not_picked":["Streamline","Chaos"],"picked":"Self Repair","floor":6}],"player_experience":1061987,"relics_obtained":[{"floor":2,"key":"foxEvents:LuckyCharm"}],"event_choices":[{"damage_healed":0,"gold_gain":75,"player_choice":"Gather Gold","damage_taken":11,"max_hp_gain":0,"max_hp_loss":0,"event_name":"World of Goop","floor":3,"gold_loss":0},{"damage_healed":0,"gold_gain":0,"player_choice":"Fled","damage_taken":0,"max_hp_gain":0,"max_hp_loss":0,"event_name":"Scrap Ooze","floor":5,"gold_loss":0}],"is_beta":false,"boss_relics":[],"items_purged_floors":[4],"is_endless":false,"potions_floor_spawned":[1,6],"killed_by":"Gremlin Nob","ascension_level":19}}