{"host":"0c22z74nxhh6l98a","time":1610503125,"event":{"mods":["BaseMod","BetterRewards","Card Forge","GungeonMod","Hubris","Infinite Spire","Minty Spire (QoL Compilation)","Potionbrewer","Shop Mod","StSLib"],"gold_per_floor":[114,114,129,75,90,120,135,165,190,205,242,257,272,287,287,387,387,402,402,417,432,447,477,477,507,532,532,547,562,592,614,614,714,714,729,729,744,759,774,774,804,819,819,849,849,864,864,864,864,864],"floor_reached":51,"language":"ENG","playtime":3598,"items_purged":[],"score":1185,"play_id":"2e55f159-3489-4828-9963-5d67d771d29c","local_time":"20210112195845","daily_mods":["Cursed Run","Vintage","Lethality"],"is_ascension_mode":false,"campfire_choices":[{"data":"Prepared","floor":15,"key":"SMITH"},{"data":"hubris:Sniper","floor":24,"key":"SMITH"},{"data":"Tools of the Trade","floor":27,"key":"SMITH"},{"floor":32,"key":"REST"},{"data":"Prepared","floor":40,"key":"SMITH"},{"data":"Choke","floor":49,"key":"SMITH"}],"circlet_count":0,"master_deck":["A Thousand Cuts","After Image","Blade Dance","Reflex","Prepared+1","hubris:Sniper+1","Tactician","Prepared+1","Die Die Die","hubris:Sloth","Blur","Tools of the Trade+1","hubris:Sniper","Injury","Dagger Throw","After Image","Dagger Spray","Choke+1","Decay"],"relics":["Cursed Key","Darkstone Periapt","Du-Vu Doll","Hammer of Thor","Seething Fire","Anvil of the Gods","DemoMod:WhiteGuonStone","Boot","potionbrewer:WarMedal","infinitespire:CheckeredPen","infinitespire:PuzzleCube","Centennial Puzzle","DemoMod:Metronome","Omamori","Mummified Hand","DemoMod:Relodestone","Toy Ornithopter","hubris:CrystalStatue","potionbrewer:SlideRule","potionbrewer:BhaskarasWheel","Strawberry","Art of War","Calling Bell","Oddly Smooth Stone","hubris:Metronome","DemoMod:PartiallyEatenCheese","Bottled Lightning","hubris:MysteriousPyramids","Paper Crane","Bag of Marbles","hubris:TenFootPole","Juzu Bracelet","DemoMod:DecoyRelic","Blood Vial","infinitespire:Lucky Rock","Red Mask","Black Star","Happy Flower","potionbrewer:AlchemistFlask","DemoMod:BlueGuonStone","PreservedInsect","Snake Skull","DemoMod:OrangeGuonStone","DemoMod:GlassGuonStoneRelic","infinitespire:Satchel","hubris:MobiusCoin","infinitespire:Bottled Soul","MealTicket","DemoMod:PoisonVial","hubris:Towel"],"acts_visited":["Exordium","TheCity","TheBeyond"],"potions_floor_usage":[18,22,33,38,50],"damage_taken":[{"damage":0,"enemies":"Cultist","floor":1,"turns":2},{"damage":5,"enemies":"Jaw Worm","floor":3,"turns":2},{"damage":0,"enemies":"2 Louse","floor":5,"turns":1},{"damage":0,"enemies":"Gremlin Nob","floor":6,"turns":2},{"damage":0,"enemies":"Exordium Thugs","floor":7,"turns":2},{"damage":0,"enemies":"Lagavulin","floor":8,"turns":1},{"damage":0,"enemies":"Exordium Wildlife","floor":10,"turns":1},{"damage":0,"enemies":"Lagavulin Event","floor":11,"turns":2},{"damage":0,"enemies":"Looter","floor":12,"turns":1},{"damage":0,"enemies":"Large Slime","floor":13,"turns":2},{"damage":0,"enemies":"Red Slaver","floor":14,"turns":1},{"damage":0,"enemies":"Slime Boss","floor":16,"turns":4},{"damage":0,"enemies":"Shell Parasite","floor":18,"turns":2},{"damage":0,"enemies":"Spheric Guardian","floor":20,"turns":1},{"damage":0,"enemies":"Snecko","floor":21,"turns":2},{"damage":0,"enemies":"Snake Plant","floor":22,"turns":1},{"damage":3,"enemies":"Slavers","floor":23,"turns":2},{"damage":25,"enemies":"Gremlin Leader","floor":25,"turns":2},{"damage":23,"enemies":"Centurion and Healer","floor":28,"turns":2},{"damage":0,"enemies":"Snecko","floor":29,"turns":2},{"damage":15,"enemies":"Book of Stabbing","floor":30,"turns":2},{"damage":0,"enemies":"Masked Bandits","floor":31,"turns":1},{"damage":0,"enemies":"Champ","floor":33,"turns":3},{"damage":0,"enemies":"3 Darklings","floor":35,"turns":2},{"damage":0,"enemies":"3 Shapes","floor":37,"turns":3},{"damage":20,"enemies":"Writhing Mass","floor":38,"turns":3},{"damage":0,"enemies":"Jaw Worm Horde","floor":39,"turns":1},{"damage":0,"enemies":"Reptomancer","floor":41,"turns":2},{"damage":0,"enemies":"Maw","floor":42,"turns":2},{"damage":0,"enemies":"Giant Head","floor":44,"turns":2},{"damage":0,"enemies":"3 Darklings","floor":46,"turns":1},{"damage":0,"enemies":"hubris:GrandSnecko","floor":50,"turns":4}],"seed_played":"-4624312993155624390","potions_obtained":[{"floor":3,"key":"CultistPotion"},{"floor":5,"key":"SpeedPotion"},{"floor":20,"key":"ColorlessPotion"},{"floor":23,"key":"SpeedPotion"},{"floor":30,"key":"DemoMod:LeadSkinPotion"},{"floor":38,"key":"potionbrewer:DiscountPotion"},{"floor":41,"key":"AttackPotion"},{"floor":45,"key":"potionbrewer:ToxicPotion"}],"is_trial":false,"path_per_floor":["M","?","M","$","M","E","M","E","T","M","?","M","M","M","R","B",null,"M","AVR","M","M","M","E","R","E","T","R","M","M","E","?","R","B",null,"M","?","M","M","M","R","E","M","T","E","?","M","?","?","R","B",null],"character_chosen":"THE_SILENT","items_purchased":["Prepared"],"campfire_rested":1,"item_purchase_floors":[4],"current_hp_per_floor":[70,63,58,58,58,58,58,58,64,64,64,64,64,64,64,64,76,83,83,83,83,83,80,80,55,61,61,38,38,25,27,53,66,95,95,95,95,75,77,77,79,81,87,89,89,91,91,94,94,107],"gold":864,"neow_bonus":"","is_daily":true,"chose_seed":false,"campfire_upgraded":5,"win_rate":0.0,"timestamp":1610503125,"path_taken":["M","?","M","$","M","E","M","E","T","M","?","M","M","M","R","BOSS","M","AVR","M","M","M","E","R","E","T","R","M","M","E","?","R","BOSS","M","?","M","M","M","R","E","M","T","E","?","M","?","?","R","BOSS"],"items_purchased_type":["Card"],"build_version":"2020-12-22","purchased_purges":0,"victory":true,"max_hp_per_floor":[70,70,70,70,70,70,70,70,76,76,76,76,76,76,76,76,76,83,83,83,83,83,83,83,83,89,89,89,89,89,89,89,95,95,95,95,95,95,95,95,95,95,101,101,101,101,101,104,104,110],"card_choices":[{"not_picked":["Dodge and Roll","Poisoned Stab"],"picked":"Quick Slash","floor":6},{"not_picked":["Sucker Punch","Malaise"],"picked":"Die Die Die","floor":8},{"not_picked":["Catalyst","Outmaneuver"],"picked":"Blur","floor":11},{"not_picked":["infinitespire:Neurotoxin","Glass Knife"],"picked":"Tools of the Trade","floor":16},{"not_picked":["Flying Knee","Deadly Poison","Crippling Poison"],"picked":"SKIP","floor":23},{"not_picked":["Poisoned Stab","Sucker Punch+1"],"picked":"hubris:Sniper","floor":25},{"not_picked":["Well Laid Plans","Quick Slash"],"picked":"Dagger Throw","floor":30},{"not_picked":["Corpse Explosion","Envenom"],"picked":"After Image","floor":33},{"not_picked":["Deadly Poison","Bullet Time"],"picked":"Dagger Spray","floor":41},{"not_picked":["Leg Sweep","Underhanded Strike"],"picked":"Choke","floor":44}],"player_experience":843100,"relics_obtained":[{"floor":1,"key":"DemoMod:WhiteGuonStone"},{"floor":3,"key":"potionbrewer:WarMedal"},{"floor":5,"key":"infinitespire:CheckeredPen"},{"floor":6,"key":"infinitespire:PuzzleCube"},{"floor":7,"key":"Centennial Puzzle"},{"floor":8,"key":"DemoMod:Metronome"},{"floor":9,"key":"Omamori"},{"floor":10,"key":"Mummified Hand"},{"floor":12,"key":"Toy Ornithopter"},{"floor":13,"key":"hubris:CrystalStatue"},{"floor":14,"key":"potionbrewer:SlideRule"},{"floor":18,"key":"Strawberry"},{"floor":19,"key":"Oddly Smooth Stone"},{"floor":19,"key":"hubris:Metronome"},{"floor":19,"key":"DemoMod:PartiallyEatenCheese"},{"floor":20,"key":"Bottled Lightning"},{"floor":21,"key":"hubris:MysteriousPyramids"},{"floor":22,"key":"Paper Crane"},{"floor":23,"key":"Bag of Marbles"},{"floor":25,"key":"hubris:TenFootPole"},{"floor":26,"key":"Juzu Bracelet"},{"floor":28,"key":"DemoMod:DecoyRelic"},{"floor":29,"key":"Blood Vial"},{"floor":30,"key":"infinitespire:Lucky Rock"},{"floor":31,"key":"Red Mask"},{"floor":35,"key":"Happy Flower"},{"floor":37,"key":"potionbrewer:AlchemistFlask"},{"floor":38,"key":"DemoMod:BlueGuonStone"},{"floor":39,"key":"PreservedInsect"},{"floor":41,"key":"Snake Skull"},{"floor":41,"key":"DemoMod:OrangeGuonStone"},{"floor":42,"key":"infinitespire:Satchel"},{"floor":43,"key":"hubris:MobiusCoin"},{"floor":44,"key":"infinitespire:Bottled Soul"},{"floor":44,"key":"MealTicket"},{"floor":46,"key":"DemoMod:PoisonVial"}],"event_choices":[{"damage_healed":0,"gold_gain":0,"player_choice":"Success","damage_taken":7,"relics_obtained":["Boot"],"max_hp_gain":0,"max_hp_loss":0,"event_name":"Scrap Ooze","floor":2,"gold_loss":0},{"damage_healed":0,"gold_gain":0,"player_choice":"Searched \u00272\u0027 times","damage_taken":0,"relics_obtained":["DemoMod:Relodestone"],"max_hp_gain":0,"max_hp_loss":0,"event_name":"Dead Adventurer","floor":11,"gold_loss":0},{"damage_healed":0,"gold_gain":0,"player_choice":"Fought Bandits","damage_taken":0,"max_hp_gain":0,"max_hp_loss":0,"event_name":"Masked Bandits","floor":31,"gold_loss":0},{"cards_removed":["Quick Slash"],"damage_healed":0,"gold_gain":0,"player_choice":"Removed Attack","damage_taken":0,"max_hp_gain":0,"max_hp_loss":0,"event_name":"Falling","floor":36,"gold_loss":0},{"damage_healed":0,"gold_gain":0,"player_choice":"Got Potions","damage_taken":0,"max_hp_gain":0,"max_hp_loss":0,"event_name":"Lab","floor":45,"gold_loss":0}],"is_beta":false,"boss_relics":[{"not_picked":["Runic Dome","Runic Pyramid"],"picked":"potionbrewer:BhaskarasWheel"},{"not_picked":["Philosopher\u0027s Stone","SlaversCollar"],"picked":"Black Star"}],"items_purged_floors":[],"is_endless":false,"potions_floor_spawned":[3,5,7,11,14,16,20,23,28,30,35,38,39,41],"ascension_level":0}}