{"host":"ymw71f7rc9ndansy","time":1610541661,"event":{"mods":["ATMod(阿瑾Mod)","Act Like it!","Aspiration","BaseMod","DeckTracker","Hubris","Library of Ruina","Library of Ruina Extra","Lobotomy","LobotomyExtend","Minty Spire (QoL Compilation)","MostiFishMod","Remove Card Discount Mod","Replay The Spire","StSLib","TestMod","【功能Mod】精心准备","【遗物卡牌】REMEMod"],"gold_per_floor":[113,123,201,79,93,118,129,129,129,129,142,169,180,207,207,279,279,289,289,287,305,322,322,351,363,363,398,398,418,418,436,436,436,436],"floor_reached":33,"language":"ZHS","playtime":1123,"items_purged":["Strike_R","Pain","Strike_R","Strike_R","Defend_R","Defend_R","Strike_R","Bash","Defend_R","Defend_R","Strike_R","Burning Pact","Pain"],"score":968,"play_id":"b7f6176e-b381-48e1-b209-20050b552e0c","local_time":"20210113204101","is_ascension_mode":true,"campfire_choices":[{"data":"testmod-AdversityCounterattack","floor":8,"key":"SMITH"},{"data":"MostiFishMod:UltimateDefense","floor":10,"key":"SMITH"},{"data":"Armaments","floor":15,"key":"SMITH"},{"data":"MostiFishMod:UltimateDefense+1","floor":23,"key":"SMITH"},{"data":"Flex","floor":28,"key":"SMITH"},{"data":"AT_ShadowStep","floor":32,"key":"SMITH"}],"circlet_count":0,"master_deck":["AscendersBane","AT_ShadowStep+1","testmod-AdversityCounterattack+1","Entrench","MostiFishMod:UltimateDefense+2","testmod-PainDetonator","Armaments+1","AT_CaressingTears","Flex+1"],"relics":["testmod-TestBox","DaveBox","REME_ComplimentaryCards","AT_ATBox","testmod-AssaultLearning","ChiXiaoBlade","FeatherPendant","SynthV:TestCard","Pen Nib","aspiration:Lifesprig","Mummified Hand","hubris:OldNail","Honey Jar","WarpedTongs","Singing Bowl","LetterFromLob","Replay:Accelerometer","ThornShield","aspiration:Stabinomicon"],"acts_visited":["Exordium","TheCity"],"potions_floor_usage":[],"damage_taken":[{"damage":0,"enemies":"Small Slimes","floor":1,"turns":3},{"damage":0,"enemies":"Cultist","floor":2,"turns":2},{"damage":0,"enemies":"Jaw Worm","floor":5,"turns":1},{"damage":12,"enemies":"3 Sentries","floor":6,"turns":6},{"damage":0,"enemies":"Blue Slaver","floor":7,"turns":2},{"damage":0,"enemies":"Gremlin Gang","floor":11,"turns":1},{"damage":0,"enemies":"Gremlin Nob","floor":12,"turns":1},{"damage":0,"enemies":"Lots of Slimes","floor":13,"turns":3},{"damage":0,"enemies":"Lagavulin","floor":14,"turns":2},{"damage":0,"enemies":"Fading Forest","floor":16,"turns":4},{"damage":0,"enemies":"Shell Parasite","floor":18,"turns":1},{"damage":0,"enemies":"Chosen","floor":21,"turns":1},{"damage":0,"enemies":"Snake Plant","floor":22,"turns":1},{"damage":0,"enemies":"Gremlin Leader","floor":24,"turns":2},{"damage":0,"enemies":"Centurion and Healer","floor":25,"turns":3},{"damage":0,"enemies":"Book of Stabbing","floor":27,"turns":2},{"damage":0,"enemies":"Snecko","floor":29,"turns":2},{"damage":0,"enemies":"Snake Plant","floor":31,"turns":2},{"damage":0,"enemies":"RedHoodMercenary","floor":33,"turns":2}],"seed_played":"-5011845189754948298","potions_obtained":[{"floor":2,"key":"Dexterity Potion"},{"floor":5,"key":"Fire Potion"},{"floor":21,"key":"Dexterity Potion"},{"floor":24,"key":"Energy Potion"}],"is_trial":false,"path_per_floor":["M","M","?","$","M","E","M","R","T","R","M","E","M","E","R","B",null,"M","?","$","M","M","R","E","M","T","E","R","M","?","M","R","B"],"character_chosen":"IRONCLAD","items_purchased":["testmod-PainDetonator"],"campfire_rested":0,"item_purchase_floors":[4],"current_hp_per_floor":[50,50,50,50,50,38,38,38,38,38,38,38,38,38,38,38,66,66,66,66,66,66,66,68,68,68,68,68,68,47,47,47,47,47],"gold":436,"neow_bonus":"RANDOM_COLORLESS_2","is_daily":false,"chose_seed":false,"campfire_upgraded":6,"win_rate":0.0,"timestamp":1610541661,"path_taken":["M","M","?","$","M","E","?","R","T","R","M","E","M","E","R","BOSS","M","?","$","?","M","R","E","M","T","E","R","M","?","M","R","BOSS"],"items_purchased_type":["Card"],"build_version":"2020-12-22","purchased_purges":13,"victory":false,"max_hp_per_floor":[75,75,75,75,75,75,75,75,75,75,75,75,75,75,75,75,75,75,75,75,75,75,75,77,77,77,77,77,77,77,77,77,77,77],"card_choices":[{"not_picked":["AT_FamilyPortrait","MostiFishMod:KingOfFree"],"picked":"testmod-AdversityCounterattack","floor":0},{"not_picked":["AT_BodySlamDance","Heavy Blade"],"picked":"Entrench","floor":1},{"not_picked":["ReplayTheSpireMod:Strike From Hell","Run Through","Bloodletting","AT_BodySlamDance","Shockwave"],"picked":"SKIP","floor":2},{"not_picked":["Shrug It Off","Rampage","ReplayTheSpireMod:Strike From Hell","Run Through"],"picked":"MostiFishMod:UltimateDefense","floor":3},{"not_picked":["Cleave","AT_DiedThrough","Spot Weakness","Wild Strike","AT_IchimonjiDouble"],"picked":"SKIP","floor":5},{"not_picked":["Dual Wield","Dropkick","Combust","Sword Boomerang","ReplayTheSpireMod:Strike From Hell"],"picked":"SKIP","floor":6},{"not_picked":["MostiFishMod:UltimateDefense","Battle Trance","Pummel","Flame Barrier","Perfected Strike"],"picked":"SKIP","floor":7},{"not_picked":["Power Through","Iron Wave","Massacre","Body Slam"],"picked":"Armaments","floor":11},{"not_picked":["Twin Strike","Brutality","Flex","True Grit","MostiFishMod:FireWorks"],"picked":"SKIP","floor":12},{"not_picked":["Thunderclap","Sword Boomerang","Run Through","Clothesline","Armaments"],"picked":"SKIP","floor":13},{"not_picked":["Intimidate","MostiFishMod:ChineseTea","AT_IchimonjiDouble","Iron Wave","Flex"],"picked":"SKIP","floor":14},{"not_picked":["Cleave","Blood for Blood","Clothesline","Sever Soul","Sword Boomerang","AT_CaressingTears"],"picked":"Singing Bowl","floor":24},{"not_picked":["Shrug It Off","Replay:Undeath\u0027s Touch","Sword Boomerang","ReplayTheSpireMod:Strike From Hell","Wild Strike"],"picked":"Flex","floor":25}],"player_experience":1104830,"relics_obtained":[{"floor":1,"key":"SynthV:TestCard"},{"floor":3,"key":"Pen Nib"},{"floor":6,"key":"aspiration:Lifesprig"},{"floor":12,"key":"Mummified Hand"},{"floor":14,"key":"hubris:OldNail"},{"floor":24,"key":"Singing Bowl"},{"floor":24,"key":"LetterFromLob"},{"floor":26,"key":"Replay:Accelerometer"},{"floor":27,"key":"ThornShield"},{"floor":30,"key":"aspiration:Stabinomicon"}],"event_choices":[{"damage_healed":0,"gold_gain":0,"player_choice":"Rummage","damage_taken":0,"relics_obtained":["WarpedTongs"],"max_hp_gain":0,"max_hp_loss":0,"event_name":"Accursed Blacksmith","floor":19,"gold_loss":0,"cards_obtained":["Pain"]},{"damage_healed":0,"gold_gain":0,"player_choice":"Obtained Book","damage_taken":21,"max_hp_gain":0,"max_hp_loss":0,"event_name":"Cursed Tome","floor":30,"gold_loss":0}],"is_beta":false,"boss_relics":[{"not_picked":["hubris:Stopwatch","testmod-NegativeEmotionEnhancer"],"picked":"Honey Jar"}],"items_purged_floors":[4,4,4,4,4,4,4,4,4,4,4,4,20],"is_endless":false,"potions_floor_spawned":[2,5,11,13,14,16,21,24,25,27],"killed_by":"RedHoodMercenary","ascension_level":20}}