{"host":"a2lvm7nbw6nkrc91","time":1610505819,"event":{"mods":["BaseMod","Friendly Minions","Hermit","Lobotomy","Minty Spire (QoL Compilation)","Replay The Spire","StSLib"],"gold_per_floor":[117,292,292,154,169,169,182,200,200,216,230,230,245,261,261,261,261],"floor_reached":16,"language":"KOR","playtime":545,"items_purged":["hermit:Strike_Hermit"],"score":96,"play_id":"2e72960c-cb5b-4710-ae71-52eb4c257749","local_time":"20210113114339","is_ascension_mode":false,"campfire_choices":[{"data":"hermit:TakeAim","floor":6.0,"key":"SMITH"},{"data":"hermit:Manifest","floor":12.0,"key":"SMITH"},{"floor":15.0,"key":"REST"}],"circlet_count":0,"master_deck":["hermit:Strike_Hermit","hermit:Strike_Hermit","hermit:Strike_Hermit","hermit:Defend_Hermit","hermit:Defend_Hermit","hermit:Defend_Hermit","hermit:Snapshot","hermit:Covet","hermit:BigShot","Doubt","hermit:DeadMansHand","Parasite","hermit:TakeAim+1","hermit:Enervate","hermit:Maintenance+1","GreedKing","hermit:Enervate","BeautyBeast","hermit:Manifest+1","FieryBird","hermit:Snipe","ShyLook","LittlePrince","hermit:GhostlyPresence","Bloodbath","hermit:Vantage","QueenOfHatred","hermit:Virtue"],"relics":["hermit:Momento","CogitoBucket","ReplayTheSpireMod:CursedCoin","Singing Bowl","TreeSap"],"acts_visited":["Exordium"],"potions_floor_usage":[16],"damage_taken":[{"damage":2.0,"enemies":"2 Louse","floor":1.0,"turns":2.0},{"damage":8.0,"enemies":"Small Slimes","floor":5.0,"turns":3.0},{"damage":6.0,"enemies":"Cultist","floor":7.0,"turns":4.0},{"damage":14.0,"enemies":"Blue Slaver","floor":8.0,"turns":4.0},{"damage":19.0,"enemies":"2 Fungi Beasts","floor":10.0,"turns":4.0},{"damage":12.0,"enemies":"Gremlin Gang","floor":11.0,"turns":5.0},{"damage":10.0,"enemies":"Blue Slaver","floor":13.0,"turns":4.0},{"damage":7.0,"enemies":"Large Slime","floor":14.0,"turns":8.0},{"damage":61,"enemies":"The Guardian","floor":16,"turns":7}],"seed_played":"5611323100906530042","potions_obtained":[{"floor":7.0,"key":"SkillPotion"},{"floor":8.0,"key":"Explosive Potion"},{"floor":10.0,"key":"Doom Potion"},{"floor":13.0,"key":"Elixir"}],"is_trial":false,"path_per_floor":["M","?","?","$","M","R","M","M","T","M","M","R","M","M","R","B"],"character_chosen":"HERMIT","items_purchased":["ReplayTheSpireMod:CursedCoin","hermit:TakeAim","hermit:Enervate","hermit:Maintenance+1"],"campfire_rested":1,"item_purchase_floors":[4,4,4,4],"current_hp_per_floor":[73,73,73,73,65,65,59,45,45,28,28,28,18,26,49,0,0],"gold":261,"neow_bonus":"","is_daily":false,"chose_seed":false,"campfire_upgraded":2,"win_rate":0.0,"timestamp":1610505819,"path_taken":["M","?","?","$","M","R","M","M","T","?","M","R","M","M","R","BOSS"],"items_purchased_type":["Relic","Card","Card","Card"],"build_version":"2020-12-22","purchased_purges":1,"victory":false,"max_hp_per_floor":[75,75,75,75,75,75,75,75,75,77,77,77,77,77,77,77,77],"card_choices":[{"not_picked":["hermit:Ricochet","hermit:Shortfuse"],"picked":"hermit:BigShot","floor":1.0},{"not_picked":["LittlePrince","WallGazer"],"picked":"GreedKing","floor":5.0},{"not_picked":["hermit:Coalescence","hermit:Feint"],"picked":"hermit:Enervate","floor":5.0},{"not_picked":["LittlePrince","Bloodbath"],"picked":"BeautyBeast","floor":7.0},{"not_picked":["hermit:Quickdraw","hermit:Misfire"],"picked":"hermit:Manifest","floor":7.0},{"not_picked":["ShyLook","Porccubus"],"picked":"FieryBird","floor":8.0},{"not_picked":["hermit:BodyArmor","hermit:Showdown"],"picked":"hermit:Snipe","floor":8.0},{"not_picked":["NakedNest","SnowQueen"],"picked":"ShyLook","floor":10.0},{"not_picked":["hermit:LowProfile","hermit:Quickdraw","hermit:BigShot"],"picked":"Singing Bowl","floor":10.0},{"not_picked":["Mercenary","PlagueDoctor"],"picked":"LittlePrince","floor":11.0},{"not_picked":["hermit:FromBeyond","hermit:BodyArmor"],"picked":"hermit:GhostlyPresence","floor":11.0},{"not_picked":["Scorched","WallGazer"],"picked":"Bloodbath","floor":13.0},{"not_picked":["hermit:Dive","hermit:LuckOfTheDraw"],"picked":"hermit:Vantage","floor":13.0},{"not_picked":["FairyFestival","BigBird"],"picked":"QueenOfHatred","floor":14.0},{"not_picked":["hermit:SprayPray","hermit:FlashPowder"],"picked":"hermit:Virtue","floor":14.0}],"player_experience":502386,"relics_obtained":[{"floor":9.0,"key":"Singing Bowl"}],"event_choices":[{"damage_healed":0.0,"max_hp_gain":0.0,"max_hp_loss":0.0,"gold_gain":175.0,"event_name":"Liars Game","player_choice":"AGREE","floor":2.0,"gold_loss":0.0,"damage_taken":0.0,"cards_obtained":["Doubt"]},{"damage_healed":0.0,"max_hp_gain":0.0,"max_hp_loss":0.0,"gold_gain":0.0,"cards_transformed":["hermit:Defend_Hermit"],"event_name":"Transmorgrifier","player_choice":"Transformed","floor":3.0,"gold_loss":0.0,"damage_taken":0.0,"cards_obtained":["hermit:DeadMansHand"]}],"is_beta":false,"boss_relics":[],"items_purged_floors":[4],"is_endless":false,"potions_floor_spawned":[7,8,10,13],"killed_by":"The Guardian","ascension_level":0}}