{"host":"8d3fefv2347kqkpz","time":1610547238,"event":{"mods":["100% Spire Juice","BaseMod","Better Vampires","Colored Map","Downfall","Minty Spire (QoL Compilation)","Quick Restart","Replay The Spire","StSLib","The Gatherer","Waifu the Spire"],"gold_per_floor":[110,210,228,242,242,242,60,75,75,150,150,150,181,204,204,323,323,346,7,7,107,121,121,161,186,259,259,259],"floor_reached":27,"language":"ZHS","playtime":1545,"items_purged":["Strike_G","Strike_G"],"score":231,"play_id":"534a0f8a-5881-49ee-8f01-390cc6dcfd8d","local_time":"20210113221358","is_ascension_mode":false,"campfire_choices":[{"data":"Draining Mist","floor":6,"key":"SMITH"},{"data":"Bane","floor":11,"key":"SMITH"},{"floor":15,"key":"REST"},{"data":"Catalyst","floor":23,"key":"SMITH"}],"circlet_count":0,"master_deck":["Strike_G","Strike_G","Defend_G","Defend_G","Defend_G","Defend_G","Defend_G","Survivor","Neutralize","Deadly Poison","Draining Mist+1","ReplayTheSpireMod:Speed Training","Bane+1","Deadly Poison","Bane","Malaise","ReplayTheSpireMod:Necrosis","Catalyst+1","Crippling Poison","Bane+1","Deadly Poison"],"relics":["Ring of the Snake","Golden Idol","Centennial Puzzle","Pantograph","SlaversCollar","Mummified Hand","Replay:Ringing Soul","Regal Pillow","Onion Ring"],"acts_visited":["Exordium","TheCity"],"potions_floor_usage":[24,27,27,27],"damage_taken":[{"damage":5,"enemies":"Small Slimes","floor":1,"turns":5},{"damage":0,"enemies":"Cultist","floor":3,"turns":4},{"damage":8,"enemies":"Jaw Worm","floor":4,"turns":4},{"damage":8,"enemies":"3 Louse","floor":8,"turns":4},{"damage":22,"enemies":"3 Sentries","floor":13,"turns":11},{"damage":5,"enemies":"Looter","floor":14,"turns":3},{"damage":26,"enemies":"The Guardian","floor":16,"turns":10},{"damage":0,"enemies":"Chosen","floor":18,"turns":6},{"damage":26,"enemies":"Shell Parasite","floor":22,"turns":5},{"damage":32,"enemies":"Slavers","floor":24,"turns":8},{"damage":9,"enemies":"Chosen and Byrds","floor":25,"turns":6},{"damage":13,"enemies":"Sentry and Sphere","floor":27,"turns":6}],"seed_played":"7252599151642423580","potions_obtained":[{"floor":3,"key":"SmokeBomb"},{"floor":4,"key":"LifebloodPotion"},{"floor":8,"key":"ColorlessPotion"},{"floor":14,"key":"Languid Potion"},{"floor":24,"key":"Adrenaline Potion"}],"is_trial":false,"path_per_floor":["M","?","M","M","?","R","$","M","T","?","R","?","E","M","R","B",null,"M","$","?","?","M","R","E","M","T","M"],"character_chosen":"THE_SILENT","items_purchased":["Bane","Deadly Poison","Mummified Hand"],"campfire_rested":1,"item_purchase_floors":[7,7,19],"current_hp_per_floor":[72,72,72,64,64,64,64,56,56,45,45,45,23,18,39,38,71,71,71,71,71,48,48,19,13,13,0,0],"gold":259,"neow_bonus":"TEN_PERCENT_HP_BONUS","is_daily":false,"chose_seed":false,"campfire_upgraded":3,"win_rate":0.0,"timestamp":1610547238,"path_taken":["M","?","?","M","?","R","$","M","T","?","R","?","E","?","R","BOSS","M","$","?","?","M","R","E","M","T","?"],"items_purchased_type":["Card","Card","Relic"],"build_version":"2020-12-22","purchased_purges":2,"victory":false,"max_hp_per_floor":[77,77,77,77,71,71,71,71,71,71,71,71,71,71,71,71,71,71,71,71,71,74,74,77,80,80,80,80],"card_choices":[{"not_picked":["Prepared","Caltrops"],"picked":"Deadly Poison","floor":1},{"not_picked":["ReplayTheSpireMod:Shiv Toss","Flechettes"],"picked":"Draining Mist","floor":3},{"not_picked":["Tactician","ReplayTheSpireMod:Scrap Shanks"],"picked":"ReplayTheSpireMod:Speed Training","floor":4},{"not_picked":["Eviscerate","Endless Agony"],"picked":"Bane","floor":8},{"not_picked":["Escape Plan","Underhanded Strike","A Thousand Cuts"],"picked":"SKIP","floor":13},{"not_picked":["Choke","Underhanded Strike","Quick Slash"],"picked":"SKIP","floor":14},{"not_picked":["Corpse Explosion","Burst"],"picked":"ReplayTheSpireMod:Necrosis","floor":16},{"not_picked":["Terror","Sucker Punch"],"picked":"Catalyst","floor":18},{"not_picked":["Outmaneuver","Deflect"],"picked":"Crippling Poison","floor":22},{"not_picked":["Slice","Flying Knee"],"picked":"Bane+1","floor":24},{"not_picked":["Bane","Dagger Spray"],"picked":"Deadly Poison","floor":25}],"player_experience":39374,"relics_obtained":[{"floor":9,"key":"Centennial Puzzle"},{"floor":13,"key":"Pantograph"},{"floor":24,"key":"Regal Pillow"},{"floor":26,"key":"Onion Ring"}],"event_choices":[{"damage_healed":0,"gold_gain":100,"player_choice":"Pray","damage_taken":0,"max_hp_gain":0,"max_hp_loss":0,"event_name":"Golden Shrine","floor":2,"gold_loss":0},{"damage_healed":0,"gold_gain":0,"player_choice":"Lose Max HP","damage_taken":0,"relics_obtained":["Golden Idol"],"max_hp_gain":0,"max_hp_loss":6,"event_name":"Golden Idol","floor":5,"gold_loss":0},{"damage_healed":0,"gold_gain":75,"player_choice":"Gather Gold","damage_taken":11,"max_hp_gain":0,"max_hp_loss":0,"event_name":"World of Goop","floor":10,"gold_loss":0},{"damage_healed":0,"gold_gain":0,"cards_transformed":["Strike_G"],"player_choice":"Transformed","damage_taken":0,"max_hp_gain":0,"max_hp_loss":0,"event_name":"Transmorgrifier","floor":12,"gold_loss":0,"cards_obtained":["Malaise"]},{"damage_healed":0,"gold_gain":100,"player_choice":"Pray","damage_taken":0,"max_hp_gain":0,"max_hp_loss":0,"event_name":"Golden Shrine","floor":21,"gold_loss":0}],"is_beta":false,"boss_relics":[{"not_picked":["Runic Dome","Snecko Eye"],"picked":"SlaversCollar"}],"items_purged_floors":[7,19],"is_endless":false,"potions_floor_spawned":[3,4,8,14,22,24],"killed_by":"Sentry and Sphere","ascension_level":0}}