{"host":"kzg3uglj8yekbxlz","time":1610533139,"event":{"mods":["Alarm Clock","BaseMod","Better Synergies","Better Vampires","CapriCore","Challenge The Spire","Displayed Cursed Tome","Downfall","Evolution","Highlight Path","HololiveMod","KinomotoSakuraMod(木之本樱)","Koishi","Lobotomy","LobotomyExtend","Marisa（F雨　魔理沙）","Minty Spire (QoL Compilation)","Poem Panic","Poor People Problems","Prisma Mod","Shop Mod","StSLib","The Administrix","The Alterego","The Hierophant","The Immortal","TheWitcher","WarShipGirlsR/战舰少女R mod","Yuri Mod","残留之物"],"gold_per_floor":[180,180,255,255,333,333,333,488,538,538,538,538,538,483,483,642,642,1039,1039,661,661,673,792,804,816,896,908,1012,1024,1134,1146,1158,1404,1416,1528,1598,1382,1382,1382,1382,1382],"floor_reached":39,"language":"ZHS","playtime":10541,"items_purged":["Writhe"],"score":1162,"play_id":"b2e8e422-d30a-4ae4-aa1f-fb5a81540f81","local_time":"20210113181859","daily_mods":["Shiny","Red Cards","Green Cards","Blue Cards","Purple Cards","Flight","downfall:Lament"],"is_ascension_mode":true,"campfire_choices":[{"data":"rmod:seals","floor":6.0,"key":"SMITH"},{"data":"SnafuTest:LastWish","floor":10.0,"key":"SMITH"},{"data":"PrismaMod:ChloeAnySkillTrace","floor":11.0,"key":"SMITH"},{"data":"hierophant:Invocation","floor":12.0,"key":"SMITH"},{"data":"PlaceholderMod:Assimilation","floor":13.0,"key":"SMITH"},{"data":"MokouMod:Extinguish","floor":15.0,"key":"SMITH"},{"data":"Seek","floor":25.0,"key":"SMITH"},{"data":"Exhume","floor":27.0,"key":"SMITH"},{"data":"After Image","floor":32.0,"key":"SMITH"}],"circlet_count":0,"master_deck":["Hololive_Thief+1","Hololive_AWSL","PlaceholderMod:DoublePoint","PlaceholderMod:PericyclicReaction","PlaceholderMod:Activation","PlaceholderMod:Assimilation+1","yuri:Suicide","Guardian:ExploitGems","Guardian:StasisStrike","Guardian:StasisField","SnafuTest:LastWish+1","SnafuTest:PowerContactIsContract","SnafuTest:Awake","alterego_mod:AlterEgo","alterego_mod:IdEs+1","alterego_mod:Vow","alterego_mod:SideboobHour+1","alterego_mod:Palingenesis","AdministrixMod:WifeLightning","AdministrixMod:FalseDeath","AdministrixMod:ImmortalClarity","AdministrixMod:CosmosControl+1","rmod:supriseattacks","rmod:seals+1","rmod:ridicule","hierophant:BulkyChest+1","hierophant:Invocation+1","PrismaMod:ChloeAnyAttackTrace","PrismaMod:ChloeAnyPowerTrace","PrismaMod:ChloeAnySkillTrace+1","CasketOfStar","GoldRush","DaCapo","Adoration+1","Mimicry","Twilight","Koishi:PerfectMindControl","Koishi:SilentAndRestless","Seek+1","Adrenaline","Wraith Form v2","After Image+1","Exhume+1","MokouMod:Extinguish+1","MokouMod:Rekindle","MokouMod:Rebirth","MokouMod:PhoenixForm","MokouMod:SearingBlow+3"],"relics":["MokouMod:PhoenixFeather","EVO:Axolotl","NeowsBlessing","LetterFromLob","Pen Nib","Dream Catcher","Heaven_r","LaetitiaHeart","Smiling Mask","Hololive_Finger","Membership Card","MerchantsRug","Meat on the Bone","Boot","TheAbacus","Ancient Tea Set","Frozen Egg 2","Incense Burner","Toxic Egg 2","Shovel","Turnip","Cursed Key","hexamod:TheBrokenSeal","CatCart","Frozen Eye","PreservedInsect","Akabeko"],"acts_visited":["Exordium","TheCity","TheBeyond"],"potions_floor_usage":[],"damage_taken":[{"damage":0.0,"enemies":"Small Slimes","floor":1.0,"turns":2.0},{"damage":0.0,"enemies":"Cultist","floor":3.0,"turns":2.0},{"damage":0.0,"enemies":"Jaw Worm","floor":5.0,"turns":1.0},{"damage":23.0,"enemies":"Gremlin Gang","floor":8.0,"turns":2.0},{"damage":50.0,"enemies":"Lagavulin","floor":14.0,"turns":3.0},{"damage":5.0,"enemies":"Slime Boss","floor":16.0,"turns":7.0},{"damage":0.0,"enemies":"3 Byrds","floor":18.0,"turns":1.0},{"damage":0.0,"enemies":"Slavers","floor":23.0,"turns":2.0},{"damage":0.0,"enemies":"Chosen","floor":28.0,"turns":2.0},{"damage":21.0,"enemies":"Centurion and Healer","floor":30.0,"turns":2.0},{"damage":0.0,"enemies":"Champ","floor":33.0,"turns":3.0},{"damage":0.0,"enemies":"Orb Walker","floor":35.0,"turns":2.0},{"damage":0.0,"enemies":"Orin","floor":36.0,"turns":8.0},{"damage":0,"floor":39,"turns":1}],"seed_played":"-4528641190652291783","potions_obtained":[{"floor":16.0,"key":"LiquidMemories"},{"floor":28.0,"key":"PowerPotion"},{"floor":28.0,"key":"Weak Potion"}],"is_trial":true,"path_per_floor":["M","?","M","?","M","R","?","M","T","R","R","R","R","E","R","B",null,"M","?","$","?","?","E","?","R","T","R","M","T","M","?","R","B",null,"M","?","$","?","?"],"character_chosen":"MKU","items_purchased":["MerchantsRug","Fruit Juice","Meat on the Bone","Boot","TheAbacus","Frozen Eye","PreservedInsect","Akabeko"],"campfire_rested":0,"item_purchase_floors":[20,20,20,20,20,37,37,37],"current_hp_per_floor":[69,86,87,87,87,87,87,91,91,91,91,91,91,47,47,53,94,95,95,100,100,108,118,80,80,80,80,81,81,72,72,72,73,117,137,148,148,148,148,148,148],"gold":1382,"neow_bonus":"","is_daily":false,"chose_seed":false,"campfire_upgraded":9,"win_rate":0.0,"timestamp":1610533139,"path_taken":["M","?","?","?","?","R","?","M","T","R","R","R","R","E","R","BOSS","M","?","$","?","?","E","?","R","T","R","?","?","?","?","R","BOSS","M","?","$","?","?"],"items_purchased_type":["Relic","Potion","Relic","Relic","Relic","Relic","Relic","Relic"],"build_version":"2020-12-22","purchased_purges":1,"victory":false,"max_hp_per_floor":[76,86,87,87,87,87,87,91,91,91,91,91,91,97,97,108,108,109,109,114,114,114,124,129,129,129,129,130,130,130,130,130,131,131,137,148,148,148,148,148,148],"card_choices":[{"not_picked":["Guardian:Gem_Red","Guardian:Gem_Lightblue"],"picked":"Guardian:Gem_Cyan","floor":1.0},{"not_picked":["Koishi:Prune","SnafuTest:BattleCry"],"picked":"hierophant:Glossolalia","floor":1.0},{"not_picked":["PlaceholderMod:NutritionAbsorb","Iron Wave","True Grit"],"picked":"SKIP","floor":3.0},{"not_picked":["alterego_mod:PresenceConcealment","Deflect","Koishi:HeartfeltFancy"],"picked":"SKIP","floor":5.0},{"not_picked":["rmod:diaomin","PlaceholderMod:TriggerStrike","SnafuTest:MCSuccubusSeduction"],"picked":"SKIP","floor":8.0},{"not_picked":["hexamod:ThirdSeal","hexamod:FirstSeal"],"picked":"hexamod:FourthSeal","floor":18.0},{"not_picked":["hexamod:Haunt","hierophant:ArchangelShield","MokouMod:Stoke"],"picked":"SKIP","floor":18.0},{"not_picked":["PlaceholderMod:PoisonExcitation","hexamod:NightmareStrike","SnafuTest:Meditation"],"picked":"SKIP","floor":23.0},{"not_picked":["hierophant:TollTheBells","Steam","rmod:goodsister+1"],"picked":"SKIP","floor":28.0},{"not_picked":["SnafuTest:WeddingDance+1","alterego_mod:InsideBaseball+1","Consume+1"],"picked":"SKIP","floor":30.0},{"not_picked":["hexamod:FourthSeal","hexamod:SixthSeal"],"picked":"hexamod:FirstSeal","floor":33.0},{"not_picked":["hexamod:SecondSeal","hexamod:FourthSeal"],"picked":"hexamod:ThirdSeal","floor":35.0},{"not_picked":["hexamod:FirstSeal","hexamod:FourthSeal"],"picked":"hexamod:SecondSeal","floor":35.0},{"not_picked":["Koishi:PhantomStrike","PlaceholderMod:AngryAttack","yuri:Spin"],"picked":"SKIP","floor":35.0}],"player_experience":711705,"relics_obtained":[{"floor":1.0,"key":"LetterFromLob"},{"floor":9.0,"key":"Pen Nib"},{"floor":16.0,"key":"Smiling Mask"},{"floor":18.0,"key":"Membership Card"},{"floor":18.0,"key":"Old Coin"},{"floor":23.0,"key":"Ancient Tea Set"},{"floor":26.0,"key":"Frozen Egg 2"},{"floor":28.0,"key":"Incense Burner"},{"floor":29.0,"key":"Toxic Egg 2"},{"floor":30.0,"key":"Shovel"},{"floor":33.0,"key":"Turnip"},{"floor":36.0,"key":"CatCart"}],"event_choices":[{"cards_removed":["Creative AI"],"damage_healed":7.0,"max_hp_gain":10.0,"max_hp_loss":0.0,"gold_gain":0.0,"event_name":"Bonfire Elementals","player_choice":"Offered Rare","floor":2.0,"gold_loss":0.0,"damage_taken":0.0},{"cards_removed":["Machine Learning"],"damage_healed":0.0,"max_hp_gain":0.0,"max_hp_loss":0.0,"gold_gain":0.0,"event_name":"Purifier","player_choice":"Purged","floor":4.0,"gold_loss":0.0,"damage_taken":0.0},{"damage_healed":0.0,"max_hp_gain":0.0,"max_hp_loss":0.0,"gold_gain":0.0,"event_name":"Living Wall","player_choice":"Grow","floor":7.0,"gold_loss":0.0,"damage_taken":0.0,"cards_upgraded":["Adoration"]},{"cards_removed":["rmod:u235"],"damage_healed":0.0,"max_hp_gain":0.0,"max_hp_loss":0.0,"gold_gain":0.0,"event_name":"Back to Basics","player_choice":"Elegance","floor":19.0,"gold_loss":0.0,"damage_taken":0.0},{"damage_healed":0.0,"max_hp_gain":0.0,"max_hp_loss":0.0,"gold_gain":0.0,"event_name":"The Mausoleum","player_choice":"Opened","floor":21.0,"gold_loss":0.0,"damage_taken":0.0,"relics_obtained":["MawBank"],"cards_obtained":["Writhe"]},{"damage_healed":0.0,"max_hp_gain":5.0,"max_hp_loss":0.0,"gold_gain":0.0,"event_name":"Forgotten Altar","player_choice":"Shed Blood","floor":24.0,"gold_loss":0.0,"damage_taken":43.0},{"damage_healed":0.0,"max_hp_gain":0.0,"max_hp_loss":0.0,"gold_gain":0.0,"event_name":"OrinTheCat","player_choice":"Fight","floor":36.0,"gold_loss":0.0,"damage_taken":0.0},{"cards_removed":["PlaceholderMod:Inner"],"damage_healed":0.0,"max_hp_gain":0.0,"max_hp_loss":0.0,"gold_gain":0.0,"event_name":"Falling","player_choice":"Removed Power","floor":38.0,"gold_loss":0.0,"damage_taken":0.0}],"is_beta":false,"boss_relics":[{"not_picked":["Velvet Choker","Fusion Hammer"],"picked":"Hololive_Finger"},{"not_picked":["Tiny House","Black Star"],"picked":"Cursed Key"}],"items_purged_floors":[37],"is_endless":true,"potions_floor_spawned":[16,28,33],"ascension_level":20}}