{"host":"dftyqn972q7tuon4","time":1610576172,"event":{"mods":["AchievementEnabler","BaseMod","Better Altar","Better Match","Better Note","Better Sensory Stone","Better Skull","Better Third Choice","Colored Powertips","Highlight Path","Minty Spire (QoL Compilation)","Permanent Neow","Quick Restart","StSLib"],"gold_per_floor":[116,41,59,4,19,19,45,65,116,141,121,138,138,38,38,137,137,153,201,50,50,66,66,66,66],"floor_reached":24,"language":"ENG","playtime":1388,"items_purged":["Writhe","Defend_B","Normality"],"score":296,"play_id":"d92d5cd5-fbc5-49c8-8171-2d1f240e7036","local_time":"20210113231612","is_ascension_mode":true,"campfire_choices":[{"data":"Zap","floor":6.0,"key":"SMITH"},{"floor":13.0,"key":"REST"},{"data":"Echo Form","floor":15.0,"key":"SMITH"},{"data":"Chill","floor":23,"key":"SMITH"}],"circlet_count":0,"master_deck":["Strike_B","Strike_B","Strike_B","Strike_B","Defend_B","Defend_B","Defend_B","Zap+1","Dualcast","Echo Form+1","Conserve Battery","Conserve Battery","Coolheaded","Core Surge","Streamline","Chill+1","Go for the Eyes","Reboot","Fusion+1","Beam Cell","Auto Shields+1"],"relics":["Cracked Core","White Beast Statue","Tiny Chest","Orichalcum","Kunai","Cursed Key","Happy Flower"],"acts_visited":["Exordium","TheCity"],"potions_floor_usage":[22,24],"damage_taken":[{"damage":1.0,"enemies":"Small Slimes","floor":1.0,"turns":4.0},{"damage":5.0,"enemies":"Cultist","floor":3.0,"turns":4.0},{"damage":10.0,"enemies":"2 Louse","floor":5.0,"turns":3.0},{"damage":16.0,"enemies":"3 Sentries","floor":7.0,"turns":7.0},{"damage":18.0,"enemies":"Lots of Slimes","floor":8.0,"turns":5.0},{"damage":14.0,"enemies":"Gremlin Nob","floor":10.0,"turns":4.0},{"damage":1.0,"enemies":"3 Louse","floor":12.0,"turns":4.0},{"damage":10.0,"enemies":"Slime Boss","floor":16.0,"turns":13.0},{"damage":8.0,"enemies":"3 Byrds","floor":18.0,"turns":6.0},{"damage":8,"enemies":"Spheric Guardian","floor":22,"turns":5},{"damage":49,"enemies":"Slavers","floor":24,"turns":4}],"seed_played":"6860379353139148871","potions_obtained":[{"floor":5.0,"key":"SteroidPotion"},{"floor":7.0,"key":"Weak Potion"},{"floor":8.0,"key":"Weak Potion"},{"floor":10.0,"key":"PotionOfCapacity"},{"floor":11.0,"key":"SteroidPotion"},{"floor":12.0,"key":"Regen Potion"},{"floor":16.0,"key":"ColorlessPotion"},{"floor":18.0,"key":"DuplicationPotion"},{"floor":22,"key":"Dexterity Potion"}],"is_trial":false,"path_per_floor":["M","$","M","?","M","R","E","M","T","E","?","M","R","$","R","B",null,"M","T","$","?","M","R","E"],"character_chosen":"DEFECT","items_purchased":["Beam Cell"],"campfire_rested":1,"item_purchase_floors":[20],"current_hp_per_floor":[67,67,62,62,52,52,36,18,18,4,4,3,25,25,25,30,64,56,56,56,56,48,48,0,0],"gold":66,"neow_bonus":"THREE_RARE_CARDS","is_daily":false,"chose_seed":false,"campfire_upgraded":3,"win_rate":0.0,"timestamp":1610576172,"path_taken":["M","$","M","?","M","R","E","?","T","E","?","?","R","$","R","BOSS","M","?","?","?","M","R","E"],"items_purchased_type":["Card"],"build_version":"2020-12-22","purchased_purges":3,"victory":false,"max_hp_per_floor":[75,75,75,75,75,75,75,75,75,75,75,75,75,75,75,75,75,75,75,75,75,75,75,75,75],"card_choices":[{"not_picked":["Creative AI","Reboot"],"picked":"Echo Form","floor":0.0},{"not_picked":["Compile Driver","Streamline"],"picked":"Conserve Battery","floor":1.0},{"not_picked":["Gash","Sweeping Beam"],"picked":"Conserve Battery","floor":3.0},{"not_picked":["Rebound","Turbo"],"picked":"Coolheaded","floor":5.0},{"not_picked":["Barrage","Go for the Eyes"],"picked":"Core Surge","floor":7.0},{"not_picked":["Consume","Hologram"],"picked":"Streamline","floor":8.0},{"not_picked":["Coolheaded","Turbo"],"picked":"Chill","floor":10.0},{"not_picked":["Leap","Ball Lightning"],"picked":"Go for the Eyes","floor":12.0},{"not_picked":["Echo Form","Buffer"],"picked":"Reboot","floor":16.0},{"not_picked":["Leap","Sweeping Beam"],"picked":"Fusion+1","floor":18.0},{"not_picked":["Redo+1","Compile Driver"],"picked":"Auto Shields+1","floor":22}],"player_experience":634433,"relics_obtained":[{"floor":7.0,"key":"Tiny Chest"},{"floor":9.0,"key":"Orichalcum"},{"floor":10.0,"key":"Kunai"},{"floor":19.0,"key":"Happy Flower"}],"event_choices":[{"damage_healed":0.0,"max_hp_gain":0.0,"max_hp_loss":0.0,"gold_gain":0.0,"event_name":"WeMeetAgain","player_choice":"Paid Gold","floor":4.0,"gold_loss":55.0,"damage_taken":0.0,"relics_obtained":["White Beast Statue"]},{"damage_healed":0.0,"max_hp_gain":0.0,"max_hp_loss":0.0,"gold_gain":0.0,"event_name":"The Woman in Blue","player_choice":"Bought 1 Potion","floor":11.0,"gold_loss":0.0,"damage_taken":0.0},{"damage_healed":0.0,"max_hp_gain":0.0,"max_hp_loss":0.0,"gold_gain":0.0,"event_name":"Ghosts","player_choice":"Ignored","floor":21.0,"gold_loss":0.0,"damage_taken":0.0}],"is_beta":false,"boss_relics":[{"not_picked":["Ectoplasm","Tiny House"],"picked":"Cursed Key"}],"items_purged_floors":[2,14,20],"is_endless":false,"potions_floor_spawned":[5,7,8,10,12,16,18,22],"killed_by":"Slavers","ascension_level":9}}