{"host":"dth8fvkfiulu86fi","time":1610550769,"event":{"mods":["2.2 Compatiblity","AchievementEnabler","BaseMod","Better Third Choice","Colored Map","Colored Powertips","Minty Spire (QoL Compilation)","Rare Cards Sparkle","StSLib","SuperFastMode","Synergy Search"],"gold_per_floor":[114,189,204,119,134,164,164,179,179,179,29,44,44,74,74,174,174,189,204,56,56,71,71,71,71,71,71,71,86,101,101,101,201,251,266,293,593,93,108,58,58,73,132,147,162,162,177,192,201,210],"floor_reached":51,"language":"ENG","playtime":1313,"items_purged":["Normality"],"score":984,"play_id":"771e336e-acae-4cdc-87c6-364ba7a96bfc","local_time":"20210113161249","daily_mods":["Cursed Run","Vintage","Lethality"],"is_ascension_mode":false,"campfire_choices":[{"data":"Eruption","floor":7.0,"key":"SMITH"},{"data":"Swift Strike","floor":10.0,"key":"SMITH"},{"data":"Strike_P","floor":15.0,"key":"SMITH"},{"floor":23.0,"key":"REST"},{"data":"Strike_P","floor":25.0,"key":"SMITH"},{"data":"Strike_P","floor":27.0,"key":"SMITH"},{"data":"Defend_P","floor":32.0,"key":"SMITH"},{"data":"Secret Weapon","floor":41.0,"key":"SMITH"},{"data":"Swift Strike","floor":46.0,"key":"SMITH"},{"floor":49.0,"key":"REST"}],"circlet_count":0,"master_deck":["Strike_P+1","Strike_P+1","Strike_P+1","Strike_P+1","Defend_P+1","Defend_P","Defend_P+1","Defend_P+1","Eruption+1","Vigilance","Swift Strike+1","Regret","Injury","Consecrate+1","Clumsy","Secret Weapon+1","Bandage Up","Swift Strike+1","Injury","CrushJoints","Normality"],"relics":["Cursed Key","Darkstone Periapt","Du-Vu Doll","Pen Nib","Happy Flower","PreservedInsect","Potion Belt","Meat on the Bone","White Beast Statue","Lee\u0027s Waffle","Orichalcum","Bottled Flame","SacredBark","Smiling Mask","War Paint","Blue Candle","Pantograph","Gremlin Horn","Blood Vial","MutagenicStrength","Tiny House","CeramicFish","TeardropLocket","Question Card","Centennial Puzzle","Bronze Scales","Juzu Bracelet","Dream Catcher","Bag of Marbles","Akabeko","InkBottle"],"acts_visited":["Exordium","TheCity","TheBeyond"],"potions_floor_usage":[50,50,50,50],"damage_taken":[{"damage":1.0,"enemies":"Cultist","floor":1.0,"turns":3.0},{"damage":0.0,"enemies":"Jaw Worm","floor":3.0,"turns":2.0},{"damage":0.0,"enemies":"2 Louse","floor":5.0,"turns":2.0},{"damage":0.0,"enemies":"Gremlin Nob","floor":6.0,"turns":1.0},{"damage":0.0,"enemies":"Exordium Thugs","floor":8.0,"turns":2.0},{"damage":0.0,"enemies":"Exordium Wildlife","floor":12.0,"turns":1.0},{"damage":0.0,"enemies":"Lagavulin","floor":14.0,"turns":2.0},{"damage":0.0,"enemies":"Slime Boss","floor":16.0,"turns":3.0},{"damage":27.0,"enemies":"Shell Parasite","floor":18.0,"turns":4.0},{"damage":19.0,"enemies":"Spheric Guardian","floor":19.0,"turns":3.0},{"damage":0.0,"enemies":"Snecko","floor":22.0,"turns":2.0},{"damage":0.0,"enemies":"Snake Plant","floor":29.0,"turns":1.0},{"damage":0.0,"enemies":"Centurion and Healer","floor":30.0,"turns":1.0},{"damage":68.0,"enemies":"Collector","floor":33.0,"turns":4.0},{"damage":0.0,"enemies":"Orb Walker","floor":35.0,"turns":2.0},{"damage":14.0,"enemies":"3 Darklings","floor":39.0,"turns":3.0},{"damage":19.0,"enemies":"Writhing Mass","floor":42.0,"turns":2.0},{"damage":6.0,"enemies":"Jaw Worm Horde","floor":44.0,"turns":3.0},{"damage":0.0,"enemies":"Maw","floor":45.0,"turns":2.0},{"damage":1.0,"enemies":"3 Darklings","floor":47.0,"turns":2.0},{"damage":19.0,"enemies":"Writhing Mass","floor":48.0,"turns":3.0},{"damage":114,"enemies":"Donu and Deca","floor":50,"turns":7}],"seed_played":"-4624312993155624390","potions_obtained":[{"floor":3.0,"key":"Ambrosia"},{"floor":6.0,"key":"FearPotion"},{"floor":8.0,"key":"FearPotion"},{"floor":12.0,"key":"Fire Potion"},{"floor":14.0,"key":"Strength Potion"},{"floor":16.0,"key":"Ancient Potion"},{"floor":18.0,"key":"Weak Potion"},{"floor":19.0,"key":"GamblersBrew"},{"floor":22.0,"key":"PowerPotion"},{"floor":29.0,"key":"AttackPotion"},{"floor":30.0,"key":"Strength Potion"},{"floor":33.0,"key":"BottledMiracle"},{"floor":34.0,"key":"Weak Potion"},{"floor":35.0,"key":"SpeedPotion"},{"floor":39.0,"key":"Weak Potion"},{"floor":42.0,"key":"AttackPotion"},{"floor":44.0,"key":"DuplicationPotion"},{"floor":45.0,"key":"Dexterity Potion"},{"floor":47.0,"key":"Weak Potion"},{"floor":48.0,"key":"SmokeBomb"}],"is_trial":false,"path_per_floor":["M","?","M","$","M","E","R","M","T","R","$","M","?","E","R","B",null,"M","M","$","?","M","R","?","R","T","R","?","M","M","?","R","B",null,"M","?","?","$","M","$","R","M","T","M","M","R","M","M","R","B",null],"character_chosen":"WATCHER","items_purchased":["Swift Strike","Lee\u0027s Waffle","Fruit Juice","Consecrate","TeardropLocket","Question Card"],"campfire_rested":2,"item_purchase_floors":[4,11,20,20,38,38],"current_hp_per_floor":[71,60,60,60,60,60,60,60,66,66,85,85,90,90,90,96,96,69,50,60,60,60,91,91,91,97,97,97,97,97,97,97,62,123,123,113,113,113,105,105,105,92,98,98,104,104,105,92,129,35],"gold":210,"neow_bonus":"","is_daily":true,"chose_seed":false,"campfire_upgraded":8,"win_rate":0.0,"timestamp":1610550769,"path_taken":["M","?","M","$","M","E","R","M","T","R","$","M","?","E","R","BOSS","M","M","$","?","M","R","?","R","T","R","?","?","M","?","R","BOSS","M","?","?","$","M","$","R","?","T","M","M","R","M","M","R","BOSS"],"items_purchased_type":["Card","Relic","Potion","Card","Relic","Relic"],"build_version":"2020-12-22","purchased_purges":1,"victory":true,"max_hp_per_floor":[72,72,72,72,72,72,72,72,78,78,85,85,90,90,90,96,96,96,96,106,106,106,106,106,106,112,112,112,112,112,112,112,118,123,123,123,123,123,123,123,123,123,129,129,129,129,129,129,129,135],"card_choices":[{"not_picked":["CrushJoints","Halt","LikeWater"],"picked":"SKIP","floor":6.0},{"not_picked":["WaveOfTheHand","Worship","SashWhip"],"picked":"SKIP","floor":14.0},{"not_picked":["Impatience","Metamorphosis"],"picked":"Secret Weapon","floor":36.0},{"not_picked":["Madness","HandOfGreed"],"picked":"Bandage Up","floor":36.0},{"not_picked":["Impatience","Metamorphosis"],"picked":"Swift Strike","floor":36.0},{"not_picked":["MentalFortress+1","Weave","PathToVictory"],"picked":"CrushJoints","floor":49.0}],"player_experience":1142571,"relics_obtained":[{"floor":1.0,"key":"Pen Nib"},{"floor":3.0,"key":"Happy Flower"},{"floor":5.0,"key":"PreservedInsect"},{"floor":6.0,"key":"Potion Belt"},{"floor":8.0,"key":"Meat on the Bone"},{"floor":9.0,"key":"White Beast Statue"},{"floor":12.0,"key":"Orichalcum"},{"floor":14.0,"key":"Bottled Flame"},{"floor":18.0,"key":"Smiling Mask"},{"floor":19.0,"key":"War Paint"},{"floor":22.0,"key":"Blue Candle"},{"floor":26.0,"key":"Pantograph"},{"floor":29.0,"key":"Gremlin Horn"},{"floor":30.0,"key":"Blood Vial"},{"floor":35.0,"key":"CeramicFish"},{"floor":39.0,"key":"Centennial Puzzle"},{"floor":42.0,"key":"Bronze Scales"},{"floor":43.0,"key":"Juzu Bracelet"},{"floor":44.0,"key":"Dream Catcher"},{"floor":45.0,"key":"Bag of Marbles"},{"floor":47.0,"key":"Akabeko"},{"floor":48.0,"key":"InkBottle"}],"event_choices":[{"damage_healed":0.0,"max_hp_gain":0.0,"max_hp_loss":0.0,"gold_gain":75.0,"event_name":"betterThird:BetterGoop","player_choice":"Gold","floor":2.0,"gold_loss":0.0,"damage_taken":11.0},{"damage_healed":0.0,"max_hp_gain":5.0,"max_hp_loss":0.0,"gold_gain":0.0,"event_name":"Big Fish","player_choice":"Donut","floor":13.0,"gold_loss":0.0,"damage_taken":0.0},{"damage_healed":0.0,"max_hp_gain":0.0,"max_hp_loss":0.0,"gold_gain":0.0,"event_name":"Cursed Tome","player_choice":"Ignored","floor":21.0,"gold_loss":0.0,"damage_taken":0.0},{"damage_healed":0.0,"max_hp_gain":0.0,"max_hp_loss":0.0,"gold_gain":0.0,"event_name":"Accursed Blacksmith","player_choice":"Forge","floor":28.0,"gold_loss":0.0,"damage_taken":0.0,"cards_upgraded":["Strike_P"]},{"damage_healed":0.0,"max_hp_gain":0.0,"max_hp_loss":0.0,"gold_gain":0.0,"event_name":"Drug Dealer","player_choice":"Inject Mutagens","floor":31.0,"gold_loss":0.0,"damage_taken":0.0,"relics_obtained":["MutagenicStrength"]},{"damage_healed":0.0,"max_hp_gain":0.0,"max_hp_loss":0.0,"gold_gain":0.0,"event_name":"SensoryStone","player_choice":"Memory 3","floor":36.0,"gold_loss":0.0,"damage_taken":10.0},{"damage_healed":0.0,"max_hp_gain":0.0,"max_hp_loss":0.0,"gold_gain":300.0,"event_name":"Wheel of Change","player_choice":"Gold","floor":37.0,"gold_loss":0.0,"damage_taken":0.0}],"is_beta":false,"boss_relics":[{"not_picked":["Ectoplasm","Empty Cage"],"picked":"SacredBark"},{"not_picked":["Black Star","Velvet Choker"],"picked":"Tiny House"}],"items_purged_floors":[40],"is_endless":false,"potions_floor_spawned":[3,6,8,12,14,16,18,19,22,29,30,33,35,39,42,44,45,47,48],"ascension_level":0}}