{"host":"33eci8hn4byprget","time":1610506703,"event":{"mods":["Aspiration","BaseMod","Colored Powertips","Downfall","GifTheSpireLib","Hubris","KinomotoSakuraMod(ƒæ÷Æ±æ”£)","Marisa£®ÏF”Í°°ƒß¿Ì…≥£©","Minty Spire (QoL Compilation)","Reimu£®≤©¿ˆ¡È√Œ£©","StSLib","The Construct","The Poker Player","The Servant 0.9.4"],"gold_per_floor":[199,218,165,440,453,473,498,498,498,498,498,513,513,529,542,638,638,638,650,662,762,762,712,794,794,794,794,794,712,739,769,791,803,803,803],"floor_reached":33,"language":"ZHS","playtime":1638,"items_purged":["Regret"],"score":257,"play_id":"5e3bdadb-2091-43d2-a887-badd49ae3f03","local_time":"20210113105823","is_ascension_mode":false,"campfire_choices":[{"data":"hexamod:Sear","floor":1,"key":"SMITH"},{"floor":9,"key":"REST"},{"data":"hexamod:GhostflameBarrier","floor":18,"key":"SMITH"},{"data":"hexamod:RadiantFlame","floor":25,"key":"SMITH"},{"data":"hexamod:BurningTouch","floor":27,"key":"SMITH"}],"circlet_count":0,"master_deck":["hexamod:Strike","hexamod:Strike","hexamod:Strike","hexamod:Defend+1","hexamod:Defend","hexamod:Defend","hexamod:Sear+1","hexamod:Float+1","hexamod:GhostflameBarrier+1","hexamod:ShieldOfDarkness","hexamod:RadiantFlame+1","hexamod:SearingWound+1","hexamod:NightmareGuise","hexamod:ThermalTransfer","hexamod:BurningTouch+1","hexamod:FifthSeal","hexamod:FirstSeal","hexamod:SixthSeal","hexamod:UnleashSpirits","Poisoned Stab","Prepared","Calculated Gamble","hexamod:ThirdSeal","hexamod:SecondSeal","hexamod:FourthSeal"],"relics":["hexamod:SpiritBrand","Lantern","Toy Ornithopter","StrikeDummy","aspiration:RitualDagger","Eternal Feather","downfall:RedIOU","MawBank"],"acts_visited":["Exordium","TheCity"],"potions_floor_usage":[16,16,21,22,22,30,32,33,33],"damage_taken":[{"damage":0,"enemies":"2 Louse","floor":2,"turns":3},{"damage":0,"enemies":"downfall:FleeingMerchant","floor":3,"turns":4},{"damage":2,"enemies":"Cultist","floor":5,"turns":4},{"damage":7,"enemies":"Jaw Worm","floor":6,"turns":3},{"damage":2,"enemies":"3 Louse","floor":12,"turns":5},{"damage":6,"enemies":"Blue Slaver","floor":14,"turns":4},{"damage":4,"enemies":"Lots of Slimes","floor":15,"turns":4},{"damage":22,"enemies":"downfall:Silent","floor":16,"turns":6},{"damage":43,"enemies":"Spheric Guardian","floor":19,"turns":6},{"damage":46,"enemies":"Shell Parasite","floor":20,"turns":7},{"damage":36,"enemies":"downfall:LadyInBlue","floor":21,"turns":7},{"damage":3,"enemies":"Sentry and Sphere","floor":22,"turns":1},{"damage":12,"enemies":"downfall:FleeingMerchant","floor":29,"turns":4},{"damage":58,"enemies":"Book of Stabbing","floor":30,"turns":6},{"damage":29,"enemies":"Snecko","floor":31,"turns":6},{"damage":12,"enemies":"Chosen and Byrds","floor":32,"turns":4},{"damage":37,"enemies":"downfall:Defect","floor":33,"turns":7}],"seed_played":"-8297984517590839659","potions_obtained":[{"floor":2,"key":"hexamod:EctoCoolerPotion"},{"floor":5,"key":"Strength Potion"},{"floor":15,"key":"LiquidMemories"},{"floor":20,"key":"Explosive Potion"},{"floor":21,"key":"AttackPotion"},{"floor":21,"key":"Dexterity Potion"},{"floor":21,"key":"SmokeBomb"},{"floor":30,"key":"PowerPotion"},{"floor":31,"key":"Swift Potion"},{"floor":32,"key":"SteroidPotion"}],"is_trial":false,"path_per_floor":["R","M","$","?","M","M","T","?","R","?","T","M","$","M","M","B",null,"R","M","M","?","M","?","T","R","?","R","?","$","E","M","M","B"],"character_chosen":"THE_SPIRIT","items_purchased":["hexamod:RadiantFlame","hexamod:SecondSeal"],"campfire_rested":1,"item_purchase_floors":[3,29],"current_hp_per_floor":[70,70,70,70,68,61,61,43,64,64,64,62,57,51,47,35,70,70,27,59,42,49,70,70,70,70,70,70,68,27,14,14,0,0,0],"gold":803,"neow_bonus":"HUNDRED_GOLD","is_daily":false,"chose_seed":false,"campfire_upgraded":4,"win_rate":0.0,"timestamp":1610506703,"path_taken":["R","M","$","?","?","M","T","?","R","?","?","M","?","?","M","BOSS","R","M","M","?","?","?","T","R","?","R","?","$","E","?","M","BOSS"],"items_purchased_type":["Card","Card"],"build_version":"2020-12-22","purchased_purges":1,"victory":false,"max_hp_per_floor":[70,70,70,70,70,70,70,70,70,70,70,70,70,70,70,70,70,70,70,70,70,70,70,70,70,70,70,70,70,70,70,70,70,70,70],"card_choices":[{"not_picked":["hexamod:GhostLash","hexamod:HauntingEcho"],"picked":"hexamod:GhostflameBarrier","floor":2},{"not_picked":["hexamod:Hexaguard","hexamod:GhostOfSpirePast"],"picked":"hexamod:ShieldOfDarkness","floor":3},{"not_picked":["hexamod:Again","hexamod:NightmareStrike"],"picked":"hexamod:SearingWound","floor":5},{"not_picked":["hexamod:GhostOfSpirePast","hexamod:InspiringFlames"],"picked":"hexamod:NightmareGuise","floor":6},{"not_picked":["hexamod:HauntingEcho","hexamod:BacktrackSmack"],"picked":"hexamod:HeatShield","floor":12},{"not_picked":["hexamod:NightmareGuise","hexamod:SwordOfDarkness"],"picked":"hexamod:ThermalTransfer","floor":14},{"not_picked":["hexamod:SpectersWail","hexamod:PowerFromBeyond"],"picked":"hexamod:BurningTouch","floor":15},{"not_picked":["hexamod:UnleashSpirits","hexamod:SixthSeal"],"picked":"hexamod:FifthSeal","floor":16},{"not_picked":["hexamod:ThirdSeal","hexamod:FourthSeal"],"picked":"hexamod:FirstSeal","floor":19},{"not_picked":["hexamod:HeatCrush","hexamod:GhostShield","hexamod:SwordOfDarkness"],"picked":"SKIP","floor":19},{"not_picked":["hexamod:FourthSeal","hexamod:FirstSeal"],"picked":"hexamod:SixthSeal","floor":20},{"not_picked":["hexamod:HauntingEcho","hexamod:NecessarySacrifice"],"picked":"hexamod:UnleashSpirits","floor":20},{"not_picked":["hexamod:Hexaguard+1","hexamod:Firestarter+1"],"picked":"hexamod:ThirdSeal","floor":29},{"not_picked":["hexamod:HauntingEcho","hexamod:TurnItUp","hexamod:FastForward"],"picked":"SKIP","floor":30},{"not_picked":["hexamod:HeatShield","hexamod:BacktrackSmack"],"picked":"hexamod:FourthSeal","floor":31},{"not_picked":["hexamod:ThirdSeal","hexamod:NightmareGuise","hexamod:Rewind"],"picked":"SKIP","floor":31},{"not_picked":["hexamod:SwordOfDarkness","hexamod:InspiringFlames","hexamod:ThirdSeal"],"picked":"SKIP","floor":32}],"player_experience":142439,"relics_obtained":[{"floor":7,"key":"Lantern"},{"floor":11,"key":"StrikeDummy"},{"floor":21,"key":"Potion Belt"},{"floor":24,"key":"Eternal Feather"},{"floor":30,"key":"MawBank"}],"event_choices":[{"damage_healed":0,"gold_gain":0,"player_choice":"Success","damage_taken":18,"relics_obtained":["Toy Ornithopter"],"max_hp_gain":0,"max_hp_loss":0,"event_name":"Scrap Ooze","floor":8,"gold_loss":0}],"is_beta":false,"boss_relics":[{"not_picked":["hubris:CrackedHourglass","hubris:BlackHole"],"picked":"aspiration:RitualDagger"}],"items_purged_floors":[13],"is_endless":false,"potions_floor_spawned":[2,5,15,20,30,31,32],"killed_by":"downfall:Defect","ascension_level":0}}