{"host":"rgyusf9batiqntnt","time":1610528712,"event":{"mods":["BaseMod","Colored Powertips","Downfall","Minty Spire (QoL Compilation)","Quick Restart","StSLib"],"gold_per_floor":[99,99,99,99,63,98,98,125,125,138,138,30,480,555,575,575,575,575],"floor_reached":16,"language":"ENG","playtime":1137,"items_purged":["hexamod:Strike"],"score":96,"play_id":"10c39ba4-8b17-4e97-a7bc-dd908c8d7c80","local_time":"20210113193512","is_ascension_mode":false,"campfire_choices":[{"data":"hexamod:Sear","floor":1,"key":"SMITH"},{"floor":9,"key":"REST"},{"floor":11,"key":"REST"}],"circlet_count":0,"master_deck":["hexamod:Strike","hexamod:Strike","hexamod:Defend+1","hexamod:Defend","hexamod:Defend+1","hexamod:Defend","hexamod:Sear+1","hexamod:Float","hexamod:Firestarter","hexamod:SecondSeal","hexamod:GhostOfSpirePresent","hexamod:FourthSeal","hexamod:RadiantFlame","hexamod:HeatCrush","hexamod:FourthSeal","hexamod:TimeWarp","hexamod:AdvancingGuard","Slimebound:Icky","Slimebound:Icky","Slimebound:Icky","hexamod:GhostflameBarrier"],"relics":["hexamod:SpiritBrand","downfall:HeartsMalice","War Paint","Gremlin Horn"],"acts_visited":["Exordium"],"potions_floor_usage":[8,16,16],"damage_taken":[{"damage":0,"enemies":"Jaw Worm","floor":2,"turns":1},{"damage":0,"enemies":"Cultist","floor":3,"turns":1},{"damage":0,"enemies":"downfall:FleeingMerchant","floor":5,"turns":1},{"damage":57,"enemies":"3 Sentries","floor":6,"turns":11},{"damage":0,"enemies":"Small Slimes","floor":8,"turns":4},{"damage":2,"enemies":"Red Slaver","floor":10,"turns":4},{"damage":0,"enemies":"downfall:FleeingMerchant","floor":12,"turns":4},{"damage":20,"enemies":"Exordium Wildlife","floor":15,"turns":8},{"damage":77,"enemies":"downfall:Defect","floor":16,"turns":8}],"seed_played":"-7473723442088526082","potions_obtained":[{"floor":6,"key":"sneckomod:MuddlingPotion"},{"floor":6,"key":"hexamod:DoubleChargePotion"},{"floor":8,"key":"Fruit Juice"},{"floor":8,"key":"SneckoOil"},{"floor":10,"key":"FairyPotion"}],"is_trial":false,"path_per_floor":["R","M","M","?","$","E","T","M","R","M","R","$","?","?","M","B"],"character_chosen":"THE_SPIRIT","items_purchased":["hexamod:FourthSeal","hexamod:AdvancingGuard"],"campfire_rested":2,"item_purchase_floors":[5,12],"current_hp_per_floor":[70,70,70,70,70,13,13,18,40,38,60,60,60,75,55,0,0,0],"gold":575,"neow_bonus":"THREE_ENEMY_KILL","is_daily":false,"chose_seed":false,"campfire_upgraded":1,"win_rate":0.0,"timestamp":1610528712,"path_taken":["R","M","M","?","$","E","T","?","R","M","R","?","?","?","M","BOSS"],"items_purchased_type":["Card","Card"],"build_version":"2020-12-22","purchased_purges":1,"victory":false,"max_hp_per_floor":[70,70,70,70,70,70,70,75,75,75,75,75,75,75,75,75,75,75],"card_choices":[{"not_picked":["hexamod:ChargedBarrage","hexamod:ShieldOfDarkness"],"picked":"hexamod:Firestarter","floor":2},{"not_picked":["hexamod:GhostLash","hexamod:SwordOfDarkness"],"picked":"hexamod:SecondSeal","floor":3},{"not_picked":["hexamod:SoulSteal","hexamod:Hexaguard"],"picked":"hexamod:GhostOfSpirePresent","floor":5},{"not_picked":["hexamod:SpectersWail","hexamod:UnleashSpirits"],"picked":"hexamod:RadiantFlame","floor":6},{"not_picked":["hexamod:ChargedBarrage","hexamod:SkipABeat"],"picked":"hexamod:HeatCrush","floor":8},{"not_picked":["hexamod:SwordOfDarkness","hexamod:AdvancingGuard"],"picked":"hexamod:FourthSeal","floor":10},{"not_picked":["hexamod:EtherealExpedition","hexamod:RecurringNightmare"],"picked":"hexamod:TimeWarp","floor":12},{"not_picked":["hexamod:SkipABeat","hexamod:Again"],"picked":"hexamod:GhostflameBarrier","floor":15}],"player_experience":71731,"relics_obtained":[{"floor":6,"key":"War Paint"},{"floor":7,"key":"Gremlin Horn"}],"event_choices":[{"cards_removed":["hexamod:Strike"],"damage_healed":0,"gold_gain":0,"player_choice":"Purged","damage_taken":0,"max_hp_gain":0,"max_hp_loss":0,"event_name":"Purifier","floor":4,"gold_loss":0}],"is_beta":false,"boss_relics":[],"items_purged_floors":[12],"is_endless":false,"potions_floor_spawned":[6,8,15],"killed_by":"downfall:Defect","ascension_level":0}}