{"host":"oi6p1guiqfwwvxym","time":1610515063,"event":{"mods":["BaseMod","Colored Map","Minty Spire (QoL Compilation)"],"gold_per_floor":[112,131,131,131,142,142,177,207,232,244,244,273,287,287,287,382,382,392,408,323,341,7,40,40,69,69,17,28,28,28,61,61,165,165,175,175,195,195,195,220,220,246,246,246,246,21,39,53,53,53],"floor_reached":51,"language":"ENG","playtime":3718,"items_purged":["Defend_B"],"score":836,"play_id":"b86d605f-f268-46cb-8941-a22846fb0724","local_time":"20210112211743","is_ascension_mode":true,"campfire_choices":[{"data":"Defragment","floor":6,"key":"SMITH"},{"data":"Sweeping Beam","floor":11,"key":"SMITH"},{"data":"Dualcast","floor":15,"key":"SMITH"},{"data":"Echo Form","floor":24,"key":"SMITH"},{"data":"Loop","floor":30,"key":"SMITH"},{"floor":32,"key":"REST"},{"floor":41,"key":"REST"},{"data":"Mayhem","floor":45,"key":"SMITH"},{"floor":49,"key":"REST"}],"circlet_count":0,"master_deck":["Defend_B","Defend_B","Defend_B","Zap","Dualcast+1","Rebound","Defragment+1","Leap","Streamline","Cold Snap","Rainbow","Fission+1","Force Field+1","Tempest+1","Conserve Battery","Beam Cell","Static Discharge","Mayhem+1","Echo Form+1","Skim","Loop+1","Amplify","Cold Snap+1","Coolheaded+1","Ball Lightning","Reboot+1","Capacitor","Glacier+1","Static Discharge+1"],"relics":["Cracked Core","NeowsBlessing","Thread and Needle","FossilizedHelix","Tiny Chest","Happy Flower","Toy Ornithopter","Astrolabe","Ornamental Fan","Dead Branch","Orichalcum","Singing Bowl","Lizard Tail","Cursed Key","Mercury Hourglass","Toxic Egg 2","Lantern"],"acts_visited":["Exordium","TheCity","TheBeyond"],"potions_floor_usage":[7,12,23,25,33,33,50],"damage_taken":[{"damage":0,"enemies":"Jaw Worm","floor":1,"turns":1},{"damage":0,"enemies":"2 Louse","floor":2,"turns":1},{"damage":0,"enemies":"Small Slimes","floor":5,"turns":1},{"damage":21,"enemies":"Gremlin Nob","floor":7,"turns":4},{"damage":0,"enemies":"Exordium Thugs","floor":10,"turns":4},{"damage":0,"enemies":"3 Sentries","floor":12,"turns":4},{"damage":0,"enemies":"3 Louse","floor":13,"turns":3},{"damage":11,"enemies":"Slime Boss","floor":16,"turns":10},{"damage":0,"enemies":"Spheric Guardian","floor":18,"turns":3},{"damage":0,"enemies":"2 Thieves","floor":19,"turns":3},{"damage":10,"enemies":"Shelled Parasite and Fungi","floor":21,"turns":5},{"damage":24,"enemies":"Gremlin Leader","floor":23,"turns":7},{"damage":8,"enemies":"Slavers","floor":25,"turns":4},{"damage":0,"enemies":"Chosen and Byrds","floor":28,"turns":4},{"damage":2,"enemies":"Book of Stabbing","floor":31,"turns":7},{"damage":0,"enemies":"Champ","floor":33,"turns":8},{"damage":0,"enemies":"Orb Walker","floor":35,"turns":4},{"damage":0,"enemies":"3 Shapes","floor":37,"turns":4},{"damage":49,"enemies":"Reptomancer","floor":40,"turns":6},{"damage":13,"enemies":"Giant Head","floor":42,"turns":8},{"damage":2,"enemies":"Spire Growth","floor":47,"turns":5},{"damage":0,"enemies":"Sphere and 2 Shapes","floor":48,"turns":5},{"damage":34,"enemies":"Awakened One","floor":50,"turns":12}],"seed_played":"3430360140285427665","potions_obtained":[{"floor":2,"key":"AttackPotion"},{"floor":7,"key":"SteroidPotion"},{"floor":12,"key":"FairyPotion"},{"floor":16,"key":"FocusPotion"},{"floor":18,"key":"Ancient Potion"},{"floor":19,"key":"Swift Potion"},{"floor":23,"key":"GamblersBrew"},{"floor":33,"key":"Regen Potion"},{"floor":35,"key":"Ancient Potion"},{"floor":47,"key":"Block Potion"}],"is_trial":false,"path_per_floor":["M","M","?","T","M","R","E","?","T","M","R","E","M","?","R","B",null,"M","M","?","M","$","E","R","E","T","$","M","?","R","E","R","B",null,"M","T","M","?","T","E","R","E","T","?","R","$","M","M","R","B",null],"character_chosen":"DEFECT","items_purchased":["Static Discharge","Mayhem","FocusPotion","Capacitor","Lantern"],"campfire_rested":3,"item_purchase_floors":[22,22,27,46,46],"current_hp_per_floor":[75,75,68,68,68,68,47,47,47,47,47,47,47,72,72,61,75,75,75,75,65,65,46,46,43,43,43,45,45,45,45,68,78,79,79,79,79,79,79,30,53,40,40,40,40,40,38,38,61,32],"gold":53,"neow_bonus":"THREE_ENEMY_KILL","is_daily":false,"chose_seed":false,"campfire_upgraded":6,"win_rate":0.0,"timestamp":1610515063,"path_taken":["M","M","?","?","M","R","E","?","T","M","R","E","M","?","R","BOSS","M","M","?","M","$","E","R","E","T","$","M","?","R","E","R","BOSS","M","?","M","?","?","E","R","E","T","?","R","$","M","M","R","BOSS"],"items_purchased_type":["Card","Card","Potion","Card","Relic"],"build_version":"2020-12-22","purchased_purges":1,"victory":true,"max_hp_per_floor":[75,75,75,75,75,75,75,75,75,75,75,75,75,75,75,75,75,75,75,75,75,75,75,75,75,75,75,77,77,77,79,79,79,79,79,79,79,79,79,79,79,79,79,79,79,79,79,79,79,79],"card_choices":[{"not_picked":["Stack","Steam","Heatsinks"],"picked":"SKIP","floor":1},{"not_picked":["Turbo","Hologram"],"picked":"Rebound","floor":2},{"not_picked":["Gash","Conserve Battery"],"picked":"Defragment","floor":5},{"not_picked":["Amplify","Tempest"],"picked":"Leap","floor":7},{"not_picked":["Capacitor","Storm"],"picked":"Sweeping Beam","floor":10},{"not_picked":["Hologram","Turbo"],"picked":"Streamline","floor":12},{"not_picked":["Aggregate","Double Energy"],"picked":"Cold Snap","floor":13},{"not_picked":["Seek","Thunder Strike"],"picked":"Rainbow","floor":16},{"not_picked":["Tempest","Self Repair"],"picked":"Conserve Battery","floor":18},{"not_picked":["Go for the Eyes","Redo","Darkness"],"picked":"SKIP","floor":19},{"not_picked":["Cold Snap","Turbo"],"picked":"Beam Cell","floor":21},{"not_picked":["Hologram","Reinforced Body"],"picked":"Echo Form","floor":23},{"not_picked":["Rip and Tear","Blizzard"],"picked":"Skim","floor":25},{"not_picked":["Conserve Battery","Barrage","Tempest"],"picked":"Singing Bowl","floor":28},{"not_picked":["Reprogram+1","Sunder","Gash"],"picked":"Singing Bowl","floor":31},{"not_picked":["Multi-Cast","Reboot"],"picked":"Amplify","floor":33},{"not_picked":["Lockon","Ball Lightning"],"picked":"Cold Snap+1","floor":35},{"not_picked":["Storm","Sweeping Beam+1"],"picked":"Coolheaded+1","floor":37},{"not_picked":["Leap","Rebound"],"picked":"Ball Lightning","floor":40},{"not_picked":["FTL+1","Double Energy+1"],"picked":"Reboot+1","floor":42},{"not_picked":["Steam+1","Leap+1"],"picked":"Glacier+1","floor":47},{"not_picked":["Steam+1","Ball Lightning+1"],"picked":"Static Discharge+1","floor":48}],"player_experience":360085,"relics_obtained":[{"floor":4,"key":"Thread and Needle"},{"floor":7,"key":"FossilizedHelix"},{"floor":9,"key":"Happy Flower"},{"floor":12,"key":"Toy Ornithopter"},{"floor":23,"key":"Dead Branch"},{"floor":25,"key":"Orichalcum"},{"floor":26,"key":"Singing Bowl"},{"floor":31,"key":"Lizard Tail"},{"floor":40,"key":"Mercury Hourglass"},{"floor":42,"key":"Toxic Egg 2"}],"event_choices":[{"cards_removed":["Strike_B"],"damage_healed":0,"gold_gain":0,"player_choice":"Card Removal","damage_taken":7,"max_hp_gain":0,"max_hp_loss":0,"event_name":"Golden Wing","floor":3,"gold_loss":0},{"damage_healed":0,"gold_gain":30,"player_choice":"Searched \u00272\u0027 times","damage_taken":0,"relics_obtained":["Tiny Chest"],"max_hp_gain":0,"max_hp_loss":0,"event_name":"Dead Adventurer","floor":8,"gold_loss":0},{"damage_healed":25,"gold_gain":0,"player_choice":"Banana","damage_taken":0,"max_hp_gain":0,"max_hp_loss":0,"event_name":"Big Fish","floor":14,"gold_loss":0},{"damage_healed":0,"gold_gain":0,"player_choice":"Obtained Relic","damage_taken":0,"relics_obtained":["Ornamental Fan"],"max_hp_gain":0,"max_hp_loss":0,"event_name":"Addict","floor":20,"gold_loss":85},{"damage_healed":0,"gold_gain":0,"player_choice":"Read","damage_taken":0,"max_hp_gain":0,"max_hp_loss":0,"event_name":"The Library","floor":29,"gold_loss":0,"cards_obtained":["Loop"]},{"cards_removed":["Sweeping Beam"],"damage_healed":0,"gold_gain":0,"player_choice":"Removed Attack","damage_taken":0,"max_hp_gain":0,"max_hp_loss":0,"event_name":"Falling","floor":38,"gold_loss":0},{"damage_healed":0,"gold_gain":0,"player_choice":"Bought 0 Potions","damage_taken":0,"max_hp_gain":0,"max_hp_loss":0,"event_name":"The Woman in Blue","floor":44,"gold_loss":0}],"is_beta":false,"boss_relics":[{"not_picked":["Ectoplasm","Empty Cage"],"picked":"Astrolabe"},{"not_picked":["Runic Pyramid","Nuclear Battery"],"picked":"Cursed Key"}],"items_purged_floors":[22],"is_endless":false,"potions_floor_spawned":[2,7,12,16,18,19,23,33,35,47],"ascension_level":1}}