{"host":"dl7h25vjpuplx29g","time":1610557902,"event":{"mods":["BaseMod","Colored Map","Minty Spire (QoL Compilation)"],"gold_per_floor":[19,19,34,34,6,40,40,54,105,148,148,189,205,223,223,316,316,330,369,76,94,94,132,155,155,155,55,55,55,96,96,96,190,190,215,115,139,19,34,34,34],"floor_reached":40,"playtime":2342,"items_purged":["Strike_B","Strike_B","Writhe","Strike_B"],"score":886,"play_id":"f7c359f3-7344-4b92-ac45-2a5451f2098b","local_time":"20210114021142","is_ascension_mode":true,"campfire_choices":[{"data":"Hyperbeam","floor":7.0,"key":"SMITH"},{"data":"Hologram","floor":11.0,"key":"SMITH"},{"data":"Creative AI","floor":15.0,"key":"SMITH"},{"data":"Beam Cell","floor":25.0,"key":"SMITH"},{"data":"Barrage","floor":28.0,"key":"SMITH"},{"data":"Turbo","floor":32.0,"key":"SMITH"}],"circlet_count":0,"master_deck":["AscendersBane","Defend_B","Defend_B","Defend_B","Defend_B","Rebound","Hyperbeam+1","Barrage+1","Leap","Seek","Hologram+1","Turbo+1","Leap+1","Creative AI+1","Turbo+1","Meteor Strike","Conserve Battery+1","Conserve Battery+1","Hologram+1","Hologram+1","Self Repair","Darkness+1","Beam Cell+1","Rebound+1","Stack+1","Echo Form+1","Leap+1"],"relics":["Cracked Core","Pocketwatch","Golden Idol","Art of War","Bag of Preparation","CaptainsWheel","Toxic Egg 2","Velvet Choker","Red Mask","ClockworkSouvenir","Frozen Egg 2","Bottled Flame","StrikeDummy","The Courier","WingedGreaves","Inserter"],"acts_visited":["Exordium","TheCity","TheBeyond"],"potions_floor_usage":[],"damage_taken":[{"damage":4.0,"enemies":"Jaw Worm","floor":1.0,"turns":4.0},{"damage":0.0,"enemies":"Small Slimes","floor":3.0,"turns":1.0},{"damage":16.0,"enemies":"Lagavulin","floor":6.0,"turns":7.0},{"damage":0.0,"enemies":"2 Louse","floor":8.0,"turns":1.0},{"damage":8.0,"enemies":"Gremlin Nob","floor":10.0,"turns":3.0},{"damage":5.0,"enemies":"3 Sentries","floor":12.0,"turns":3.0},{"damage":0.0,"enemies":"Exordium Wildlife","floor":13.0,"turns":1.0},{"damage":0.0,"enemies":"3 Louse","floor":14.0,"turns":2.0},{"damage":23.0,"enemies":"Hexaghost","floor":16.0,"turns":9.0},{"damage":16.0,"enemies":"Shell Parasite","floor":18.0,"turns":3.0},{"damage":0.0,"enemies":"Masked Bandits","floor":19.0,"turns":2.0},{"damage":0.0,"enemies":"3 Byrds","floor":21.0,"turns":2.0},{"damage":0.0,"enemies":"Slavers","floor":23.0,"turns":1.0},{"damage":6.0,"enemies":"Snake Plant","floor":24.0,"turns":2.0},{"damage":0.0,"enemies":"Gremlin Leader","floor":30.0,"turns":3.0},{"damage":15.0,"enemies":"Champ","floor":33.0,"turns":13.0},{"damage":3.0,"enemies":"3 Darklings","floor":35.0,"turns":2.0},{"damage":3.0,"enemies":"Orb Walker","floor":37.0,"turns":2.0},{"damage":0.0,"enemies":"4 Shapes","floor":39.0,"turns":2.0},{"damage":82,"enemies":"Giant Head","floor":40,"turns":8}],"seed_played":"-5330037427573530206","potions_obtained":[{"floor":3.0,"key":"Weak Potion"},{"floor":8.0,"key":"ColorlessPotion"},{"floor":16.0,"key":"SkillPotion"},{"floor":23.0,"key":"ColorlessPotion"},{"floor":33.0,"key":"PotionOfCapacity"},{"floor":35.0,"key":"BlessingOfTheForge"}],"is_trial":false,"path_per_floor":["M","?","M","?","$","E","R","M","T","E","R","E","M","M","R","B",null,"M","?","$","M","?","E","M","R","T","$","R","?","E","T","R","B",null,"M","$","M","$","M","E"],"character_chosen":"DEFECT","items_purchased":["Leap","ClockworkSouvenir","Hologram+1"],"campfire_rested":0,"item_purchase_floors":[5,20,20],"current_hp_per_floor":[60,60,60,60,60,44,44,44,44,36,36,31,31,31,31,8,50,34,34,34,34,34,34,35,35,35,35,35,35,42,42,42,34,57,54,54,51,51,51,0,0],"gold":34,"neow_bonus":"ONE_RARE_RELIC","is_daily":false,"chose_seed":false,"campfire_upgraded":6,"win_rate":0.0,"timestamp":1610557902,"path_taken":["M","?","M","?","$","E","R","M","T","E","R","E","M","M","R","BOSS","M","?","$","M","?","E","M","R","T","?","R","?","E","?","R","BOSS","M","$","M","$","M","E"],"items_purchased_type":["Card","Relic","Card"],"build_version":"2020-12-22","purchased_purges":4,"victory":false,"max_hp_per_floor":[71,71,71,64,64,64,64,64,64,64,64,64,64,64,64,64,64,64,64,64,64,64,64,64,64,64,64,64,64,64,64,64,64,64,64,64,64,64,64,64,64],"card_choices":[{"not_picked":["Gash","Redo"],"picked":"Rebound","floor":1.0},{"not_picked":["Coolheaded","Ball Lightning"],"picked":"Barrage","floor":3.0},{"not_picked":["Go for the Eyes","Stack"],"picked":"Seek","floor":6.0},{"not_picked":["Rebound","Glacier"],"picked":"Hologram","floor":8.0},{"not_picked":["Barrage","Coolheaded"],"picked":"Turbo","floor":10.0},{"not_picked":["BootSequence+1","Rebound"],"picked":"Leap+1","floor":12.0},{"not_picked":["Consume+1","Ball Lightning"],"picked":"Creative AI","floor":13.0},{"not_picked":["Defragment","Rebound"],"picked":"Turbo+1","floor":14.0},{"not_picked":["Electrodynamics","Biased Cognition"],"picked":"Meteor Strike","floor":16.0},{"not_picked":["Scrape","Cold Snap"],"picked":"Conserve Battery+1","floor":18.0},{"not_picked":["Leap+1","Static Discharge"],"picked":"Conserve Battery+1","floor":19.0},{"not_picked":["Rebound","Conserve Battery+1"],"picked":"Hologram+1","floor":21.0},{"not_picked":["Sunder","Darkness+1"],"picked":"Beam Cell","floor":23.0},{"not_picked":["Consume+1","Heatsinks+1"],"picked":"Rebound+1","floor":24.0},{"not_picked":["Defragment+1","Barrage"],"picked":"Stack+1","floor":30.0},{"not_picked":["Rainbow+1","Multi-Cast+1"],"picked":"Echo Form+1","floor":33.0},{"not_picked":["Defragment+1","Glacier+1","Hologram+1"],"picked":"SKIP","floor":35.0},{"not_picked":["Turbo+1","Rebound+1","Self Repair+1"],"picked":"SKIP","floor":37.0},{"not_picked":["Aggregate+1","Sweeping Beam"],"picked":"Leap+1","floor":39.0}],"player_experience":1625583,"relics_obtained":[{"floor":6.0,"key":"Art of War"},{"floor":9.0,"key":"Bag of Preparation"},{"floor":10.0,"key":"CaptainsWheel"},{"floor":12.0,"key":"Toxic Egg 2"},{"floor":19.0,"key":"Red Mask"},{"floor":23.0,"key":"Frozen Egg 2"},{"floor":26.0,"key":"Bottled Flame"},{"floor":30.0,"key":"The Courier"},{"floor":31.0,"key":"WingedGreaves"}],"event_choices":[{"damage_healed":0.0,"max_hp_gain":0.0,"max_hp_loss":0.0,"gold_gain":0.0,"cards_transformed":["Strike_B"],"event_name":"Living Wall","player_choice":"Change","floor":2.0,"gold_loss":0.0,"damage_taken":0.0,"cards_obtained":["Hyperbeam"]},{"damage_healed":0.0,"max_hp_gain":0.0,"max_hp_loss":7.0,"gold_gain":0.0,"event_name":"Golden Idol","player_choice":"Lose Max HP","floor":4.0,"gold_loss":0.0,"damage_taken":0.0,"relics_obtained":["Golden Idol"]},{"damage_healed":0.0,"max_hp_gain":0.0,"max_hp_loss":0.0,"gold_gain":0.0,"event_name":"Masked Bandits","player_choice":"Fought Bandits","floor":19.0,"gold_loss":0.0,"damage_taken":0.0},{"damage_healed":0.0,"max_hp_gain":0.0,"max_hp_loss":0.0,"gold_gain":0.0,"cards_transformed":["Zap","Dualcast"],"event_name":"Drug Dealer","player_choice":"Became Test Subject","floor":22.0,"gold_loss":0.0,"damage_taken":0.0,"cards_obtained":["Self Repair","Darkness"]},{"damage_healed":0.0,"max_hp_gain":0.0,"max_hp_loss":0.0,"gold_gain":0.0,"event_name":"The Mausoleum","player_choice":"Opened","floor":29.0,"gold_loss":0.0,"damage_taken":0.0,"relics_obtained":["StrikeDummy"],"cards_obtained":["Writhe"]}],"is_beta":false,"boss_relics":[{"not_picked":["FrozenCore","Runic Dome"],"picked":"Velvet Choker"},{"not_picked":["Calling Bell","Cursed Key"],"picked":"Inserter"}],"items_purged_floors":[20,27,36,38],"is_endless":false,"potions_floor_spawned":[3,8,16,23,24,30,33,35],"killed_by":"Giant Head","ascension_level":16}}