{"host":"Qube","time":1610510343,"event":{"mods":["AchievementEnabler","BaseMod","Colored Map","Colored Powertips","Minty Spire (QoL Compilation)","Quick Restart","Random Character Button","StSLib"],"gold_per_floor":[99,99,99,99,99,99,99,99,99,99,99,99,59,59,59],"floor_reached":14,"language":"ENG","playtime":595,"items_purged":[],"score":212,"play_id":"5e34ad67-9620-4ac5-a26c-f912bb1029cd","local_time":"20210112195903","is_ascension_mode":true,"campfire_choices":[{"data":"Bludgeon","floor":6.0,"key":"SMITH"},{"floor":8.0,"key":"REST"}],"circlet_count":0,"master_deck":["AscendersBane","Strike_R","Strike_R","Strike_R","Strike_R","Strike_R","Defend_R","Defend_R","Defend_R","Defend_R","Bash","Pommel Strike","Pommel Strike","Uppercut","Bludgeon+1","Bloodletting","Warcry+1","Armaments+1","Entrench+1","Fire Breathing","Rage+1"],"relics":["Ectoplasm","Toxic Egg 2","Matryoshka","HornCleat"],"acts_visited":["Exordium"],"potions_floor_usage":[],"damage_taken":[{"damage":2.0,"enemies":"Cultist","floor":1.0,"turns":4.0},{"damage":2.0,"enemies":"Small Slimes","floor":2.0,"turns":3.0},{"damage":2.0,"enemies":"Jaw Worm","floor":3.0,"turns":3.0},{"damage":10.0,"enemies":"3 Louse","floor":4.0,"turns":4.0},{"damage":8.0,"enemies":"Blue Slaver","floor":5.0,"turns":3.0},{"damage":10.0,"enemies":"3 Sentries","floor":7.0,"turns":5.0},{"damage":9.0,"enemies":"Lots of Slimes","floor":10.0,"turns":4.0},{"damage":15.0,"enemies":"Lagavulin","floor":11.0,"turns":5.0},{"damage":0.0,"enemies":"2 Fungi Beasts","floor":12.0,"turns":3.0},{"damage":11.0,"enemies":"Exordium Thugs","floor":13.0,"turns":3.0},{"damage":23,"enemies":"Gremlin Nob","floor":14,"turns":3}],"seed_played":"8566938523385648214","potions_obtained":[{"floor":2.0,"key":"Explosive Potion"},{"floor":10.0,"key":"FearPotion"}],"is_trial":false,"path_per_floor":["M","M","M","M","M","R","E","R","T","M","E","M","M","E"],"character_chosen":"IRONCLAD","items_purchased":[],"campfire_rested":1,"item_purchase_floors":[],"current_hp_per_floor":[66,64,62,52,44,44,34,56,56,47,32,32,21,0,0],"gold":59,"neow_bonus":"BOSS_RELIC","is_daily":false,"chose_seed":false,"campfire_upgraded":1,"win_rate":0.0,"timestamp":1610510343,"path_taken":["M","M","M","?","?","R","E","R","T","M","E","M","?","E"],"items_purchased_type":[],"build_version":"2020-12-18","purchased_purges":0,"victory":false,"max_hp_per_floor":[75,75,75,75,75,75,75,75,75,75,75,75,75,75,75],"card_choices":[{"not_picked":["Carnage","Shrug It Off"],"picked":"Pommel Strike","floor":1.0},{"not_picked":["Combust","True Grit"],"picked":"Pommel Strike","floor":2.0},{"not_picked":["Carnage","Reckless Charge"],"picked":"Uppercut","floor":3.0},{"not_picked":["Disarm","Burning Pact"],"picked":"Bludgeon","floor":4.0},{"not_picked":["Clash","Entrench"],"picked":"Bloodletting","floor":5.0},{"not_picked":["Limit Break+1","Clothesline"],"picked":"Warcry+1","floor":7.0},{"not_picked":["Anger","Intimidate+1"],"picked":"Armaments+1","floor":10.0},{"not_picked":["Combust","Pommel Strike"],"picked":"Entrench+1","floor":11.0},{"not_picked":["Reckless Charge","Flex+1"],"picked":"Fire Breathing","floor":12.0},{"not_picked":["Twin Strike","Dark Embrace"],"picked":"Rage+1","floor":13.0}],"player_experience":887414,"relics_obtained":[{"floor":7.0,"key":"Toxic Egg 2"},{"floor":9.0,"key":"Matryoshka"},{"floor":11.0,"key":"HornCleat"}],"event_choices":[],"is_beta":true,"boss_relics":[],"items_purged_floors":[],"is_endless":false,"potions_floor_spawned":[2,10],"killed_by":"Gremlin Nob","ascension_level":20}}