{"host":"22s5scuj7mu87reg","time":1610555921,"event":{"mods":["BaseMod","Colored Powertips","Dota2Spire","Downfall","Duelist Mod","GungeonMod","Halation","Hubris","Koishi","KomeijiMod","Minty Spire (QoL Compilation)","Replay The Spire","StSLib","SuperFastMode","The Jungle","The Mystic","The Necromancer","Wandering Minibosses"],"gold_per_floor":[143,143,157,6,6,41,59,89,136,156,156,156,173,185,185,288,288,307,307,307,406,406,440,440,453,506,517,517,517,517,531,531,635,635,646,646,646,646,696,727,741,760,807,824,824,835,854,854,854,854],"floor_reached":51,"language":"POL","playtime":3342,"items_purged":[],"score":832,"play_id":"6c131bd2-49c3-4d75-b7db-9b08e8a3505a","local_time":"20210113173841","daily_mods":["Specialized","Vintage","downfall:WorldOfGoo"],"is_ascension_mode":false,"campfire_choices":[{"floor":11,"key":"REST"},{"floor":15,"key":"REST"},{"floor":24,"key":"REST"},{"floor":32,"key":"REST"},{"floor":49,"key":"DIG"}],"circlet_count":0,"master_deck":["theDuelist:StormSparks","theDuelist:Sparks","theDuelist:Sparks","theDuelist:NaturiaTulip+1","theDuelist:NaturiaRock+1","theDuelist:NaturiaCliff+1","theDuelist:NaturiaBeast+1","theDuelist:CastleWalls","theDuelist:CastleWalls","theDuelist:CastleWalls","theDuelist:GracefulCharity","theDuelist:GracefulCharity","theDuelist:GracefulCharity","theDuelist:GracefulCharity+1","theDuelist:GracefulCharity","theDuelist:NaturiaMarron+1","theDuelist:NaturiaHorneedle","theDuelist:NaturiaHorneedle","theDuelist:MultiplicationOfAnts","theDuelist:NaturiaSacredTree","theDuelist:NaturiaRosewhip+1"],"relics":["theDuelist:MillenniumPuzzle","theDuelist:CardPoolRelic","theDuelist:CardPoolBasicRelic","theDuelist:SpellMaxHPRelic","hubris:Icosahedron","hubris:ToyBattleship","theDuelist:MillenniumStone","DemoMod:LamentConfigurum","DemoMod:ChaffGrenade","Mummified Hand","halation:Toothbrush","Omamori","Gremlin Food","Blue Candle","hubris:TenFootPole","Ooze Armor","DemoMod:BlueGuonStone","Orichalcum","theDuelist:CardRewardRelicH","Shuriken","Simple Rune","Dota2Spire:DrumOfEndurance","Letter Opener","MutagenicStrength","DemoMod:SerJunkan","theDuelist:MillenniumKey","wanderingMiniBosses:CarrionFlame","FossilizedHelix","Replay:Kaleidoscope","DemoMod:GlassGuonStoneRelic","Dota2Spire:PhaseBoots","DemoMod:Junk"],"acts_visited":["Exordium","TheCity","TheBeyond"],"potions_floor_usage":[33,40],"damage_taken":[{"damage":17,"enemies":"Jaw Worm","floor":1,"turns":4},{"damage":0,"enemies":"2 Louse","floor":3,"turns":3},{"damage":10,"enemies":"Gremlin Nob","floor":6,"turns":4},{"damage":1,"enemies":"Small Slimes","floor":7,"turns":3},{"damage":32,"enemies":"Lagavulin","floor":8,"turns":10},{"damage":0,"enemies":"Looter","floor":10,"turns":2},{"damage":0,"enemies":"2 Fungi Beasts","floor":13,"turns":2},{"damage":0,"enemies":"Large Slime","floor":14,"turns":3},{"damage":7,"enemies":"Fading Forest","floor":16,"turns":11},{"damage":7,"enemies":"Shell Parasite","floor":18,"turns":4},{"damage":7,"enemies":"Gremlin Leader","floor":23,"turns":7},{"damage":2,"enemies":"Spheric Guardian","floor":25,"turns":8},{"damage":7,"enemies":"Shelled Parasite and Fungi","floor":27,"turns":4},{"damage":0,"enemies":"Snake Plant","floor":31,"turns":3},{"damage":37,"enemies":"hubris:MusketHawk","floor":33,"turns":7},{"damage":5,"enemies":"Orb Walker","floor":35,"turns":7},{"damage":0,"enemies":"Mind Bloom Boss Battle","floor":39,"turns":6},{"damage":24,"enemies":"Giant Head","floor":40,"turns":10},{"damage":0,"enemies":"3 Darklings","floor":41,"turns":2},{"damage":0,"enemies":"Sphere and 2 Shapes","floor":42,"turns":3},{"damage":0,"enemies":"Spire Growth","floor":44,"turns":3},{"damage":0,"enemies":"Transient","floor":46,"turns":5},{"damage":0,"enemies":"3 Darklings","floor":47,"turns":2},{"damage":0,"enemies":"Awakened One","floor":50,"turns":5}],"seed_played":"5849469382232482434","potions_obtained":[{"floor":1,"key":"theDuelist:TokenPotionB"},{"floor":10,"key":"champ:CounterPotion"},{"floor":14,"key":"FearPotion"},{"floor":18,"key":"theDuelist:TokenPotionB"},{"floor":39,"key":"Energy Potion"},{"floor":41,"key":"theDuelist:StunPotion"}],"is_trial":true,"path_per_floor":["M","?","M","$","?","E","M","E","T","M","R","?","M","M","R","B",null,"M","?","?","?","$","E","R","M","T","M","?","$","?","M","R","B",null,"M","?","$","?","?","E","M","M","T","M","?","M","M","?","R","B",null],"character_chosen":"THE_DUELIST","items_purchased":["theDuelist:MillenniumStone","theDuelist:CardRewardRelicH"],"campfire_rested":4,"item_purchase_floors":[4,22],"current_hp_per_floor":[63,63,63,59,59,49,48,16,16,16,33,33,33,33,50,43,59,52,50,50,50,50,43,62,60,60,53,53,53,53,53,64,28,65,60,60,60,62,63,39,39,39,39,39,39,39,39,39,39,39],"gold":854,"neow_bonus":"","is_daily":false,"chose_seed":true,"campfire_upgraded":0,"win_rate":0.0,"timestamp":1610555921,"path_taken":["M","?","M","$","?","E","M","E","T","M","R","?","M","M","R","BOSS","M","?","?","?","$","E","R","M","T","?","?","$","?","M","R","BOSS","M","?","$","?","?","E","M","M","T","M","?","?","M","?","R","BOSS"],"items_purchased_type":["Relic","Relic"],"build_version":"2020-12-13","purchased_purges":0,"victory":true,"max_hp_per_floor":[80,80,80,59,59,59,59,59,59,59,59,59,59,59,59,59,59,59,64,64,64,64,64,64,64,64,64,64,64,64,64,64,65,65,65,62,62,62,63,63,63,63,63,63,63,63,63,63,63,63],"card_choices":[{"not_picked":["theDuelist:NaturiaRosewhip","theDuelist:NaturiaMantis","theDuelist:NaturiaEggplant"],"picked":"SKIP","floor":6},{"not_picked":["theDuelist:NatureReflection","theDuelist:LairWire"],"picked":"theDuelist:NaturiaMarron","floor":8},{"not_picked":["theDuelist:HeartUnderdog","theDuelist:SeismicShockwave"],"picked":"theDuelist:NaturiaHorneedle","floor":16},{"not_picked":["theDuelist:NaturiaLandoise","theDuelist:NaturiaPumpkin","theDuelist:NaturiaCliff+1"],"picked":"SKIP","floor":23},{"not_picked":["theDuelist:HeartUnderdog","theDuelist:ClosedForest"],"picked":"theDuelist:MultiplicationOfAnts","floor":33},{"not_picked":["theDuelist:NaturiaDragonfly+1","theDuelist:SummoningSwarm+1"],"picked":"theDuelist:NaturiaSacredTree","floor":39},{"not_picked":["theDuelist:NaturiaRagweed+1","theDuelist:DemiseLand"],"picked":"theDuelist:NaturiaRosewhip+1","floor":40}],"player_experience":88066,"relics_obtained":[{"floor":1,"key":"theDuelist:SpellMaxHPRelic"},{"floor":3,"key":"hubris:ToyBattleship"},{"floor":6,"key":"DemoMod:LamentConfigurum"},{"floor":7,"key":"DemoMod:ChaffGrenade"},{"floor":8,"key":"halation:Toothbrush"},{"floor":9,"key":"Omamori"},{"floor":10,"key":"Gremlin Food"},{"floor":13,"key":"Blue Candle"},{"floor":14,"key":"hubris:TenFootPole"},{"floor":18,"key":"DemoMod:BlueGuonStone"},{"floor":23,"key":"Shuriken"},{"floor":25,"key":"Simple Rune"},{"floor":26,"key":"Dota2Spire:DrumOfEndurance"},{"floor":27,"key":"Letter Opener"},{"floor":31,"key":"DemoMod:SerJunkan"},{"floor":35,"key":"wanderingMiniBosses:CarrionFlame"},{"floor":35,"key":"FossilizedHelix"},{"floor":39,"key":"Replay:Kaleidoscope"},{"floor":40,"key":"Dota2Spire:PhaseBoots"},{"floor":41,"key":"DemoMod:Junk"},{"floor":42,"key":"DemoMod:Junk"},{"floor":43,"key":"DemoMod:Junk"},{"floor":44,"key":"DemoMod:Junk"},{"floor":46,"key":"DemoMod:Junk"},{"floor":47,"key":"DemoMod:Junk"},{"floor":49,"key":"DemoMod:Junk"}],"event_choices":[{"damage_healed":0,"gold_gain":0,"player_choice":"Ignored","damage_taken":0,"max_hp_gain":0,"max_hp_loss":0,"event_name":"Liars Game","floor":12,"gold_loss":0},{"damage_healed":0,"gold_gain":0,"player_choice":"Shed Blood","damage_taken":15,"max_hp_gain":5,"max_hp_loss":0,"event_name":"Forgotten Altar","floor":19,"gold_loss":0},{"damage_healed":0,"gold_gain":0,"player_choice":"Opened","damage_taken":0,"relics_obtained":["Orichalcum"],"max_hp_gain":0,"max_hp_loss":0,"event_name":"The Mausoleum","floor":20,"gold_loss":0,"cards_obtained":["Writhe"]},{"damage_healed":0,"gold_gain":99,"player_choice":"Stole From Cult","damage_taken":0,"max_hp_gain":0,"max_hp_loss":0,"event_name":"Nest","floor":21,"gold_loss":0},{"damage_healed":0,"gold_gain":0,"player_choice":"Inject Mutagens","damage_taken":0,"relics_obtained":["MutagenicStrength"],"max_hp_gain":0,"max_hp_loss":0,"event_name":"Drug Dealer","floor":28,"gold_loss":0},{"damage_healed":0,"gold_gain":0,"player_choice":"Ignored","damage_taken":0,"max_hp_gain":0,"max_hp_loss":0,"event_name":"Ghosts","floor":30,"gold_loss":0},{"damage_healed":0,"gold_gain":0,"player_choice":"Max HP","damage_taken":0,"max_hp_gain":0,"max_hp_loss":3,"event_name":"Winding Halls","floor":36,"gold_loss":0},{"damage_healed":0,"gold_gain":0,"player_choice":"Fight","damage_taken":0,"max_hp_gain":0,"max_hp_loss":0,"event_name":"MindBloom","floor":39,"gold_loss":0},{"damage_healed":0,"gold_gain":0,"player_choice":"Ignored","damage_taken":0,"max_hp_gain":0,"max_hp_loss":0,"event_name":"Golden Shrine","floor":45,"gold_loss":0},{"damage_healed":0,"gold_gain":0,"player_choice":"0 cards matched","damage_taken":0,"max_hp_gain":0,"max_hp_loss":0,"event_name":"Match and Keep!","floor":48,"gold_loss":0,"cards_obtained":[]}],"is_beta":false,"boss_relics":[{"not_picked":["theDuelist:HauntedRelic","Dota2Spire:RefresherOrb"],"picked":"Ooze Armor"},{"not_picked":["Coffee Dripper","halation:LoveArrow"],"picked":"theDuelist:MillenniumKey"}],"items_purged_floors":[],"is_endless":false,"potions_floor_spawned":[1,10,14,18,23,31,39,41,46,47],"ascension_level":0}}