{"host":"uiaocagxbjlinul0","time":1610567838,"event":{"mods":["100% Spire Juice","Act Like it!","BaseMod","Better Match","Block Reminder","CapriCore","ChefMod","Downfall","GifTheSpireLib","Hallownest","Hermit","Minty Spire (QoL Compilation)","Quick Restart","StSLib","Stuff the Spire","The Animator","The Bug Knight","The Marked","The Runesmith","The Spell Scribe","TheSwordswoman","Wandering Minibosses"],"gold_per_floor":[114,114,114,134,134,152,152,44,67,94,44,63,94,109,109,209,209,223,103,120,0,15,15,15,15],"floor_reached":24,"language":"ENG","playtime":1015,"items_purged":[],"score":233,"play_id":"07035b43-52ca-41a7-a3af-80d9ac047ddc","local_time":"20210113115718","is_ascension_mode":false,"campfire_choices":[{"floor":15,"key":"REST"},{"floor":23,"key":"REST"}],"circlet_count":0,"master_deck":["Moonworks:Strike+1","Moonworks:Defend","Moonworks:Defend+1","Moonworks:Defend","Moonworks:Ambush","Moonworks:LongDistanceShot","Metamorphosis","Moonworks:BackdoorTrade","Moonworks:Bloodlust","Moonworks:CloudOfSeagulls","Moonworks:StiffCrystal+1","Moonworks:MeltingMemories","Moonworks:FullSpeedAlicianrone","Moonworks:AnotherUltimateWeapon","Moonworks:BeyondHell+1","Moonworks:SakisCookie+1","Moonworks:TacticalRetreat+1","Moonworks:EvilSpyWorkPreparation+1","Moonworks:BackdoorTrade+1","Moonworks:TreasureThief+1"],"relics":["Moonworks:BrokenBomb","Moonworks:Homemark","Toxic Egg 2","StuffTheSpire:Gunfinga","Lantern","StuffTheSpire:GrapeVine","Astrolabe"],"acts_visited":["Exordium","TheCity"],"potions_floor_usage":[13,14,16,24],"damage_taken":[{"damage":1,"enemies":"Cultist","floor":1,"turns":3},{"damage":0,"enemies":"2 Louse","floor":4,"turns":3},{"damage":8,"enemies":"Jaw Worm","floor":6,"turns":5},{"damage":9,"enemies":"Looter","floor":8,"turns":4},{"damage":17,"enemies":"Lagavulin","floor":10,"turns":6},{"damage":9,"enemies":"Exordium Wildlife","floor":12,"turns":3},{"damage":30,"enemies":"HollowMod:MossKnight","floor":13,"turns":9},{"damage":6,"enemies":"Exordium Thugs","floor":14,"turns":4},{"damage":32,"enemies":"Slime Boss","floor":16,"turns":6},{"damage":36,"enemies":"Spheric Guardian","floor":18,"turns":6},{"damage":22,"enemies":"2 Thieves","floor":20,"turns":4},{"damage":4,"enemies":"Centurion and Healer","floor":22,"turns":3},{"damage":30,"enemies":"Gremlin Leader","floor":24,"turns":2}],"seed_played":"-35999953840227312","potions_obtained":[{"floor":10,"key":"SteroidPotion"},{"floor":13,"key":"SkillPotion"},{"floor":14,"key":"DuplicationPotion"},{"floor":18,"key":"SpeedPotion"}],"is_trial":false,"path_per_floor":["M","?","?","M","?","M","T","M","T","E","?","M","E","M","R","B",null,"M","?","M","?","M","R","E"],"character_chosen":"THE_STARBREAKER","items_purchased":[],"campfire_rested":2,"item_purchase_floors":[],"current_hp_per_floor":[53,42,42,42,54,46,46,41,41,38,38,29,13,15,31,13,54,32,32,13,13,12,28,0,0],"gold":15,"neow_bonus":"RANDOM_COLORLESS_2","is_daily":false,"chose_seed":false,"campfire_upgraded":0,"win_rate":0.0,"timestamp":1610567838,"path_taken":["M","?","?","?","?","M","?","?","T","E","?","M","E","M","R","BOSS","M","?","?","?","M","R","E"],"items_purchased_type":[],"build_version":"2020-12-22","purchased_purges":0,"victory":false,"max_hp_per_floor":[54,54,54,54,54,54,54,54,54,54,54,54,54,54,54,54,54,54,54,54,54,54,54,54,54],"card_choices":[{"not_picked":["The Bomb","HandOfGreed"],"picked":"Metamorphosis","floor":0},{"not_picked":["Moonworks:IndiscriminateFireSupport","Moonworks:RedAndBlue","Moonworks:ImOnFire"],"picked":"SKIP","floor":1},{"not_picked":["Moonworks:MixPhenomenon","Moonworks:IndiscriminateFireSupport"],"picked":"Moonworks:BackdoorTrade","floor":4},{"not_picked":["Moonworks:FullSpeedAlicianrone","Moonworks:CloudOfSeagulls"],"picked":"Moonworks:Bloodlust","floor":6},{"not_picked":["Moonworks:SealedMemories+1","Moonworks:DeployBits+1","Moonworks:Assault"],"picked":"SKIP","floor":8},{"not_picked":["Moonworks:CompletionReward","Moonworks:MixPhenomenon+1"],"picked":"Moonworks:CloudOfSeagulls","floor":10},{"not_picked":["Moonworks:BigMagnum+1","Moonworks:RedAndBlue+1"],"picked":"Moonworks:StiffCrystal+1","floor":12},{"not_picked":["Moonworks:TacticalRetreat+1","Moonworks:JonathanRush"],"picked":"Moonworks:MeltingMemories","floor":13},{"not_picked":["Moonworks:CastOff+1","Moonworks:CloudOfSeagulls"],"picked":"Moonworks:FullSpeedAlicianrone","floor":14},{"not_picked":["Moonworks:SubspaceTunnel+1","Moonworks:ShieldCounter+1"],"picked":"Moonworks:AnotherUltimateWeapon","floor":16},{"not_picked":["Moonworks:SakisCookie+1","Moonworks:ImOnFire+1"],"picked":"Moonworks:EvilSpyWorkPreparation+1","floor":18},{"not_picked":["Moonworks:Assault","Moonworks:BigMagnum+1","Moonworks:ImOnFire+1"],"picked":"SKIP","floor":20},{"not_picked":["Moonworks:BigMagnum+1","Moonworks:NicePresent+1"],"picked":"Moonworks:TreasureThief+1","floor":22}],"player_experience":152506,"relics_obtained":[{"floor":7,"key":"Toxic Egg 2"},{"floor":9,"key":"StuffTheSpire:Gunfinga"},{"floor":10,"key":"Lantern"},{"floor":13,"key":"StuffTheSpire:GrapeVine"}],"event_choices":[{"damage_healed":0,"gold_gain":0,"player_choice":"Entered Light","damage_taken":11,"max_hp_gain":0,"max_hp_loss":0,"event_name":"Shining Light","floor":2,"gold_loss":0,"cards_upgraded":["Moonworks:Defend","Moonworks:Strike"]},{"damage_healed":0,"gold_gain":0,"player_choice":"Ignored","damage_taken":0,"max_hp_gain":0,"max_hp_loss":0,"event_name":"Liars Game","floor":3,"gold_loss":0},{"cards_removed":["Moonworks:Strike"],"damage_healed":0,"gold_gain":0,"player_choice":"Card Removal","damage_taken":0,"max_hp_gain":0,"max_hp_loss":0,"event_name":"The Cleric","floor":11,"gold_loss":50},{"damage_healed":0,"gold_gain":0,"player_choice":"Copied","damage_taken":0,"max_hp_gain":0,"max_hp_loss":0,"event_name":"Duplicator","floor":19,"gold_loss":0,"cards_obtained":["Moonworks:BackdoorTrade"]}],"is_beta":false,"boss_relics":[{"not_picked":["Black Star","Runesmith:UraniumAnvil"],"picked":"Astrolabe"}],"items_purged_floors":[],"is_endless":false,"potions_floor_spawned":[10,13,14,18],"killed_by":"Gremlin Leader","ascension_level":0}}