{"host":"9eojso4kl4lidi9b","time":1610512961,"event":{"mods":["BaseMod","Beaked The Cultist","Better Skull","Colored Map","Colored Powertips","Conspire","Downfall","GifTheSpireLib","Minty Spire (QoL Compilation)","Random Character Button","Relic Sorter","Replay The Spire","Small Relic Pack","StSLib","Stuff the Spire","The Blackbeard","The Druid","The Factory","The Judge","The Necromancer","The Poker Player","The Wild Card","Trackpad","Unceasing Turn Reminder","Yuri Mod"],"gold_per_floor":[116,116,130,149,168,243,243,243,243,257,267,267,267,5,83,182,232,213,213,213,230,244,269,269,287,287,287,304,304,304,315,342,365,377,491,503,528,540,99,99,99,99,114,127,127,142,142,142],"floor_reached":47,"language":"ENG","playtime":2343,"items_purged":[],"score":639,"play_id":"9e75797e-4b4b-4bc3-b59c-793524f83ff4","local_time":"20210112224241","is_ascension_mode":false,"campfire_choices":[{"floor":7,"key":"REST"},{"data":"Acid_Javelin","floor":12,"key":"SMITH"},{"floor":24,"key":"REST"},{"floor":27,"key":"REST"},{"floor":34,"key":"REST"},{"data":"Summon_Undead","floor":42,"key":"SMITH"}],"circlet_count":0,"master_deck":["Strike_W","Strike_W","Strike_W","Strike_W","Defend_W","Defend_W","Defend_W","Defend_W","Negative_Energy_Arrows+1","Bone_Wall+1","Bone_Prison","ReplayTheSpireMod:Trickstab","Violent_Necrosis","Scare","Finger_Of_Death","Bone_Armory","Deaths_Shadow","Acid_Javelin+1","Summon_Undead_Army","Negative_Energy_Burst","Blood_Curse","Summon_Undead+1","Hellfire","Negative_Energy_Javelin","Bone_Bullets","Negative_Energy_Mist","Toxic_Smoke_Screen","Epidemic+1","Summon_Undead","Consume_Illness","Summon_Undead","Blood_Wake","Skeleton_Dragon","Summon_Vampire_Lady","CurseOfTheBell","Stop_Heart+1","Pandemic","Trip","Panache","Blood_Wake","Corrupt+1","Toxic_Smoke_Screen+1","Scare+1"],"relics":["Vampire_Amulet","Replay:Accelerometer","Unceasing Top","Bottled Flame","Tiny House","Nloth\u0027s Gift","Potion Belt","trackpad:GuardianSpirit","MawBank","Calling Bell","trackpad:SappingStone","CaptainsWheel","conspire:Dentures"],"acts_visited":["Exordium","TheCity","TheBeyond"],"potions_floor_usage":[16,22,22,23,31,43,44],"damage_taken":[{"damage":0,"enemies":"conspire:RoseBush","floor":1,"turns":4},{"damage":3,"enemies":"Cultist","floor":3,"turns":4},{"damage":4,"enemies":"Jaw Worm","floor":4,"turns":4},{"damage":6,"enemies":"2 Fungi Beasts","floor":5,"turns":4},{"damage":8,"enemies":"Lots of Slimes","floor":10,"turns":7},{"damage":1,"enemies":"Blue Slaver","floor":11,"turns":3},{"damage":59,"enemies":"The Guardian","floor":16,"turns":12},{"damage":20,"enemies":"2 Thieves","floor":18,"turns":4},{"damage":6,"enemies":"Chosen","floor":21,"turns":4},{"damage":40,"enemies":"Shelled Parasite and Fungi","floor":22,"turns":6},{"damage":5,"enemies":"conspire:Head Lice","floor":23,"turns":9},{"damage":41,"enemies":"Centurion and Healer","floor":25,"turns":10},{"damage":1,"enemies":"Cultist and Chosen","floor":28,"turns":6},{"damage":2,"enemies":"Snecko","floor":31,"turns":5},{"damage":43,"enemies":"conspire:MimicChest","floor":32,"turns":9},{"damage":25,"enemies":"Chosen and Byrds","floor":33,"turns":5},{"damage":132,"enemies":"Pondfish","floor":35,"turns":13},{"damage":8,"enemies":"3 Shapes","floor":37,"turns":8},{"damage":1,"enemies":"Orb Walker","floor":43,"turns":4},{"damage":22,"enemies":"Sphere and 2 Shapes","floor":44,"turns":6},{"damage":33,"enemies":"4 Shapes","floor":46,"turns":6},{"damage":72,"enemies":"Transient","floor":47,"turns":5}],"seed_played":"550464413129982576","potions_obtained":[{"floor":4,"key":"DistilledChaos"},{"floor":10,"key":"Strength Potion"},{"floor":17,"key":"GamblersBrew"},{"floor":18,"key":"Flashbang"},{"floor":21,"key":"SneckoOil"},{"floor":25,"key":"AttackPotion"},{"floor":35,"key":"champ:CounterPotion"},{"floor":43,"key":"Strength Potion"}],"is_trial":false,"path_per_floor":["M","?","M","M","M","?","R","?","T","M","M","R","?","$","R_BF","B",null,"M","?","?","M","M","E","R","M","T","R","M","PTL","PTL","M","?","M","R","B",null,"M","?","$","?","?","R","M","M","T","M","M"],"character_chosen":"NECROMANCER","items_purchased":["Summon_Undead_Army","Negative_Energy_Burst","Blood_Curse","Summon_Undead","Pandemic","Trip","Panache","PowerPotion","SkillPotion"],"campfire_rested":4,"item_purchase_floors":[14,14,14,14,39,39,39,39,39],"current_hp_per_floor":[75,75,74,72,70,59,75,75,75,74,75,75,75,75,75,18,80,62,62,62,58,22,45,69,62,62,80,80,80,80,80,39,30,54,10,80,78,78,78,78,78,78,80,64,64,45,0,0],"gold":142,"neow_bonus":"UPGRADE_CARD","is_daily":false,"chose_seed":false,"campfire_upgraded":2,"win_rate":0.0,"timestamp":1610512961,"path_taken":["M","?","?","M","M","?","R","?","T","?","M","R","?","$","R_BF","BOSS","M","?","?","?","M","E","R","?","T","R","M","PTL","PTL","M","?","M","R","BOSS","M","?","$","?","?","R","M","M","T","M","?"],"items_purchased_type":["Card","Card","Card","Card","Card","Card","Card","Potion","Potion"],"build_version":"2020-12-22","purchased_purges":0,"victory":false,"max_hp_per_floor":[75,75,75,75,75,75,75,75,75,75,75,75,75,75,75,75,80,80,80,80,80,80,80,80,80,80,80,80,80,80,80,80,80,80,80,80,80,80,80,80,80,80,80,80,80,80,80,80],"card_choices":[{"not_picked":["Shackles_Of_Pain","Life_Tap"],"picked":"Bone_Prison","floor":1},{"not_picked":["Vampiric_Strike","Bone_Bullets"],"picked":"Scare","floor":3},{"not_picked":["Death_Coil","Consume_Illness"],"picked":"Finger_Of_Death","floor":4},{"not_picked":["Life_Tap","Flesh_Made_Foul"],"picked":"Bone_Armory","floor":5},{"not_picked":["Chill_Blood","Death_Coil"],"picked":"Deaths_Shadow","floor":10},{"not_picked":["Finger_Of_Death","Blood_for_Blood"],"picked":"Acid_Javelin","floor":11},{"not_picked":["Summon_Vampire_Lady","Blood_Magic"],"picked":"Hellfire","floor":16},{"not_picked":["Death_March_Dance","Bone_Armory"],"picked":"Negative_Energy_Javelin","floor":17},{"not_picked":["Flesh_Made_Foul","Blood_for_Blood"],"picked":"Bone_Bullets","floor":18},{"not_picked":["Summon_Undead","Blood_Wake"],"picked":"Negative_Energy_Mist","floor":21},{"not_picked":["Death_March_Dance","Blood_Whip"],"picked":"Toxic_Smoke_Screen","floor":22},{"not_picked":["Reap_The_Weak","Blood_Wake"],"picked":"Epidemic+1","floor":23},{"not_picked":["Negative_Energy_Javelin+1","Summon_Undead_Army"],"picked":"Summon_Undead","floor":25},{"not_picked":["Negative_Energy_Mist+1","Blood_Is_Power"],"picked":"Consume_Illness","floor":28},{"not_picked":["Death_March_Dance","Bones_to_Steel"],"picked":"Summon_Undead","floor":31},{"not_picked":["Consume_Illness","Blood_Whip+1"],"picked":"Blood_Wake","floor":32},{"not_picked":["Slay_Living","Thousand_Bone_Knives+1"],"picked":"Skeleton_Dragon","floor":33},{"not_picked":["Detonate_Bones","Skeleton_Dragon"],"picked":"Summon_Vampire_Lady","floor":35},{"not_picked":["Consume_Illness+1","Chill_Blood+1"],"picked":"Stop_Heart+1","floor":37},{"not_picked":["Vampiric_Strike+1","Flesh_Made_Foul"],"picked":"Corrupt+1","floor":43},{"not_picked":["Blood_Curse+1","Blood_Whip+1"],"picked":"Toxic_Smoke_Screen+1","floor":44},{"not_picked":["Necromantic_Selection","Blood_Shield"],"picked":"Scare+1","floor":46}],"player_experience":1163246,"relics_obtained":[{"floor":9,"key":"Bottled Flame"},{"floor":23,"key":"Potion Belt"},{"floor":26,"key":"trackpad:GuardianSpirit"},{"floor":32,"key":"MawBank"},{"floor":36,"key":"trackpad:SappingStone"},{"floor":36,"key":"Replay:Accelerometer"},{"floor":36,"key":"CaptainsWheel"},{"floor":45,"key":"conspire:Dentures"}],"event_choices":[{"damage_healed":0,"gold_gain":0,"player_choice":"3 cards matched","damage_taken":0,"max_hp_gain":0,"max_hp_loss":0,"event_name":"Match and Keep!","floor":2,"gold_loss":0,"cards_obtained":["Detonate_Bones","ReplayTheSpireMod:Trickstab","Violent_Necrosis"]},{"damage_healed":0,"gold_gain":75,"player_choice":"Gather Gold","damage_taken":11,"max_hp_gain":0,"max_hp_loss":0,"event_name":"World of Goop","floor":6,"gold_loss":0},{"cards_removed":["Detonate_Bones"],"damage_healed":0,"gold_gain":0,"player_choice":"Gave Card","damage_taken":0,"relics_obtained":["Unceasing Top"],"max_hp_gain":0,"max_hp_loss":0,"event_name":"WeMeetAgain","floor":8,"gold_loss":0},{"damage_healed":0,"gold_gain":0,"player_choice":"Leave","damage_taken":0,"max_hp_gain":0,"max_hp_loss":0,"event_name":"conspire:Investor","floor":19,"gold_loss":0},{"damage_healed":0,"gold_gain":0,"player_choice":"Traded Relic","damage_taken":0,"relics_obtained":["Nloth\u0027s Gift"],"max_hp_gain":0,"max_hp_loss":0,"event_name":"N\u0027loth","floor":20,"relics_lost":["relicPack:OneForAll"],"gold_loss":0},{"damage_healed":0,"gold_gain":0,"player_choice":"Ignored","damage_taken":0,"max_hp_gain":0,"max_hp_loss":0,"event_name":"Tomb of Lord Red Mask","floor":38,"gold_loss":0},{"damage_healed":0,"gold_gain":0,"player_choice":"1 cards matched","damage_taken":0,"max_hp_gain":0,"max_hp_loss":0,"event_name":"Match and Keep!","floor":41,"gold_loss":0,"cards_obtained":["Blood_Wake"]}],"is_beta":false,"boss_relics":[{"not_picked":["relicPack:KazumaCape","Kintsugi"],"picked":"Tiny House"},{"not_picked":["Coffee Dripper","Pandora\u0027s Box"],"picked":"Calling Bell"}],"items_purged_floors":[],"is_endless":false,"potions_floor_spawned":[4,10,18,21,25,35,43],"killed_by":"Transient","ascension_level":0}}