{"host":"q387i5o1hp66091u","time":1610536184,"event":{"mods":["2.2 Compatiblity","BaseMod","Minty Spire (QoL Compilation)","Rare Cards Sparkle"],"gold_per_floor":[118,134,151,171,171,202,202,214,214,241,241,259,259,293,293,418,418,431,431,449,449,449],"floor_reached":21,"language":"JPN","playtime":1019,"items_purged":[],"score":251,"play_id":"cc0fddd0-b140-47f2-9bd0-84db82eca986","local_time":"20210113200944","is_ascension_mode":true,"campfire_choices":[{"data":"Entrench","floor":7,"key":"SMITH"},{"floor":15,"key":"REST"}],"circlet_count":0,"master_deck":["Strike_R","Strike_R","Strike_R","Strike_R","Strike_R","Defend_R","Defend_R","Defend_R","Defend_R","Bash","Chrysalis","Headbutt","Hemokinesis","Fire Breathing","Battle Trance","Entrench+1","True Grit","Ghostly Armor","Evolve","Injury","Inflame","Reaper","Headbutt","Armaments","Dropkick"],"relics":["Burning Blood","MealTicket","Letter Opener","Thread and Needle","Golden Idol","Kunai","Velvet Choker"],"acts_visited":["Exordium","TheCity"],"potions_floor_usage":[10,10,14],"damage_taken":[{"damage":1.0,"enemies":"Cultist","floor":1.0,"turns":4.0},{"damage":8.0,"enemies":"2 Louse","floor":2.0,"turns":2.0},{"damage":12.0,"enemies":"Small Slimes","floor":3.0,"turns":3.0},{"damage":15.0,"enemies":"Blue Slaver","floor":4.0,"turns":3.0},{"damage":31,"enemies":"Lagavulin","floor":6,"turns":7},{"damage":23,"enemies":"Looter","floor":8,"turns":4},{"damage":18,"enemies":"3 Sentries","floor":10,"turns":4},{"damage":2,"enemies":"Exordium Wildlife","floor":12,"turns":5},{"damage":20,"enemies":"Gremlin Nob","floor":14,"turns":4},{"damage":20,"enemies":"Slime Boss","floor":16,"turns":10},{"damage":39,"enemies":"3 Byrds","floor":18,"turns":8},{"damage":18,"enemies":"Shell Parasite","floor":20,"turns":8},{"damage":0,"enemies":"Chosen and Byrds","floor":21,"turns":1}],"seed_played":"5698790239121494025","potions_obtained":[{"floor":2.0,"key":"Explosive Potion"},{"floor":8,"key":"BloodPotion"},{"floor":10,"key":"Energy Potion"},{"floor":12,"key":"SpeedPotion"},{"floor":16,"key":"Ancient Potion"},{"floor":20,"key":"LiquidBronze"}],"is_trial":false,"path_per_floor":["M","M","M","M","?","E","R","M","T","E","?","M","?","E","R","B",null,"M","?","M","M"],"character_chosen":"IRONCLAD","items_purchased":[],"campfire_rested":1,"item_purchase_floors":[],"current_hp_per_floor":[72,70,64,55,60,35,35,18,18,21,21,25,25,11,34,20,63,30,30,24,24,24],"gold":449,"neow_bonus":"RANDOM_COLORLESS_2","is_daily":false,"chose_seed":false,"campfire_upgraded":1,"win_rate":0.0,"timestamp":1610536184,"path_taken":["M","M","M","?","?","E","R","M","T","E","?","M","?","E","R","BOSS","M","?","M","M"],"items_purchased_type":[],"build_version":"2020-12-22","purchased_purges":0,"victory":false,"max_hp_per_floor":[72,72,72,72,77,77,77,77,77,77,77,77,77,77,77,77,77,77,77,77,77,77],"card_choices":[{"not_picked":["Thinking Ahead","Secret Technique"],"picked":"Chrysalis","floor":0.0},{"not_picked":["Clash","Heavy Blade"],"picked":"Headbutt","floor":1.0},{"not_picked":["Havoc","Pommel Strike"],"picked":"Hemokinesis","floor":2.0},{"not_picked":["Clothesline","Flex"],"picked":"Fire Breathing","floor":3.0},{"not_picked":["Infernal Blade","Sever Soul"],"picked":"Battle Trance","floor":4.0},{"not_picked":["Cleave","Sword Boomerang"],"picked":"Entrench","floor":6},{"not_picked":["Warcry","Feel No Pain"],"picked":"True Grit","floor":8},{"not_picked":["Dropkick","Entrench"],"picked":"Ghostly Armor","floor":10},{"not_picked":["Wild Strike","Uppercut"],"picked":"Evolve","floor":12},{"not_picked":["Sword Boomerang","Havoc"],"picked":"Inflame","floor":14},{"not_picked":["Immolate","Fiend Fire"],"picked":"Reaper","floor":16},{"not_picked":["Bloodletting+1","Warcry"],"picked":"Headbutt","floor":18},{"not_picked":["Dual Wield","Clash"],"picked":"Dropkick","floor":20}],"player_experience":594225,"relics_obtained":[{"floor":6,"key":"MealTicket"},{"floor":9,"key":"Letter Opener"},{"floor":10,"key":"Thread and Needle"},{"floor":14,"key":"Kunai"}],"event_choices":[{"damage_healed":0.0,"max_hp_gain":5.0,"max_hp_loss":0.0,"gold_gain":0.0,"event_name":"Big Fish","player_choice":"Donut","floor":5.0,"gold_loss":0.0,"damage_taken":0.0},{"damage_healed":0,"gold_gain":0,"player_choice":"Fled","damage_taken":0,"max_hp_gain":0,"max_hp_loss":0,"event_name":"Scrap Ooze","floor":11,"gold_loss":0},{"damage_healed":0,"gold_gain":0,"player_choice":"Take Wound","damage_taken":0,"relics_obtained":["Golden Idol"],"max_hp_gain":0,"max_hp_loss":0,"event_name":"Golden Idol","floor":13,"gold_loss":0,"cards_obtained":["Injury"]},{"damage_healed":0,"gold_gain":0,"player_choice":"Read","damage_taken":0,"max_hp_gain":0,"max_hp_loss":0,"event_name":"The Library","floor":19,"gold_loss":0,"cards_obtained":["Armaments"]}],"is_beta":false,"boss_relics":[{"not_picked":["Runic Dome","Busted Crown"],"picked":"Velvet Choker"}],"items_purged_floors":[],"is_endless":false,"potions_floor_spawned":[2,8,10,12,16,20],"killed_by":"Chosen and Byrds","ascension_level":5}}