{"host":"yi49lbnhh35mzi7n","time":1610499942,"event":{"mods":["BaseMod","Bestiary","BetterRewards","Colored Map","Conspire","Downfall","Googly Eyes","Hermit","Hubris","Infinite Spire","Minty Spire (QoL Compilation)","Quick Restart","Replay The Spire","StSLib","The Bladedancer","The Construct","The Jungle","The Necromancer","Yuri Mod"],"gold_per_floor":[119,119,119,139,139,139,139,139],"floor_reached":7,"language":"ENG","playtime":151,"items_purged":[],"score":41,"play_id":"dee3e8bc-3f76-4b24-ab44-cbdbb611ad70","local_time":"20210113020542","is_ascension_mode":true,"campfire_choices":[{"data":"True Grit","floor":6,"key":"SMITH"}],"circlet_count":0,"master_deck":["Strike_R","Strike_R","Strike_R","Defend_R","Defend_R","Defend_R","Bash","Life Link","Entrench","True Grit+1","ReplayTheSpireMod:Strike From Hell"],"relics":["Burning Blood","Unceasing Top","SsserpentHead"],"acts_visited":["Exordium"],"potions_floor_usage":[],"damage_taken":[{"damage":15,"enemies":"Jaw Worm","floor":1,"turns":3},{"damage":3,"enemies":"Small Slimes","floor":4,"turns":4},{"damage":21,"enemies":"3 Sentries","floor":7,"turns":6}],"seed_played":"-3817456593269136433","potions_obtained":[],"is_trial":false,"path_per_floor":["M","?","T","M","?","R","E"],"character_chosen":"IRONCLAD","items_purchased":[],"campfire_rested":0,"item_purchase_floors":[],"current_hp_per_floor":[47,40,40,43,43,43,22,22],"gold":139,"neow_bonus":"TRANSFORM_TWO_CARDS","is_daily":false,"chose_seed":false,"campfire_upgraded":1,"win_rate":0.0,"timestamp":1610499942,"path_taken":["M","?","?","M","?","R","E"],"items_purchased_type":[],"build_version":"2020-12-22","purchased_purges":0,"victory":false,"max_hp_per_floor":[80,80,80,80,80,80,80,80],"card_choices":[{"not_picked":["Iron Wave","Shrug It Off"],"picked":"True Grit","floor":1},{"not_picked":["Entrench","ReplayTheSpireMod:Stacked"],"picked":"ReplayTheSpireMod:Strike From Hell","floor":4}],"player_experience":568400,"relics_obtained":[{"floor":3,"key":"Unceasing Top"}],"event_choices":[{"cards_removed":["Defend_R"],"damage_healed":0,"gold_gain":0,"player_choice":"Card Removal","damage_taken":7,"max_hp_gain":0,"max_hp_loss":0,"event_name":"Golden Wing","floor":2,"gold_loss":0},{"damage_healed":0,"gold_gain":0,"player_choice":"Trade","damage_taken":0,"relics_obtained":["SsserpentHead"],"max_hp_gain":0,"max_hp_loss":0,"event_name":"FaceTrader","floor":5,"gold_loss":0}],"is_beta":false,"boss_relics":[],"items_purged_floors":[],"is_endless":false,"potions_floor_spawned":[],"killed_by":"3 Sentries","ascension_level":1}}