{"host":"9c5kazgg71l3jb6l","time":1610536248,"event":{"mods":["BaseMod","Hermit","Minty Spire (QoL Compilation)","StSLib","Waifu the Spire"],"gold_per_floor":[117,135,135,161,187,230,242,283,343,355,392,417,429,441,453,575,587,621,658,689,701,731,777,789,837,873,885,812,824,862,874,886,1003,1015,1054,1066,1102,1114,522,552,552,590,640,640,694,711,752,777,777,789],"floor_reached":51,"language":"ZHS","playtime":3657,"items_purged":[],"score":979,"play_id":"33688b79-04e8-4b3d-86d8-ab824698c54b","local_time":"20210113191048","is_ascension_mode":true,"campfire_choices":[{"data":"hermit:FlashPowder","floor":7.0,"key":"SMITH"},{"data":"hermit:Gestalt","floor":10.0,"key":"SMITH"},{"data":"hermit:Dive","floor":15.0,"key":"SMITH"},{"floor":24.0,"key":"REST"},{"floor":27.0,"key":"REST"},{"floor":29.0,"key":"REST"},{"data":"hermit:Determination","floor":32.0,"key":"SMITH"},{"data":"1","floor":41.0,"key":"LIFT"},{"data":"hermit:Magnum","floor":44.0,"key":"SMITH"},{"data":"hermit:BigShot","floor":49,"key":"SMITH"}],"circlet_count":0,"master_deck":["hermit:Strike_Hermit","hermit:Strike_Hermit","hermit:Strike_Hermit","hermit:Strike_Hermit","hermit:Defend_Hermit","hermit:Defend_Hermit","hermit:Defend_Hermit","hermit:Snapshot","hermit:Covet","hermit:Gestalt+1","hermit:BigShot+1","hermit:FlashPowder+1","hermit:Determination+1","hermit:Dissolve","hermit:Scavenge","hermit:Dive+1","hermit:Magnum+1","hermit:Grudge+1","hermit:Dive","hermit:Brawl+1","Pain","hermit:ShadowCloak+1","hermit:PistolWhip","hermit:Scavenge+1","Regret","hermit:Dissolve","hermit:HeroicBravado","hermit:GoldenBullet+1","Parasite","hermit:Dive","Shame","Parasite","hermit:Grudge+1"],"relics":["hermit:ClaspedLocket","MawBank","Frozen Egg 2","Dream Catcher","Ancient Tea Set","Thread and Needle","Cursed Key","WarpedTongs","Potion Belt","Molten Egg 2","PreservedInsect","Happy Flower","Sundial","hermit:Horseshoe","Eternal Feather","Girya","StrikeDummy","Lantern","Ginger","MealTicket"],"acts_visited":["Exordium","TheCity","TheBeyond"],"potions_floor_usage":[45,45,45,45,46,50,50,50],"damage_taken":[{"damage":0.0,"enemies":"2 Louse","floor":1.0,"turns":5.0},{"damage":1.0,"enemies":"Jaw Worm","floor":2.0,"turns":3.0},{"damage":2.0,"enemies":"Cultist","floor":4.0,"turns":4.0},{"damage":2.0,"enemies":"2 Fungi Beasts","floor":5.0,"turns":5.0},{"damage":2.0,"enemies":"Lagavulin","floor":6.0,"turns":8.0},{"damage":18.0,"enemies":"Gremlin Nob","floor":8.0,"turns":5.0},{"damage":16.0,"enemies":"Lagavulin","floor":11.0,"turns":8.0},{"damage":2.0,"enemies":"Gremlin Gang","floor":12.0,"turns":6.0},{"damage":1.0,"enemies":"The Guardian","floor":16.0,"turns":18.0},{"damage":17.0,"enemies":"Chosen","floor":18.0,"turns":8.0},{"damage":0.0,"enemies":"Shell Parasite","floor":19.0,"turns":7.0},{"damage":20.0,"enemies":"Snake Plant","floor":20.0,"turns":7.0},{"damage":9.0,"enemies":"Snecko","floor":22.0,"turns":6.0},{"damage":41.0,"enemies":"Gremlin Leader","floor":23.0,"turns":7.0},{"damage":7.0,"enemies":"Book of Stabbing","floor":25.0,"turns":8.0},{"damage":15.0,"enemies":"Centurion and Healer","floor":30.0,"turns":6.0},{"damage":2.0,"enemies":"Champ","floor":33.0,"turns":10.0},{"damage":10.0,"enemies":"3 Darklings","floor":35.0,"turns":8.0},{"damage":6.0,"enemies":"3 Shapes","floor":37.0,"turns":6.0},{"damage":4.0,"enemies":"Reptomancer","floor":40.0,"turns":10.0},{"damage":4.0,"enemies":"Giant Head","floor":42.0,"turns":10.0},{"damage":34,"enemies":"2 Orb Walkers","floor":45,"turns":9},{"damage":9,"enemies":"Writhing Mass","floor":46,"turns":7},{"damage":4,"enemies":"Nemesis","floor":47,"turns":9},{"damage":15,"enemies":"Maw","floor":48,"turns":9},{"damage":4,"enemies":"Time Eater","floor":50,"turns":15}],"seed_played":"7279871417705205777","potions_obtained":[{"floor":0.0,"key":"GamblersBrew"},{"floor":0.0,"key":"GamblersBrew"},{"floor":0.0,"key":"BlessingOfTheForge"},{"floor":4.0,"key":"SkillPotion"},{"floor":6.0,"key":"Regen Potion"},{"floor":11.0,"key":"LiquidBronze"},{"floor":13.0,"key":"PowerPotion"},{"floor":22.0,"key":"PowerPotion"},{"floor":25.0,"key":"Weak Potion"},{"floor":30.0,"key":"SkillPotion"},{"floor":33.0,"key":"hermit:BlackBile"},{"floor":40.0,"key":"LiquidBronze"},{"floor":46,"key":"Fire Potion"},{"floor":48,"key":"hermit:Tonic"}],"is_trial":false,"path_per_floor":["M","M","?","M","M","E","R","E","T","R","E","M","?","$","R","B",null,"M","M","M","?","M","E","R","E","T","R","?","R","M","?","R","B",null,"M","?","M","T","$","E","R","E","T","R","?","M","E","M","R","B",null],"character_chosen":"HERMIT","items_purchased":["hermit:Horseshoe","Eternal Feather","EntropicBrew"],"campfire_rested":3,"item_purchase_floors":[39,39,39],"current_hp_per_floor":[75,74,74,72,70,68,68,50,50,50,34,32,32,32,32,31,75,58,58,52,52,43,2,24,17,17,39,39,61,46,46,46,44,75,69,69,66,66,66,68,75,74,74,75,46,44,46,34,52,58],"gold":789,"neow_bonus":"THREE_SMALL_POTIONS","is_daily":false,"chose_seed":false,"campfire_upgraded":6,"win_rate":0.0,"timestamp":1610536248,"path_taken":["M","M","?","M","M","E","R","E","T","R","E","M","?","$","R","BOSS","M","?","M","?","?","E","R","E","T","R","?","R","M","?","R","BOSS","M","?","M","?","$","E","R","E","T","R","?","M","E","M","R","BOSS"],"items_purchased_type":["Relic","Relic","Potion"],"build_version":"2020-12-22","purchased_purges":0,"victory":true,"max_hp_per_floor":[75,75,75,75,75,75,75,75,75,75,75,75,75,75,75,75,75,75,75,75,75,75,75,75,75,75,75,75,75,75,75,75,75,75,75,75,75,75,75,75,75,75,75,75,75,75,75,75,75,75],"card_choices":[{"not_picked":["hermit:CalledShot","hermit:Quickdraw"],"picked":"hermit:Gestalt","floor":1.0},{"not_picked":["hermit:HighCaliber","hermit:ItchyTrigger"],"picked":"hermit:BigShot","floor":2.0},{"not_picked":["hermit:Misfire","hermit:Magnum"],"picked":"hermit:FlashPowder","floor":4.0},{"not_picked":["hermit:Desperado","hermit:WideOpen"],"picked":"hermit:Determination","floor":5.0},{"not_picked":["hermit:BodyArmor","hermit:TrackingShot","hermit:Cheat"],"picked":"SKIP","floor":6.0},{"not_picked":["hermit:Cheat","hermit:NoHoldsBarred"],"picked":"hermit:Dissolve","floor":8.0},{"not_picked":["hermit:BigShot+1","hermit:Snipe"],"picked":"hermit:Scavenge","floor":11.0},{"not_picked":["hermit:ItchyTrigger","hermit:Manifest"],"picked":"hermit:Dive","floor":12.0},{"not_picked":["hermit:OverwhelmingPower+1","hermit:Purgatory"],"picked":"hermit:Magnum","floor":16.0},{"not_picked":["hermit:CalledShot","hermit:Ricochet"],"picked":"hermit:Grudge+1","floor":18.0},{"not_picked":["hermit:ItchyTrigger","hermit:Combo+1"],"picked":"hermit:Dive","floor":19.0},{"not_picked":["hermit:Quickdraw","hermit:FullyLoaded"],"picked":"hermit:Brawl+1","floor":20.0},{"not_picked":["hermit:Feint","hermit:CalledShot"],"picked":"hermit:ShadowCloak+1","floor":22.0},{"not_picked":["hermit:Roulette","hermit:Shortfuse","hermit:Desperado"],"picked":"SKIP","floor":23.0},{"not_picked":["hermit:Feint","hermit:SprayPray"],"picked":"hermit:PistolWhip","floor":24.0},{"not_picked":["hermit:Desperado+1","hermit:Misfire+1"],"picked":"hermit:Scavenge+1","floor":25.0},{"not_picked":["hermit:Quickdraw+1","hermit:Snipe"],"picked":"hermit:Dissolve","floor":27.0},{"not_picked":["hermit:Quickdraw+1","hermit:Determination+1","hermit:TrackingShot+1"],"picked":"SKIP","floor":30.0},{"not_picked":["hermit:OverwhelmingPower+1","hermit:FatalDesire+1"],"picked":"hermit:HeroicBravado","floor":33.0},{"not_picked":["hermit:Vantage+1","hermit:Coalescence","hermit:Snipe"],"picked":"SKIP","floor":35.0},{"not_picked":["hermit:Roulette+1","hermit:HoleUp"],"picked":"hermit:GoldenBullet+1","floor":37.0},{"not_picked":["hermit:Ricochet+1","hermit:Glare","hermit:LuckOfTheDraw+1"],"picked":"SKIP","floor":40.0},{"not_picked":["hermit:Purgatory+1","hermit:Snipe"],"picked":"hermit:Dive","floor":42.0},{"not_picked":["hermit:Misfire+1","hermit:Vantage","hermit:GhostlyPresence"],"picked":"SKIP","floor":46},{"not_picked":["hermit:ItchyTrigger+1","hermit:Misfire+1"],"picked":"hermit:Grudge+1","floor":47},{"not_picked":["hermit:DeadMansHand","hermit:TakeAim+1","hermit:Glare+1"],"picked":"SKIP","floor":48}],"player_experience":1301397,"relics_obtained":[{"floor":6.0,"key":"Frozen Egg 2"},{"floor":8.0,"key":"Dream Catcher"},{"floor":9.0,"key":"Ancient Tea Set"},{"floor":11.0,"key":"Thread and Needle"},{"floor":23.0,"key":"Potion Belt"},{"floor":25.0,"key":"Molten Egg 2"},{"floor":26.0,"key":"PreservedInsect"},{"floor":38.0,"key":"Sundial"},{"floor":40.0,"key":"Girya"},{"floor":42.0,"key":"StrikeDummy"},{"floor":43.0,"key":"Lantern"},{"floor":45,"key":"Ginger"},{"floor":47,"key":"MealTicket"}],"event_choices":[{"damage_healed":0.0,"max_hp_gain":0.0,"max_hp_loss":0.0,"gold_gain":0.0,"event_name":"Big Fish","player_choice":"Box","floor":3.0,"gold_loss":0.0,"damage_taken":0.0,"relics_obtained":["MawBank"],"cards_obtained":["Regret"]},{"damage_healed":0.0,"max_hp_gain":0.0,"max_hp_loss":0.0,"gold_gain":0.0,"event_name":"Lab","player_choice":"Got Potions","floor":13.0,"gold_loss":0.0,"damage_taken":0.0},{"damage_healed":0.0,"max_hp_gain":0.0,"max_hp_loss":0.0,"gold_gain":0.0,"event_name":"Accursed Blacksmith","player_choice":"Rummage","floor":21.0,"gold_loss":0.0,"damage_taken":0.0,"relics_obtained":["WarpedTongs"],"cards_obtained":["Pain"]},{"damage_healed":0.0,"max_hp_gain":0.0,"max_hp_loss":0.0,"gold_gain":0.0,"event_name":"Addict","player_choice":"Obtained Relic","floor":28.0,"gold_loss":85.0,"damage_taken":0.0,"relics_obtained":["Happy Flower"]},{"cards_removed":["Regret"],"damage_healed":0.0,"max_hp_gain":0.0,"max_hp_loss":0.0,"gold_gain":0.0,"event_name":"Back to Basics","player_choice":"Elegance","floor":31.0,"gold_loss":0.0,"damage_taken":0.0},{"cards_removed":["hermit:Defend_Hermit"],"damage_healed":0.0,"max_hp_gain":0.0,"max_hp_loss":0.0,"gold_gain":0.0,"event_name":"Falling","player_choice":"Removed Skill","floor":36.0,"gold_loss":0.0,"damage_taken":0.0},{"damage_healed":0,"gold_gain":0,"player_choice":"Fight","damage_taken":0,"max_hp_gain":0,"max_hp_loss":0,"event_name":"Mysterious Sphere","floor":45,"gold_loss":0}],"is_beta":false,"boss_relics":[{"not_picked":["Velvet Choker","Fusion Hammer"],"picked":"Cursed Key"},{"not_picked":["SacredBark","Astrolabe"],"picked":"hermit:ClaspedLocket"}],"items_purged_floors":[],"is_endless":false,"potions_floor_spawned":[1,4,6,11,22,25,30,33,40,46,48],"ascension_level":3}}