{"host":"qwv9nni2x0umspiu","time":1610505925,"event":{"mods":["BaseMod","Downfall","Minty Spire (QoL Compilation)","Replay The Spire","StSLib","The Hierophant","Wandering Minibosses"],"gold_per_floor":[119,138,63,80,80,80,96,96,123,123,137,148,148,147,147,181,181,181,181],"floor_reached":18,"language":"ENG","playtime":866,"items_purged":["hierophant:Defend_Hierophant"],"score":324,"play_id":"a95b4266-92a9-4b06-b349-e84589647f53","local_time":"20210112184525","is_ascension_mode":true,"campfire_choices":[{"data":"hierophant:ChurchCoffers","floor":6,"key":"SMITH"},{"data":"hierophant:Punish","floor":8,"key":"SMITH"},{"floor":15,"key":"REST"}],"circlet_count":0,"master_deck":["AscendersBane","hierophant:Strike_Hierophant","hierophant:Strike_Hierophant","hierophant:Strike_Hierophant","hierophant:Strike_Hierophant","hierophant:Punish+1","hierophant:Defend_Hierophant","hierophant:Defend_Hierophant","hierophant:Defend_Hierophant","hierophant:ChurchCoffers+1","hierophant:HammerAndAnvil","hierophant:HammerAndAnvil+1","hierophant:Smite"],"relics":["hierophant:PropheticMaskRelic","NeowsBlessing","Replay:Baseball","Quantum Egg","Juzu Bracelet","SlaversCollar"],"acts_visited":["Exordium","TheCity"],"potions_floor_usage":[7,16],"damage_taken":[{"damage":0,"enemies":"Cultist","floor":1,"turns":1},{"damage":0,"enemies":"Small Slimes","floor":2,"turns":1},{"damage":0,"enemies":"2 Louse","floor":4,"turns":1},{"damage":15,"enemies":"3 Sentries","floor":7,"turns":7},{"damage":22,"enemies":"Large Slime","floor":11,"turns":6},{"damage":0,"enemies":"2 Fungi Beasts","floor":12,"turns":2},{"damage":25,"enemies":"Exordium Wildlife","floor":14,"turns":5},{"damage":79,"enemies":"Fading Forest","floor":16,"turns":13},{"damage":0,"enemies":"Chosen","floor":18,"turns":2}],"seed_played":"-3926765173365985587","potions_obtained":[{"floor":2,"key":"Dexterity Potion"},{"floor":4,"key":"AttackPotion"},{"floor":12,"key":"Strength Potion"},{"floor":16,"key":"Explosive Potion"}],"is_trial":false,"path_per_floor":["M","M","$","M","?","R","E","R","T","?","M","M","?","M","R","B",null,"M"],"character_chosen":"HIEROPHANT","items_purchased":[],"campfire_rested":1,"item_purchase_floors":[],"current_hp_per_floor":[68,68,68,68,57,57,42,42,42,42,20,20,45,20,42,4,57,57,57],"gold":181,"neow_bonus":"THREE_ENEMY_KILL","is_daily":false,"chose_seed":false,"campfire_upgraded":2,"win_rate":0.0,"timestamp":1610505925,"path_taken":["M","M","$","?","?","R","E","R","T","?","M","M","?","M","R","BOSS","M"],"items_purchased_type":[],"build_version":"2020-12-22","purchased_purges":1,"victory":false,"max_hp_per_floor":[75,75,75,75,75,75,75,75,75,75,75,75,75,75,75,75,75,75,75],"card_choices":[{"not_picked":["hierophant:ConvertCurrency","hierophant:MirrorShield"],"picked":"hierophant:HammerAndAnvil","floor":1},{"not_picked":["hierophant:Doubloon","hierophant:Encroach","hierophant:OrnateJavelin"],"picked":"SKIP","floor":2},{"not_picked":["hierophant:PassingBell","hierophant:RepressedViolence","hierophant:Refuge"],"picked":"SKIP","floor":4},{"not_picked":["hierophant:Invocation","hierophant:DisplayOfPower"],"picked":"hierophant:HammerAndAnvil","floor":7},{"not_picked":["hierophant:Charity","hierophant:ConvertCurrency","hierophant:RustyCrate"],"picked":"SKIP","floor":11},{"not_picked":["hierophant:Remorse","hierophant:Embezzle","hierophant:SecretStash"],"picked":"SKIP","floor":12},{"not_picked":["hierophant:Sermon","hierophant:Blessing"],"picked":"hierophant:Smite","floor":14}],"player_experience":1355352,"relics_obtained":[{"floor":7,"key":"Quantum Egg"},{"floor":9,"key":"Juzu Bracelet"}],"event_choices":[{"damage_healed":0,"gold_gain":0,"player_choice":"Success","damage_taken":11,"relics_obtained":["Replay:Baseball"],"max_hp_gain":0,"max_hp_loss":0,"event_name":"Scrap Ooze","floor":5,"gold_loss":0},{"damage_healed":0,"gold_gain":0,"player_choice":"Grow","damage_taken":0,"max_hp_gain":0,"max_hp_loss":0,"event_name":"Living Wall","floor":10,"gold_loss":0,"cards_upgraded":["hierophant:HammerAndAnvil"]},{"damage_healed":25,"gold_gain":0,"player_choice":"Banana","damage_taken":0,"max_hp_gain":0,"max_hp_loss":0,"event_name":"Big Fish","floor":13,"gold_loss":0}],"is_beta":false,"boss_relics":[{"not_picked":["Painkiller Herb","Runic Dome"],"picked":"SlaversCollar"}],"items_purged_floors":[3],"is_endless":false,"potions_floor_spawned":[2,4,12,16],"killed_by":"Chosen","ascension_level":20}}