{"host":"44szraw8fc5x6fuf","time":1610579605,"event":{"mods":["2.2 Compatiblity","Act Like it!","Aspiration","BaseMod","Better Altar","Better Match","Better Note","Better Sensory Stone","Better Skull","Better Third Choice","CapriCore","Chen","Colored Map","Conspire","Gensokyo","Hermit","Highlight Path","Koishi","KomeijiMod","Lobotomy","LobotomyExtend","MarisaÅiñ∂âJÅ@ñÇóùçπÅj","Minty Spire (QoL Compilation)","Onozuka Komachi Mod","Pale of the Ancients","Permanent Neow","Rare Cards Sparkle","ReimuÅiîé??öÎÅj","Replay The Spire","Spicy Shops","StSLib","The Administrix","The Factory","The Immortal","TheFirefly","Yakumo Yukari mod","Yuyuko","Åy?ï®?îvÅzREMEMod"],"gold_per_floor":[117,127,2,17,17,17,17,33,103,138,138,184,215,265,265,403,403,403,403,403],"floor_reached":19,"language":"ENG","playtime":911,"items_purged":[],"score":273,"play_id":"6c6ded2a-6ac0-42d7-bd24-391f461b0741","local_time":"20210113181325","is_ascension_mode":true,"campfire_choices":[{"data":"DarkMatter","floor":6,"key":"SMITH"},{"data":"Robbery","floor":11,"key":"SMITH"},{"data":"OortCloud","floor":15,"key":"SMITH"}],"circlet_count":0,"master_deck":["Strike_MRS","Strike_MRS","Strike_MRS","Defend_MRS","Defend_MRS","MasterSpark","UpSweep","DarkMatter+1","PowerUp","DC","Robbery+1","OortCloud+1","DoubleSpark","LunaDial+1","SuperNova","StarDustReverie+1"],"relics":["MiniHakkero","REME_ComplimentaryCards","LetterFromLob","InkBottle","AmplifyWand","Pet Ghost","Calipers","Strawberry","Replay:Bronze Core","Moonlight_r"],"acts_visited":["Exordium","TheCity"],"potions_floor_usage":[],"damage_taken":[{"damage":7,"enemies":"Jaw Worm","floor":1,"turns":3},{"damage":3,"enemies":"2 Louse","floor":2,"turns":2},{"damage":5,"enemies":"conspire:RoseBush","floor":4,"turns":5},{"damage":2,"enemies":"2 Fungi Beasts","floor":8,"turns":3},{"damage":4,"enemies":"Gremlin Nob","floor":10,"turns":4},{"damage":0,"enemies":"3 Sentries","floor":12,"turns":4},{"damage":0,"enemies":"3 Louse","floor":13,"turns":3},{"damage":6,"enemies":"Gremlin Nob","floor":14,"turns":4},{"damage":51,"enemies":"Hexaghost","floor":16,"turns":11},{"damage":0,"enemies":"Chosen","floor":19,"turns":1}],"seed_played":"-9131484481180498014","potions_obtained":[{"floor":2,"key":"MagicPotion:ReiMu"},{"floor":8,"key":"LifebloodPotion"},{"floor":13,"key":"Weak Potion"}],"is_trial":false,"path_per_floor":["M","M","$","M","?","R","?","M","T","E","R","E","M","E","R","B",null,"M","M"],"character_chosen":"MARISA","items_purchased":["InkBottle"],"campfire_rested":0,"item_purchase_floors":[3],"current_hp_per_floor":[61,58,58,53,69,69,69,67,67,63,63,63,63,64,64,13,65,41,41,41],"gold":403,"neow_bonus":"TRANSFORM_CARD","is_daily":false,"chose_seed":false,"campfire_upgraded":3,"win_rate":0.0,"timestamp":1610579605,"path_taken":["M","M","$","M","?","R","?","M","T","E","R","E","M","E","R","BOSS","M","M"],"items_purchased_type":["Relic"],"build_version":"2020-12-22","purchased_purges":0,"victory":false,"max_hp_per_floor":[75,75,75,75,75,75,75,75,75,75,75,75,75,82,82,82,82,82,82,82],"card_choices":[{"not_picked":["LuminesStrike","UnstableBomb"],"picked":"PowerUp","floor":1},{"not_picked":["6A","UnstableBomb"],"picked":"DC","floor":2},{"not_picked":["PowerUp","NonDirectionalLaser"],"picked":"StarDustReverie","floor":4},{"not_picked":["IllusionStar","DarkSpark","FairyDestructionRay"],"picked":"SKIP","floor":8},{"not_picked":["TreasureHunter","PropBag"],"picked":"Robbery","floor":10},{"not_picked":["SporeBomb","MilkyWay"],"picked":"OortCloud","floor":12},{"not_picked":["MagicAbsorber","LuminesStrike"],"picked":"DoubleSpark","floor":13},{"not_picked":["ShootingEcho","6A"],"picked":"SuperNova","floor":14},{"not_picked":["MaximisePower","SuperNova"],"picked":"StarDustReverie","floor":16}],"player_experience":212185,"relics_obtained":[{"floor":1,"key":"LetterFromLob"},{"floor":9,"key":"AmplifyWand"},{"floor":10,"key":"Pet Ghost"},{"floor":12,"key":"Calipers"},{"floor":14,"key":"Strawberry"}],"event_choices":[{"cards_removed":["DarkMatter"],"damage_healed":0,"gold_gain":0,"player_choice":"Give","damage_taken":0,"max_hp_gain":0,"max_hp_loss":0,"event_name":"betterNote:BetterNote","floor":7,"gold_loss":0,"cards_obtained":["None"]}],"is_beta":false,"boss_relics":[{"not_picked":["Runic Pyramid","Busted Crown"],"picked":"Replay:Bronze Core"}],"items_purged_floors":[],"is_endless":false,"potions_floor_spawned":[2,8,13],"killed_by":"Chosen","ascension_level":6}}