{"host":"i0avyit1s6jb1siw","time":1610566785,"event":{"mods":["BaseMod","DeckTracker","Dota2Spire","Highlight Path","Minty Spire (QoL Compilation)","Quick Restart","StSLib","SuperFastMode"],"gold_per_floor":[115,20,36,36,36,68,68,68,140,154,154,181,198,123,123,194,194,204,215,215,215,235,235,270,270,270,270,281,281,315,333,333,407,407,423,423,443,490,490,519,519,519,519,519,545,559,587,598,598,598,598,598,598,196,222,222,222],"floor_reached":56,"language":"ENG","playtime":1558,"items_purged":["Strike_P","Defend_P"],"score":2212,"play_id":"c8beb8a9-3179-4b97-b96f-caf01351531a","local_time":"20210113203945","is_ascension_mode":true,"campfire_choices":[{"data":"Eruption","floor":8.0,"key":"SMITH"},{"data":"TalkToTheHand","floor":15.0,"key":"SMITH"},{"floor":23.0,"key":"REST"},{"data":"Adaptation","floor":25.0,"key":"SMITH"},{"data":"MentalFortress","floor":27.0,"key":"SMITH"},{"floor":29.0,"key":"REST"},{"floor":32.0,"key":"REST"},{"floor":42.0,"key":"RECALL"},{"floor":44.0,"key":"REST"},{"data":"Meditate","floor":49,"key":"SMITH"},{"floor":53,"key":"REST"}],"circlet_count":0,"master_deck":["AscendersBane","Strike_P","Defend_P","Defend_P","Defend_P","Eruption+1","Vigilance","FlyingSleeves","MentalFortress+1","EmptyMind","CrushJoints","TalkToTheHand+1","Meditate+1","BowlingBash","Crescendo","ClearTheMind","Adaptation+1","EmptyFist","Halt+1","Scrawl+1","EmptyBody+1","Worship+1","CarveReality","CutThroughFate+1","DevaForm","Tantrum","FlurryOfBlows","Ragnarok"],"relics":["PureWater","NeowsBlessing","Pocketwatch","Vajra","GoldenEye","Dota2Spire:OrchidMalevolence","Bottled Tornado","Tiny Chest","Dota2Spire:Bloodstone","Sundial","Oddly Smooth Stone","Toxic Egg 2","Sozu","PreservedInsect","Gambling Chip","Dream Catcher","InkBottle","Dota2Spire:Butterfly","Dota2Spire:HeartOfTarrasque","Dota2Spire:BattleFury","Bag of Preparation"],"acts_visited":["Exordium","TheCity","TheBeyond","TheEnding"],"potions_floor_usage":[],"damage_taken":[{"damage":0.0,"enemies":"Small Slimes","floor":1.0,"turns":2.0},{"damage":0.0,"enemies":"Cultist","floor":3.0,"turns":1.0},{"damage":0.0,"enemies":"3 Sentries","floor":6.0,"turns":2.0},{"damage":16.0,"enemies":"2 Louse","floor":10.0,"turns":2.0},{"damage":0.0,"enemies":"Lagavulin","floor":12.0,"turns":3.0},{"damage":6.0,"enemies":"Exordium Wildlife","floor":13.0,"turns":3.0},{"damage":0.0,"enemies":"Hexaghost","floor":16.0,"turns":6.0},{"damage":1.0,"enemies":"Spheric Guardian","floor":18.0,"turns":3.0},{"damage":14.0,"enemies":"3 Byrds","floor":19.0,"turns":6.0},{"damage":0.0,"enemies":"3 Cultists","floor":22.0,"turns":4.0},{"damage":29.0,"enemies":"Gremlin Leader","floor":24.0,"turns":3.0},{"damage":0.0,"enemies":"Cultist and Chosen","floor":28.0,"turns":3.0},{"damage":13.0,"enemies":"Slavers","floor":30.0,"turns":3.0},{"damage":6.0,"enemies":"Centurion and Healer","floor":31.0,"turns":4.0},{"damage":25.0,"enemies":"Collector","floor":33.0,"turns":9.0},{"damage":0.0,"enemies":"3 Shapes","floor":35.0,"turns":3.0},{"damage":14.0,"enemies":"3 Darklings","floor":37.0,"turns":5.0},{"damage":41.0,"enemies":"2 Orb Walkers","floor":38.0,"turns":5.0},{"damage":21.0,"enemies":"Giant Head","floor":40.0,"turns":7.0},{"damage":0,"enemies":"Reptomancer","floor":45,"turns":4},{"damage":0,"enemies":"Maw","floor":46,"turns":3},{"damage":0,"enemies":"Nemesis","floor":47,"turns":3},{"damage":3,"enemies":"Sphere and 2 Shapes","floor":48,"turns":4},{"damage":5,"enemies":"Awakened One","floor":50,"turns":9},{"damage":37,"enemies":"Donu and Deca","floor":51,"turns":12},{"damage":13,"enemies":"Shield and Spear","floor":55,"turns":3},{"damage":142,"enemies":"The Heart","floor":56,"turns":3}],"seed_played":"873730302456286924","potions_obtained":[{"floor":1.0,"key":"Ancient Potion"},{"floor":6.0,"key":"Strength Potion"},{"floor":11.0,"key":"LiquidMemories"},{"floor":19.0,"key":"Dota2Spire:HealingSalve"},{"floor":28.0,"key":"DistilledChaos"},{"floor":31.0,"key":"Dota2Spire:HealingSalve"}],"is_trial":false,"path_per_floor":["M","?","M","?","$","E","T","R","T","M","?","E","M","$","R","B",null,"M","M","?","?","M","R","E","R","T","R","M","R","E","M","R","B",null,"M","T","M","?","?","E","T","R","T","R","E","M","E","M","R","B","B",null,"R","$","E","B"],"character_chosen":"WATCHER","items_purchased":["Dota2Spire:BattleFury","FlurryOfBlows"],"campfire_rested":5,"item_purchase_floors":[54,54],"current_hp_per_floor":[61,61,61,43,43,43,43,43,43,27,27,27,21,21,21,21,56,55,41,41,22,22,43,14,14,14,14,14,35,22,16,37,12,58,58,58,44,9,60,39,39,39,39,57,57,57,65,62,62,68,31,59,68,68,55,0,0],"gold":222,"neow_bonus":"THREE_ENEMY_KILL","is_daily":false,"chose_seed":false,"campfire_upgraded":5,"win_rate":0.0,"timestamp":1610566785,"path_taken":["M","?","?","?","$","E","?","R","T","M","?","E","M","$","R","BOSS","M","M","?","?","?","R","E","R","T","R","M","R","E","M","R","BOSS","M","?","?","?","?","E","?","R","T","R","E","M","E","M","R","BOSS","BOSS","R","$","E","BOSS"],"items_purchased_type":["Relic","Card"],"build_version":"2020-12-22","purchased_purges":2,"victory":false,"max_hp_per_floor":[68,68,68,68,68,68,68,68,68,68,68,68,68,68,68,68,68,68,68,68,73,73,73,73,73,73,73,73,73,73,73,73,73,73,73,73,73,73,60,60,60,60,60,60,60,60,68,68,68,68,68,68,68,68,68,68,68],"card_choices":[{"not_picked":["Pray","Evaluate"],"picked":"FlyingSleeves","floor":1.0},{"not_picked":["Halt","FlurryOfBlows"],"picked":"MentalFortress","floor":3.0},{"not_picked":["Worship","Blasphemy"],"picked":"EmptyMind","floor":6.0},{"not_picked":["Consecrate","CutThroughFate"],"picked":"CrushJoints","floor":10.0},{"not_picked":["BowlingBash","FlyingSleeves"],"picked":"TalkToTheHand","floor":12.0},{"not_picked":["Halt","Crescendo"],"picked":"Meditate","floor":13.0},{"not_picked":["Evaluate+1","FlyingSleeves+1","FollowUp"],"picked":"SKIP","floor":18.0},{"not_picked":["FollowUp","BattleHymn"],"picked":"BowlingBash","floor":19.0},{"not_picked":["SandsOfTime","ClearTheMind","BowlingBash"],"picked":"SKIP","floor":22.0},{"not_picked":["Meditate","Indignation"],"picked":"Adaptation","floor":24.0},{"not_picked":["FlyingSleeves","FlurryOfBlows"],"picked":"EmptyFist","floor":28.0},{"not_picked":["DevaForm","Crescendo+1","ClearTheMind+1"],"picked":"SKIP","floor":30.0},{"not_picked":["EmptyFist","PathToVictory+1"],"picked":"Halt+1","floor":31.0},{"not_picked":["DevaForm","MasterReality"],"picked":"Scrawl+1","floor":33.0},{"not_picked":["FlurryOfBlows","CrushJoints"],"picked":"EmptyBody+1","floor":35.0},{"not_picked":["SashWhip+1","Wireheading","EmptyFist"],"picked":"SKIP","floor":37.0},{"not_picked":["CrushJoints+1","FollowUp"],"picked":"Worship+1","floor":38.0},{"not_picked":["DeusExMachina+1","Prostrate+1"],"picked":"CarveReality","floor":40.0},{"not_picked":["Prostrate+1","Protect+1"],"picked":"CutThroughFate+1","floor":44.0},{"not_picked":["EmptyFist","FollowUp","Crescendo+1"],"picked":"SKIP","floor":45},{"not_picked":["Prostrate+1","EmptyBody+1"],"picked":"DevaForm","floor":46},{"not_picked":["Weave","Study","Fasting2"],"picked":"SKIP","floor":47},{"not_picked":["PathToVictory+1","Crescendo+1","Protect+1"],"picked":"SKIP","floor":48},{"not_picked":["EmptyMind+1","CrushJoints"],"picked":"Tantrum","floor":53},{"not_picked":["CrushJoints","Prostrate+1"],"picked":"Ragnarok","floor":55}],"player_experience":2228828,"relics_obtained":[{"floor":6.0,"key":"GoldenEye"},{"floor":7.0,"key":"Dota2Spire:OrchidMalevolence"},{"floor":9.0,"key":"Bottled Tornado"},{"floor":12.0,"key":"Tiny Chest"},{"floor":24.0,"key":"Sundial"},{"floor":26.0,"key":"Oddly Smooth Stone"},{"floor":30.0,"key":"Toxic Egg 2"},{"floor":36.0,"key":"PreservedInsect"},{"floor":38.0,"key":"Gambling Chip"},{"floor":40.0,"key":"Dream Catcher"},{"floor":43.0,"key":"InkBottle"},{"floor":45,"key":"Dota2Spire:Butterfly"},{"floor":47,"key":"Dota2Spire:HeartOfTarrasque"},{"floor":55,"key":"Bag of Preparation"}],"event_choices":[{"damage_healed":0.0,"max_hp_gain":0.0,"max_hp_loss":0.0,"gold_gain":0.0,"event_name":"WeMeetAgain","player_choice":"Paid Gold","floor":2.0,"gold_loss":95.0,"damage_taken":0.0,"relics_obtained":["Pocketwatch"]},{"damage_healed":0.0,"max_hp_gain":0.0,"max_hp_loss":0.0,"gold_gain":0.0,"event_name":"Scrap Ooze","player_choice":"Success","floor":4.0,"gold_loss":0.0,"damage_taken":18.0,"relics_obtained":["Vajra"]},{"damage_healed":0.0,"max_hp_gain":0.0,"max_hp_loss":0.0,"gold_gain":0.0,"event_name":"Lab","player_choice":"Got Potions","floor":11.0,"gold_loss":0.0,"damage_taken":0.0},{"damage_healed":0.0,"max_hp_gain":0.0,"max_hp_loss":0.0,"gold_gain":0.0,"cards_transformed":["Strike_P","Strike_P"],"event_name":"Drug Dealer","player_choice":"Became Test Subject","floor":20.0,"gold_loss":0.0,"damage_taken":0.0,"cards_obtained":["Crescendo","ClearTheMind"]},{"damage_healed":0.0,"max_hp_gain":5.0,"max_hp_loss":0.0,"gold_gain":0.0,"event_name":"Forgotten Altar","player_choice":"Shed Blood","floor":21.0,"gold_loss":0.0,"damage_taken":24.0},{"damage_healed":0.0,"max_hp_gain":0.0,"max_hp_loss":0.0,"gold_gain":0.0,"event_name":"Mysterious Sphere","player_choice":"Fight","floor":38.0,"gold_loss":0.0,"damage_taken":0.0},{"damage_healed":60.0,"max_hp_gain":0.0,"max_hp_loss":13.0,"gold_gain":0.0,"event_name":"The Moai Head","player_choice":"Heal","floor":39.0,"gold_loss":0.0,"damage_taken":0.0}],"is_beta":false,"boss_relics":[{"not_picked":["SacredBark","Philosopher\u0027s Stone"],"picked":"Dota2Spire:Bloodstone"},{"not_picked":["Busted Crown","HolyWater"],"picked":"Sozu"}],"items_purged_floors":[14,54],"is_endless":false,"potions_floor_spawned":[1,6,16,18,19,28,31,33,37,45,46,47],"killed_by":"The Heart","ascension_level":20}}