{"host":"qy0m86b6j0qgj9ra","time":1610542968,"event":{"mods":["Act Like it!","Aspiration","Astrologer","Bartender","BaseMod","CCEM","Clockwork Mod","Conspire","Downfall","Duelist Mod","Energized Spire","Friendly Minions","Gensokyo","GifTheSpireLib","Googly Eyes","GungeonMod","Halation","Hallownest","Hermit","Hubris","Infinite Spire","Ironclad Rager","Jorbs\u0027s Wanderer Trilogy","Koishi","KomeijiMod","Lobotomy","LobotomyExtend","Mad Scientist","Marisa????????","Minty Spire (QoL Compilation)","Pale of the Ancients","Quarter Circle Forward PUNCH!","RRrroohrrRGHHhhh!!","Random Character Button","Rare Cards Sparkle","Reimu??????","Replay The Spire","Retaliation","RumiaBox-????????","SCP261 Mod","Slumbering Mod","Spicy Shops","Spikes Relics","StSLib","Stuff the Spire","The Administrix","The Animator","The Bug Knight","The Construct","The Cursed","The Hierophant","The Jungle","The Sage","The Saiyan","The Vixen","TheBandit","TheFirefly","Trackpad","Wandering Minibosses","WarShipGirlsR/????R mod","Yuri Mod","vexMod"],"gold_per_floor":[91,105,105,105,119,152,152,186,186,186,205,240,253,42,42,143,143,161,161,178,178,188,223,223,250,325,360,371,388,415,428,428,527,527,543,562,572,584,584,584,652,652,652,720,737,748,800,820,820,820,820,820,820],"floor_reached":52,"language":"POL","playtime":6177,"items_purged":[],"score":1055,"play_id":"654634c1-cdca-4961-91b0-f359513dccbd","local_time":"20210113140248","is_ascension_mode":true,"campfire_choices":[{"data":"Saiyan:DrainingStrike","floor":7.0,"key":"SMITH"},{"data":"Saiyan:HyperTimeChamber","floor":10.0,"key":"SMITH"},{"data":"Saiyan:GhostAttack","floor":15.0,"key":"SMITH"},{"data":"Saiyan:Momentum","floor":24.0,"key":"SMITH"},{"floor":40.0,"key":"REST"},{"data":"Saiyan:SuperSaiyanThree","floor":42.0,"key":"SMITH"}],"circlet_count":0,"master_deck":["Saiyan:SAIYA_Strike","Saiyan:SAIYA_Strike","Saiyan:SAIYA_Strike","Saiyan:SAIYA_Strike","Saiyan:SAIYA_Defend","Saiyan:SAIYA_Defend","Saiyan:SAIYA_Defend","Saiyan:SAIYA_Defend","Saiyan:EnergyBlast","Saiyan:KaioKen","Saiyan:RuthlessBlow","Saiyan:TheBomb+1","Saiyan:Planning+1","Saiyan:KameHameHa+1","Saiyan:DrainingStrike+1","Saiyan:PressOn","Saiyan:HyperTimeChamber+1","Saiyan:Makankosappo","Saiyan:ExpandingShockwave","Saiyan:Afterimage","Saiyan:BurningSoul","Saiyan:GhostAttack+1","Saiyan:MajinSeal+1","Saiyan:DragonFist+1","Saiyan:Teleport+1","Saiyan:Momentum+1","Saiyan:Medicine","Saiyan:TurtleShell+1","Saiyan:Rekindle","Saiyan:Rekindle","Saiyan:SuperSaiyanThree+1","Saiyan:Expend"],"relics":["SaiyanSoul","SaiyanHeart","LetterFromLob","Bird Faced Urn","HoshigumaDish","conspire:TopHat","BrokenLever","hubris:Towel","Replay:Bottled Snecko","qcfpunch:Red_Gi","GodSword6","aspiration:ArtOfWarUpgrade","Bottled Lightning","rorgmod:Black Star","GodSword5","Iron Hammer","aspiration:FetidBarrel","Blood Vial","qcfpunch:Red_Beret","hubris:MysteriousPyramids","Letter Opener","paleoftheancients:Timepiece","paleoftheancients:KeyRelic","Anchor","Ice Cream"],"acts_visited":["Exordium","TheCity","TheBeyond","TheBeyond"],"potions_floor_usage":[52],"damage_taken":[{"damage":0.0,"enemies":"Cultist","floor":1.0,"turns":4.0},{"damage":0.0,"enemies":"theSlumbering:NewCultist","floor":2.0,"turns":5.0},{"damage":0.0,"enemies":"Jaw Worm","floor":5.0,"turns":2.0},{"damage":14.0,"enemies":"Lagavulin","floor":6.0,"turns":5.0},{"damage":7.0,"enemies":"3 Sentries","floor":8.0,"turns":5.0},{"damage":7.0,"enemies":"Lots of Slimes","floor":11.0,"turns":2.0},{"damage":0.0,"enemies":"theSlumbering:Adrasteia","floor":12.0,"turns":10.0},{"damage":0.0,"enemies":"Exordium Wildlife","floor":13.0,"turns":3.0},{"damage":21.0,"enemies":"Fading Forest","floor":16.0,"turns":11.0},{"damage":0.0,"enemies":"Chosen","floor":18.0,"turns":1.0},{"damage":0.0,"enemies":"Snecko","floor":20.0,"turns":5.0},{"damage":6.0,"enemies":"Dream Cultist and Chosen","floor":22.0,"turns":6.0},{"damage":11.0,"enemies":"theDuelist:KaibaA2","floor":23.0,"turns":5.0},{"damage":0.0,"enemies":"conspire:Head Lice","floor":25.0,"turns":5.0},{"damage":3.0,"enemies":"Nightmare","floor":27.0,"turns":6.0},{"damage":10.0,"enemies":"Snake Plant","floor":28.0,"turns":5.0},{"damage":20.0,"enemies":"Centurion and Healer","floor":29.0,"turns":5.0},{"damage":25.0,"enemies":"Book of Stabbing","floor":30.0,"turns":6.0},{"damage":7.0,"enemies":"conspire:HollyBat","floor":31.0,"turns":5.0},{"damage":20.0,"enemies":"Automaton","floor":33.0,"turns":7.0},{"damage":61.0,"enemies":"3 Shapes","floor":35.0,"turns":5.0},{"damage":1.0,"enemies":"Orb Walker","floor":36.0,"turns":4.0},{"damage":1.0,"enemies":"Writhing Mass","floor":37.0,"turns":5.0},{"damage":13.0,"enemies":"3 Darklings","floor":38.0,"turns":4.0},{"damage":0.0,"enemies":"Nemesis","floor":41.0,"turns":6.0},{"damage":51.0,"enemies":"Reptomancer","floor":44.0,"turns":5.0},{"damage":0.0,"enemies":"Maw","floor":45.0,"turns":6.0},{"damage":9.0,"enemies":"4 Shapes","floor":46.0,"turns":3.0},{"damage":31.0,"enemies":"Giant Head","floor":47.0,"turns":9.0},{"damage":16.0,"enemies":"3 Darklings","floor":48.0,"turns":3.0},{"damage":40,"enemies":"conspire:OrnateMirror","floor":50,"turns":10},{"damage":93,"enemies":"conspire:OrnateMirror","floor":51,"turns":1},{"damage":109,"enemies":"conspire:OrnateMirror","floor":52,"turns":4}],"seed_played":"-1610424972135188186","potions_obtained":[{"floor":5.0,"key":"SCP261:DewritoBlazePotion"},{"floor":11.0,"key":"Adrenaline Potion"},{"floor":13.0,"key":"Milkshake"},{"floor":16.0,"key":"AttackPotion"},{"floor":19.0,"key":"Flashbang"},{"floor":35.0,"key":"PowerPotion"},{"floor":47.0,"key":"CalmPotion"},{"floor":47.0,"key":"CalmPotion"}],"is_trial":false,"path_per_floor":["M","M","M","?","M","E","R","E","T","R","M","E","M","$","R","B",null,"M","?","M","?","M","E","R","E","T","NM","M","M","E","M","R","B",null,"M","M","M","M","?","R","E","R","T","E","M","M","E","M","R","B","M","M"],"character_chosen":"SAIYAJIN","items_purchased":["Saiyan:BurningSoul","Saiyan:GhostAttack"],"campfire_rested":1,"item_purchase_floors":[14,14],"current_hp_per_floor":[60,61,61,61,61,48,48,42,42,42,35,38,41,41,41,35,66,66,66,68,68,69,65,65,73,73,71,68,60,48,55,55,47,80,24,29,41,34,34,58,71,71,71,31,45,46,33,30,30,92,92,0,0],"gold":820,"neow_bonus":"ONE_RANDOM_RARE_CARD","is_daily":false,"chose_seed":false,"campfire_upgraded":5,"win_rate":0.0,"timestamp":1610542968,"path_taken":["M","M","M","?","M","E","R","E","T","R","M","E","?","$","R","BOSS","M","?","?","?","M","E","R","E","T","NM","M","M","E","M","R","BOSS","M","M","M","M","?","R","E","R","T","E","M","M","E","M","R","BOSS","M","M"],"items_purchased_type":["Card","Card"],"build_version":"2020-12-22","purchased_purges":0,"victory":false,"max_hp_per_floor":[60,61,61,61,61,62,62,63,63,63,63,64,65,65,65,66,66,66,66,68,68,69,72,72,73,73,74,76,77,78,79,79,80,80,80,80,83,83,83,83,84,84,84,87,89,89,90,91,91,92,92,93,93],"card_choices":[{"not_picked":["Saiyan:PlotArmor","Saiyan:SaiyanHubris"],"picked":"Saiyan:Planning","floor":1.0},{"not_picked":["Saiyan:FingerParry","Saiyan:TurtleShell"],"picked":"Saiyan:KameHameHa","floor":2.0},{"not_picked":["Saiyan:SolarFlare","Saiyan:KiStrike"],"picked":"Saiyan:DrainingStrike","floor":5.0},{"not_picked":["Saiyan:MeteorDash","Saiyan:AugmentedBlast"],"picked":"Saiyan:PressOn","floor":6.0},{"not_picked":["Saiyan:Makankosappo","Saiyan:Afterimage"],"picked":"Saiyan:HyperTimeChamber","floor":8.0},{"not_picked":["Saiyan:PressOn","Saiyan:KameHameHa"],"picked":"Saiyan:Makankosappo","floor":11.0},{"not_picked":["Saiyan:Pacing","Saiyan:DrainingStrike"],"picked":"Saiyan:ExpandingShockwave","floor":12.0},{"not_picked":["Saiyan:Taunt","Saiyan:TurtleShell"],"picked":"Saiyan:Afterimage","floor":13.0},{"not_picked":["Saiyan:GenkiDama","Saiyan:HyperTimeChamber"],"picked":"Saiyan:MajinSeal","floor":16.0},{"not_picked":["Saiyan:ConcussiveBlow","Saiyan:Planning"],"picked":"Saiyan:DragonFist+1","floor":18.0},{"not_picked":["Saiyan:Flurry","Saiyan:SaiyanHubris"],"picked":"Saiyan:Teleport+1","floor":20.0},{"not_picked":["Saiyan:KiExplosion+1","Saiyan:BigBangAttack+1"],"picked":"Saiyan:Momentum","floor":22.0},{"not_picked":["Saiyan:BackAttack+1","Saiyan:ConcussiveBlow","Saiyan:Taunt"],"picked":"SKIP","floor":23.0},{"not_picked":["Saiyan:TurtleShell","Saiyan:HyperTimeChamber","Saiyan:DoubleMasenko"],"picked":"SKIP","floor":25.0},{"not_picked":["Saiyan:FingerParry","Saiyan:TurtleShell"],"picked":"Saiyan:Medicine","floor":27.0},{"not_picked":["Saiyan:BackAttack","Saiyan:Makankosappo","Saiyan:DoubleMasenko+1"],"picked":"SKIP","floor":28.0},{"not_picked":["Saiyan:Twize","Saiyan:PressOn"],"picked":"Saiyan:TurtleShell+1","floor":29.0},{"not_picked":["Saiyan:TurtleShell","Saiyan:DoubleMasenko","Saiyan:KiExplosion+1"],"picked":"SKIP","floor":30.0},{"not_picked":["Saiyan:Planning","Saiyan:DragonFist+1"],"picked":"Saiyan:Rekindle","floor":31.0},{"not_picked":["Saiyan:GenkiDama","Saiyan:MindBoom"],"picked":"Saiyan:Rekindle","floor":33.0},{"not_picked":["Saiyan:SaiyanHubris","Saiyan:Scouter","Saiyan:RemoveWeights+1"],"picked":"SKIP","floor":35.0},{"not_picked":["Saiyan:BigBangAttack+1","Saiyan:Honing+1","Saiyan:WarmUp"],"picked":"SKIP","floor":36.0},{"not_picked":["Saiyan:GenkiDama","Saiyan:WarmUp+1","Saiyan:DragonFist"],"picked":"SKIP","floor":37.0},{"not_picked":["Saiyan:Quickening","Saiyan:SaiyanHubris","Saiyan:BigBangAttack+1"],"picked":"SKIP","floor":38.0},{"not_picked":["Saiyan:PlotArmor+1","Saiyan:DoubleMasenko+1"],"picked":"Saiyan:SuperSaiyanThree","floor":41.0},{"not_picked":["Saiyan:TransfigurationBeam","Saiyan:LastResort+1","Saiyan:Quickening"],"picked":"SKIP","floor":44.0},{"not_picked":["Saiyan:PowerPole","Saiyan:SaiyanHubris+1","Saiyan:Taunt"],"picked":"SKIP","floor":45.0},{"not_picked":["Saiyan:RemoveWeights","Saiyan:WarmUp+1"],"picked":"Saiyan:Expend","floor":46.0},{"not_picked":["Saiyan:Taunt","Saiyan:Reset+1","Saiyan:DragonRadar"],"picked":"SKIP","floor":47.0},{"not_picked":["Saiyan:ReverberatingForce+1","Saiyan:PlotArmor","Saiyan:ThirstForFight"],"picked":"SKIP","floor":48.0}],"player_experience":566087,"relics_obtained":[{"floor":1.0,"key":"LetterFromLob"},{"floor":6.0,"key":"Bird Faced Urn"},{"floor":8.0,"key":"HoshigumaDish"},{"floor":9.0,"key":"conspire:TopHat"},{"floor":12.0,"key":"BrokenLever"},{"floor":23.0,"key":"Replay:Bottled Snecko"},{"floor":25.0,"key":"qcfpunch:Red_Gi"},{"floor":26.0,"key":"GodSword6"},{"floor":27.0,"key":"Art of War"},{"floor":30.0,"key":"Bottled Lightning"},{"floor":41.0,"key":"GodSword5"},{"floor":41.0,"key":"Iron Hammer"},{"floor":43.0,"key":"aspiration:FetidBarrel"},{"floor":44.0,"key":"Blood Vial"},{"floor":44.0,"key":"qcfpunch:Red_Beret"},{"floor":47.0,"key":"hubris:MysteriousPyramids"},{"floor":47.0,"key":"Letter Opener"}],"event_choices":[{"damage_healed":0.0,"max_hp_gain":0.0,"max_hp_loss":0.0,"gold_gain":0.0,"event_name":"Accursed Blacksmith","player_choice":"Forge","floor":4.0,"gold_loss":0.0,"damage_taken":0.0,"cards_upgraded":["Saiyan:KameHameHa"]},{"damage_healed":0.0,"max_hp_gain":0.0,"max_hp_loss":0.0,"gold_gain":0.0,"event_name":"Lab","player_choice":"Got Potions","floor":19.0,"gold_loss":0.0,"damage_taken":0.0},{"damage_healed":0.0,"max_hp_gain":0.0,"max_hp_loss":0.0,"gold_gain":0.0,"event_name":"Upgrade Shrine","player_choice":"Upgraded","floor":39.0,"gold_loss":0.0,"damage_taken":0.0,"cards_upgraded":["Saiyan:MajinSeal"]}],"is_beta":false,"boss_relics":[{"not_picked":["Honey Jar","conspire:SlowCooker","Replay:Drink Me"]},{"not_picked":["halation:MonkeysPaw","StuffTheSpire:Kangaroo"],"picked":"rorgmod:Black Star"}],"items_purged_floors":[],"is_endless":false,"potions_floor_spawned":[5,11,13,16,18,20,27,30,31,33,35,41,44,45,47],"killed_by":"conspire:OrnateMirror","ascension_level":1}}