{"host":"k5wd0jv1m6dz3iwi","time":1610521560,"event":{"mods":["BaseMod","Better Vampires","Challenge The Spire","Custom Start","Highlight Path","Minty Spire (QoL Compilation)","Rare Cards Sparkle","Relic Stats","Slay the Relics Exporter","StSLib","everything is the same but u backflip on backflip"],"gold_per_floor":[135,135,174,174,222,324,324,414,414,465,465,465,561,621,621,846,846,882,237,270,309,70,169,169,271,297,330,330,363,411,489,489,711,711,741,774,119,119,119,221,221,221,221,269,359,392,443,545,545,545],"floor_reached":51,"language":"ENG","playtime":2874,"items_purged":["Bane"],"score":1792,"play_id":"4dfe62ee-e748-49ac-938a-2536467e7b5d","local_time":"20210113070600","daily_mods":["Draft","Time Dilation","Midas"],"is_ascension_mode":true,"campfire_choices":[{"floor":7.0,"key":"REST"},{"floor":12.0,"key":"REST"},{"floor":15.0,"key":"REST"},{"floor":24.0,"key":"REST"},{"floor":32.0,"key":"REST"},{"floor":42,"key":"DIG"},{"floor":49,"key":"DIG"}],"circlet_count":0,"master_deck":["AscendersBane","Acrobatics+1","Backstab+1","Distraction+1","Calculated Gamble+1","Distraction+1","Endless Agony+1","Blade Dance+1","Escape Plan+1","Blur+1","Blade Dance+1","Dagger Spray+1","Bouncing Flask+1","Tactician+1","Accuracy+1","A Thousand Cuts+1","Leg Sweep+1","Cloak And Dagger+1","Acrobatics+1","Burst+1","Deflect+1","Bullet Time+1","Blur+1","Prepared+1","Choke+1","Leg Sweep+1","Deflect+1","Writhe","Concentrate+1","PiercingWail+1","Blade Dance+1","Envenom+1","Flechettes+1","PiercingWail+1","Masterful Stab+1","Secret Technique+1","Finesse+1","Thinking Ahead","Cloak And Dagger+1","Escape Plan","Backflip+1"],"relics":["Ring of the Snake","Centennial Puzzle","Sundial","Blue Candle","Dream Catcher","Turnip","Runic Pyramid","Vajra","Du-Vu Doll","Singing Bowl","Bottled Tornado","Blood Vial","Boot","Letter Opener","MealTicket","Sozu","Tough Bandages","Mark of the Bloom","Shovel","Anchor","Lantern","Bottled Flame","Shuriken","Whetstone"],"acts_visited":["Exordium","TheCity","TheBeyond"],"potions_floor_usage":[50,50],"damage_taken":[{"damage":0.0,"enemies":"Cultist","floor":1.0,"turns":1.0},{"damage":0.0,"enemies":"Jaw Worm","floor":3.0,"turns":1.0},{"damage":0.0,"enemies":"2 Louse","floor":5.0,"turns":1.0},{"damage":21.0,"enemies":"3 Sentries","floor":6.0,"turns":4.0},{"damage":0.0,"enemies":"Lagavulin","floor":8.0,"turns":3.0},{"damage":0.0,"enemies":"Red Slaver","floor":10.0,"turns":2.0},{"damage":0.0,"enemies":"Gremlin Nob","floor":13.0,"turns":2.0},{"damage":7.0,"enemies":"3 Louse","floor":14.0,"turns":2.0},{"damage":17.0,"enemies":"The Guardian","floor":16.0,"turns":7.0},{"damage":0.0,"enemies":"2 Thieves","floor":18.0,"turns":3.0},{"damage":3.0,"enemies":"Shell Parasite","floor":20.0,"turns":2.0},{"damage":2.0,"enemies":"Cultist and Chosen","floor":21.0,"turns":2.0},{"damage":10.0,"enemies":"Gremlin Leader","floor":23.0,"turns":3.0},{"damage":20.0,"enemies":"Slavers","floor":25.0,"turns":2.0},{"damage":0.0,"enemies":"Sentry and Sphere","floor":27.0,"turns":3.0},{"damage":1.0,"enemies":"Snake Plant","floor":29.0,"turns":2.0},{"damage":16.0,"enemies":"Shelled Parasite and Fungi","floor":30.0,"turns":2.0},{"damage":15.0,"enemies":"Book of Stabbing","floor":31.0,"turns":4.0},{"damage":18.0,"enemies":"Collector","floor":33.0,"turns":5.0},{"damage":1.0,"enemies":"Orb Walker","floor":35.0,"turns":2.0},{"damage":3.0,"enemies":"3 Darklings","floor":36.0,"turns":2.0},{"damage":0.0,"enemies":"Reptomancer","floor":40.0,"turns":2.0},{"damage":1,"enemies":"Transient","floor":44,"turns":5},{"damage":1,"enemies":"Giant Head","floor":45,"turns":4},{"damage":9,"enemies":"Spire Growth","floor":46,"turns":3},{"damage":0,"enemies":"Maw","floor":47,"turns":3},{"damage":1,"enemies":"Nemesis","floor":48,"turns":1},{"damage":1,"enemies":"Awakened One","floor":50,"turns":5}],"seed_played":"410089768436761521","potions_obtained":[{"floor":3.0,"key":"Swift Potion"},{"floor":6.0,"key":"BlessingOfTheForge"},{"floor":10.0,"key":"DistilledChaos"},{"floor":11.0,"key":"FairyPotion"},{"floor":13.0,"key":"Swift Potion"},{"floor":20.0,"key":"BlessingOfTheForge"},{"floor":21.0,"key":"Strength Potion"},{"floor":25.0,"key":"DuplicationPotion"},{"floor":33.0,"key":"Explosive Potion"}],"is_trial":true,"path_per_floor":["M","?","M","?","M","E","R","E","T","M","?","R","E","M","R","B",null,"M","$","M","M","$","E","R","E","T","M","?","M","M","E","R","B",null,"M","M","$","?","?","E","?","R","T","M","E","M","M","E","R","B",null],"character_chosen":"THE_SILENT","items_purchased":["Vajra","Du-Vu Doll","Blur","SkillPotion","Singing Bowl","Masterful Stab","Tough Bandages","Secret Technique","Finesse"],"campfire_rested":5,"item_purchase_floors":[19,19,19,19,22,37,37,37,37],"current_hp_per_floor":[59,59,59,59,59,38,57,57,57,57,57,66,66,59,66,49,62,62,62,59,57,57,47,66,48,48,50,50,51,37,26,47,31,60,61,60,70,66,66,66,66,66,66,65,64,55,55,54,54,53],"gold":545,"neow_bonus":"","is_daily":false,"chose_seed":false,"campfire_upgraded":0,"win_rate":0.0,"timestamp":1610521560,"path_taken":["M","?","?","?","M","E","R","E","T","?","?","R","E","M","R","BOSS","M","$","?","M","$","E","R","E","T","M","?","M","M","E","R","BOSS","M","M","$","?","?","E","?","R","T","?","E","M","M","E","R","BOSS"],"items_purchased_type":["Relic","Relic","Card","Potion","Relic","Card","Relic","Card","Card"],"build_version":"2020-12-22","purchased_purges":1,"victory":true,"max_hp_per_floor":[66,66,66,66,66,66,66,66,66,66,66,66,66,66,66,66,66,66,66,66,66,66,66,66,68,68,68,68,68,68,70,70,70,70,70,70,70,66,66,68,68,68,68,68,68,68,70,70,70,70],"relic_stats":{"Mark of the Bloom":18,"Singing Bowl":8,"counters":[28,78],"Blue Candle":[10],"Letter Opener":[260],"Whetstone":[],"Boot":[0],"Blood Vial":14,"Sozu":2,"Centennial Puzzle":[57],"Dream Catcher":4,"Tough Bandages":[78],"Shovel":2,"Sundial":[6],"Shuriken":[5],"MealTicket":10,"Turnip":[11],"obtain_stats":[{"Mark of the Bloom":39,"Lantern":43,"Singing Bowl":22,"Blue Candle":8,"Vajra":19,"Letter Opener":28,"Whetstone":49,"Bottled Tornado":23,"Boot":26,"Du-Vu Doll":19,"Blood Vial":25,"Sozu":34,"Centennial Puzzle":4,"Dream Catcher":9,"Tough Bandages":37,"Anchor":42,"Bottled Flame":45,"Shovel":40,"Sundial":6,"Shuriken":48,"MealTicket":31,"Turnip":13,"Ring of the Snake":0,"Runic Pyramid":17},{"Mark of the Bloom":21,"Lantern":22,"Singing Bowl":12,"Blue Candle":5,"Vajra":10,"Letter Opener":15,"Whetstone":27,"Bottled Tornado":13,"Boot":14,"Du-Vu Doll":10,"Blood Vial":14,"Sozu":19,"Centennial Puzzle":2,"Dream Catcher":5,"Tough Bandages":21,"Anchor":22,"Bottled Flame":24,"Shovel":22,"Sundial":4,"Shuriken":27,"MealTicket":18,"Turnip":7,"Ring of the Snake":0,"Runic Pyramid":9},{"Mark of the Bloom":55,"Lantern":57,"Singing Bowl":30,"Blue Candle":10,"Vajra":26,"Letter Opener":38,"Whetstone":73,"Bottled Tornado":33,"Boot":35,"Du-Vu Doll":26,"Blood Vial":35,"Sozu":51,"Centennial Puzzle":2,"Dream Catcher":10,"Tough Bandages":55,"Anchor":57,"Bottled Flame":66,"Shovel":57,"Sundial":7,"Shuriken":73,"MealTicket":46,"Turnip":14,"Ring of the Snake":0,"Runic Pyramid":23}],"Ring of the Snake":[58]},"card_choices":[{"not_picked":["Sucker Punch","Poisoned Stab"],"picked":"Acrobatics","floor":0.0},{"not_picked":["Bane","Outmaneuver"],"picked":"Backstab","floor":0.0},{"not_picked":["Dodge and Roll","Deadly Poison"],"picked":"Slice","floor":0.0},{"not_picked":["Slice","Backflip"],"picked":"Distraction","floor":0.0},{"not_picked":["Quick Slash","Deflect"],"picked":"Calculated Gamble","floor":0.0},{"not_picked":["Concentrate","Dagger Throw"],"picked":"Distraction","floor":0.0},{"not_picked":["All Out Attack","Bane"],"picked":"Endless Agony","floor":0.0},{"not_picked":["Sucker Punch","Deflect"],"picked":"Blade Dance","floor":0.0},{"not_picked":["Dodge and Roll","Reflex"],"picked":"Bane","floor":0.0},{"not_picked":["Bane","Dagger Throw"],"picked":"Escape Plan","floor":0.0},{"not_picked":["Dagger Throw","Setup"],"picked":"Bane","floor":0.0},{"not_picked":["Backflip","Expertise"],"picked":"Blur","floor":0.0},{"not_picked":["Quick Slash","Dodge and Roll"],"picked":"Blade Dance","floor":0.0},{"not_picked":["Poisoned Stab","PiercingWail"],"picked":"Dagger Spray","floor":0.0},{"not_picked":["Underhanded Strike","Crippling Poison"],"picked":"Bouncing Flask","floor":0.0},{"not_picked":["PiercingWail","Setup"],"picked":"Tactician","floor":1.0},{"not_picked":["Deflect","Acrobatics"],"picked":"Accuracy","floor":3.0},{"not_picked":["Bouncing Flask","Expertise","Backflip"],"picked":"SKIP","floor":5.0},{"not_picked":["Setup","Prepared"],"picked":"A Thousand Cuts","floor":6.0},{"not_picked":["Tactician","Blade Dance"],"picked":"Leg Sweep","floor":8.0},{"not_picked":["Sucker Punch","All Out Attack"],"picked":"Cloak And Dagger","floor":10.0},{"not_picked":["Backstab","Cloak And Dagger"],"picked":"Acrobatics","floor":12.0},{"not_picked":["Backstab","Riddle With Holes","Underhanded Strike"],"picked":"SKIP","floor":13.0},{"not_picked":["Skewer","Outmaneuver"],"picked":"Burst","floor":14.0},{"not_picked":["Prepared","Accuracy"],"picked":"Deflect","floor":15.0},{"not_picked":["A Thousand Cuts","Wraith Form v2"],"picked":"Bullet Time","floor":16.0},{"not_picked":["Backflip","Deadly Poison","Cloak And Dagger"],"picked":"SKIP","floor":18.0},{"not_picked":["Infinite Blades+1","Cloak And Dagger","Riddle With Holes"],"picked":"SKIP","floor":20.0},{"not_picked":["Bane","Quick Slash"],"picked":"Prepared","floor":21.0},{"not_picked":["Sucker Punch+1","Unload"],"picked":"Choke+1","floor":23.0},{"not_picked":["Bane","Endless Agony"],"picked":"Leg Sweep+1","floor":24.0},{"not_picked":["Backflip","Footwork","Dash"],"picked":"Singing Bowl","floor":25.0},{"not_picked":["Sucker Punch","Deadly Poison"],"picked":"Deflect+1","floor":27.0},{"not_picked":["Bane","Acrobatics"],"picked":"Concentrate+1","floor":29.0},{"not_picked":["Prepared","Quick Slash"],"picked":"PiercingWail","floor":30.0},{"not_picked":["Outmaneuver","Blur","Riddle With Holes"],"picked":"Singing Bowl","floor":31.0},{"not_picked":["Backflip","Cloak And Dagger"],"picked":"Blade Dance","floor":32.0},{"not_picked":["Adrenaline","Doppelganger"],"picked":"Envenom","floor":33.0},{"not_picked":["Backflip","Acrobatics"],"picked":"Flechettes","floor":35.0},{"not_picked":["Dash","Expertise+1"],"picked":"PiercingWail","floor":36.0},{"not_picked":["Riddle With Holes","Caltrops","Reflex"],"picked":"Singing Bowl","floor":40},{"not_picked":["Bandage Up","Madness"],"picked":"Thinking Ahead","floor":41},{"not_picked":["Dagger Spray+1","Sucker Punch+1"],"picked":"Cloak And Dagger+1","floor":44},{"not_picked":["PiercingWail","Deadly Poison","Acrobatics"],"picked":"SKIP","floor":45},{"not_picked":["Slice","Dodge and Roll"],"picked":"Escape Plan","floor":46},{"not_picked":["Slice","Endless Agony","Acrobatics"],"picked":"Singing Bowl","floor":47},{"not_picked":["Blade Dance","Eviscerate+1"],"picked":"Backflip+1","floor":48}],"player_experience":1249328,"relics_obtained":[{"floor":6.0,"key":"Sundial"},{"floor":8.0,"key":"Blue Candle"},{"floor":9.0,"key":"Dream Catcher"},{"floor":13.0,"key":"Turnip"},{"floor":23.0,"key":"Bottled Tornado"},{"floor":25.0,"key":"Blood Vial"},{"floor":26.0,"key":"Boot"},{"floor":31.0,"key":"MealTicket"},{"floor":40,"key":"Shovel"},{"floor":42,"key":"Anchor"},{"floor":43,"key":"Lantern"},{"floor":45,"key":"Bottled Flame"},{"floor":48,"key":"Shuriken"},{"floor":49,"key":"Whetstone"}],"event_choices":[{"cards_removed":["Bane"],"damage_healed":0.0,"max_hp_gain":0.0,"max_hp_loss":0.0,"gold_gain":0.0,"event_name":"Wheel of Change","player_choice":"Card Removal","floor":2.0,"gold_loss":0.0,"damage_taken":0.0},{"cards_removed":["Slice"],"damage_healed":0.0,"max_hp_gain":0.0,"max_hp_loss":0.0,"gold_gain":0.0,"event_name":"WeMeetAgain","player_choice":"Gave Card","floor":4.0,"gold_loss":0.0,"damage_taken":0.0,"relics_obtained":["Centennial Puzzle"]},{"damage_healed":0.0,"max_hp_gain":0.0,"max_hp_loss":0.0,"gold_gain":0.0,"event_name":"Lab","player_choice":"Got Potions","floor":11.0,"gold_loss":0.0,"damage_taken":0.0},{"damage_healed":0.0,"max_hp_gain":0.0,"max_hp_loss":0.0,"gold_gain":0.0,"event_name":"The Mausoleum","player_choice":"Opened","floor":28.0,"gold_loss":0.0,"damage_taken":0.0,"relics_obtained":["Letter Opener"],"cards_obtained":["Writhe"]},{"damage_healed":0.0,"max_hp_gain":0.0,"max_hp_loss":4.0,"gold_gain":0.0,"event_name":"Winding Halls","player_choice":"Max HP","floor":38.0,"gold_loss":0.0,"damage_taken":0.0},{"damage_healed":0.0,"max_hp_gain":0.0,"max_hp_loss":0.0,"gold_gain":0.0,"event_name":"MindBloom","player_choice":"Upgrade","floor":39.0,"gold_loss":0.0,"damage_taken":0.0,"cards_upgraded":["Acrobatics","Backstab","Distraction","Calculated Gamble","Distraction","Endless Agony","Blade Dance","Escape Plan","Blur","Blade Dance","Dagger Spray","Bouncing Flask","Tactician","Accuracy","A Thousand Cuts","Leg Sweep","Cloak And Dagger","Acrobatics","Burst","Deflect","Bullet Time","Blur","Prepared","PiercingWail","Blade Dance","Envenom","Flechettes","PiercingWail","Masterful Stab","Secret Technique","Finesse"],"relics_obtained":["Mark of the Bloom"]},{"damage_healed":0,"gold_gain":0,"player_choice":"Memory 1","damage_taken":0,"max_hp_gain":0,"max_hp_loss":0,"event_name":"SensoryStone","floor":41,"gold_loss":0}],"is_beta":false,"boss_relics":[{"not_picked":["Astrolabe","Empty Cage"],"picked":"Runic Pyramid"},{"not_picked":["Calling Bell","Black Star"],"picked":"Sozu"}],"items_purged_floors":[19],"is_endless":false,"potions_floor_spawned":[3,6,10,13,14,20,21,23,25,33,45,46,48],"ascension_level":15}}