{"host":"67w4bo1ws77yotej","time":1610573570,"event":{"mods":["AchievementEnabler","Arknights The Spire","Aspiration","BaseMod","Beaked The Cultist","BetterRewards","Colored Map","Conspire","Downfall","Ekko","Energized Spire","Friendly Minions","Gremlin Mod","Halation","Hero for Fun","Hubris","Infinite Spire","Kiyohime????","Minty Spire (QoL Compilation)","READ ME - Guardian Mod","READ ME - Snecko Mod","Spicy Shops","StSLib","The Forsaken","The Jungle","The Wild Card","TheHero","vexMod"],"gold_per_floor":[114,56,56,56,56,83,100,100,100,50,50,67,67,81,81,182,182,197,210,210,229,229,229,229],"floor_reached":23,"language":"ENG","playtime":1867,"items_purged":[],"score":239,"play_id":"9bcf9a67-237a-46fd-bc3b-362a4fd4eab8","local_time":"20210113223250","is_ascension_mode":false,"campfire_choices":[{"data":"beaked:Ceremony","floor":13,"key":"SMITH"},{"data":"beaked:Insight","floor":15,"key":"SMITH"}],"circlet_count":0,"master_deck":["beaked:Strike_Y","beaked:Strike_Y","beaked:Strike_Y","beaked:Strike_Y","beaked:Strike_Y","beaked:Strike_Y","beaked:Defend_Y","beaked:Defend_Y","beaked:Defend_Y","beaked:Defend_Y","beaked:Ceremony","beaked:Ceremony","beaked:Ceremony+1","beaked:Daydream","beaked:Sacrifice","conspire:Banana","beaked:DigDeep","beaked:Tweet","beaked:Overpower","beaked:Insight+1","beaked:KnowThyFoe","beaked:Windmill","beaked:DigDeeper","beaked:BraceForImpact"],"relics":["beaked:MendingPlumage","NeowsBlessing","MealTicket","Strawberry","theForsaken:PlagueMask","Blood Vial","aspiration:SecretTechniqueScroll","Shovel"],"acts_visited":["Exordium","Exordium"],"potions_floor_usage":[16,16,23],"damage_taken":[{"damage":9,"enemies":"2 Louse","floor":1,"turns":2},{"damage":0,"enemies":"Gremlin Nob","floor":6,"turns":1},{"damage":0,"enemies":"Jaw Worm","floor":7,"turns":1},{"damage":17,"enemies":"Cultist","floor":12,"turns":6},{"damage":26,"enemies":"conspire:2 RoseBushes","floor":14,"turns":6},{"damage":50,"enemies":"The Guardian","floor":16,"turns":9},{"damage":44,"enemies":"theJungle:MUSHROOMGANG","floor":18,"turns":6},{"damage":51,"enemies":"theJungle:5_Spyders","floor":19,"turns":8},{"damage":60,"enemies":"Snake Plant","floor":21,"turns":6},{"damage":80,"enemies":"theJungle:MamaSnecko","floor":23,"turns":6}],"seed_played":"6472177363289956475","potions_obtained":[{"floor":7,"key":"DuplicationPotion"},{"floor":14,"key":"LiquidMemories"},{"floor":21,"key":"Block Potion"}],"is_trial":false,"path_per_floor":["M","$","?","?","?","E","M","?","T","$","?","M","R","M","R","B",null,"M","M","?","M","?","E"],"character_chosen":"BEAKED_THE_CULTIST","items_purchased":["MealTicket","Dexterity Potion"],"campfire_rested":0,"item_purchase_floors":[2,10],"current_hp_per_floor":[43,43,36,36,36,47,48,48,48,58,58,53,53,55,55,40,64,56,56,66,39,25,0,0],"gold":229,"neow_bonus":"THREE_ENEMY_KILL","is_daily":false,"chose_seed":false,"campfire_upgraded":2,"win_rate":0.0,"timestamp":1610573570,"path_taken":["M","$","?","?","?","E","?","?","T","$","?","M","R","M","R","BOSS","M","?","?","M","?","E"],"items_purchased_type":["Relic","Potion"],"build_version":"2020-12-22","purchased_purges":0,"victory":false,"max_hp_per_floor":[50,50,50,50,50,58,58,58,58,58,58,62,62,63,63,64,64,68,75,75,76,76,76,76],"card_choices":[{"not_picked":["beaked:Foresight","beaked:Windmill"],"picked":"beaked:Daydream","floor":1},{"not_picked":["beaked:Brace","beaked:LiftOff"],"picked":"beaked:DigDeep","floor":6},{"not_picked":["beaked:Daydream","beaked:FeelMyPain"],"picked":"beaked:Tweet","floor":7},{"not_picked":["beaked:Resilience","beaked:DigDeep"],"picked":"beaked:Overpower","floor":12},{"not_picked":["beaked:Daydream","beaked:RitualOfBody"],"picked":"beaked:Insight","floor":14},{"not_picked":["beaked:LiftOff","beaked:MachineEssence"],"picked":"beaked:KnowThyFoe","floor":16},{"not_picked":["beaked:Tweet+1","beaked:SacrificialAttack+1"],"picked":"beaked:Windmill","floor":18},{"not_picked":["beaked:CursingBlood","beaked:Recite"],"picked":"beaked:DigDeeper","floor":19},{"not_picked":["beaked:FeelMyPain+1","beaked:Mantra"],"picked":"beaked:BraceForImpact","floor":21}],"player_experience":179373,"relics_obtained":[{"floor":6,"key":"Strawberry"},{"floor":9,"key":"Blood Vial"}],"event_choices":[{"cards_removed":["Pain"],"damage_healed":0,"gold_gain":0,"player_choice":"Card Removal","damage_taken":7,"max_hp_gain":0,"max_hp_loss":0,"event_name":"Golden Wing","floor":3,"gold_loss":0},{"damage_healed":0,"gold_gain":0,"player_choice":"1 cards matched","damage_taken":0,"max_hp_gain":0,"max_hp_loss":0,"event_name":"Match and Keep!","floor":5,"gold_loss":0,"cards_obtained":["conspire:Banana"]},{"damage_healed":0,"gold_gain":0,"player_choice":"Obtain Plague Curse","damage_taken":0,"max_hp_gain":0,"max_hp_loss":0,"event_name":"Plague Doctor","floor":8,"gold_loss":0,"cards_obtained":["theForsaken:PlagueCurse"]},{"cards_removed":["theForsaken:PlagueCurse"],"damage_healed":0,"gold_gain":0,"player_choice":"Purged","damage_taken":0,"max_hp_gain":0,"max_hp_loss":0,"event_name":"Purifier","floor":11,"gold_loss":0}],"is_beta":false,"boss_relics":[{"not_picked":["vexMod:FluxCapacitor","vexMod:TanglingVine"],"picked":"aspiration:SecretTechniqueScroll"}],"items_purged_floors":[],"is_endless":false,"potions_floor_spawned":[7,14,21],"killed_by":"theJungle:MamaSnecko","ascension_level":0}}