{"host":"w9yruvs4bqht6bhw","time":1610497422,"event":{"mods":["BaseMod","Colored Powertips","Minty Spire (QoL Compilation)"],"gold_per_floor":[114,133,83,35,35,35,68,83,83,83,83,135,160,180,180,275,275,264,264,283,235,235,235],"floor_reached":22,"language":"ENG","playtime":569,"items_purged":[],"score":340,"play_id":"e57ebb24-f06e-4d5c-a402-eb2321277211","local_time":"20210112192342","is_ascension_mode":true,"campfire_choices":[{"data":"Armaments","floor":6,"key":"SMITH"},{"data":"Bash","floor":10,"key":"SMITH"},{"data":"Anger","floor":15,"key":"SMITH"}],"circlet_count":0,"master_deck":["Strike_R+1","Strike_R+1","Strike_R+1","Strike_R+1","Defend_R+1","Defend_R+1","Defend_R+1","Defend_R+1","Bash+1","Armaments+1","Anger+1","Headbutt","Armaments+1","Limit Break+1","Flame Barrier+1"],"relics":["Burning Blood","NeowsBlessing","Gremlin Horn","Toxic Egg 2","Pear","War Paint","Toy Ornithopter","SlaversCollar"],"acts_visited":["Exordium","TheCity"],"potions_floor_usage":[13,16],"damage_taken":[{"damage":0,"enemies":"Cultist","floor":1,"turns":1},{"damage":0,"enemies":"Jaw Worm","floor":2,"turns":1},{"damage":0,"enemies":"3 Sentries","floor":7,"turns":2},{"damage":0,"enemies":"Small Slimes","floor":8,"turns":3},{"damage":2,"enemies":"Gremlin Nob","floor":13,"turns":3},{"damage":0,"enemies":"Looter","floor":14,"turns":3},{"damage":51,"enemies":"The Guardian","floor":16,"turns":13},{"damage":24,"enemies":"2 Thieves","floor":18,"turns":4},{"damage":22,"enemies":"Chosen","floor":20,"turns":5},{"damage":50,"enemies":"Shelled Parasite and Fungi","floor":22,"turns":4}],"seed_played":"7539838694189157762","potions_obtained":[{"floor":13,"key":"SpeedPotion"},{"floor":14,"key":"ColorlessPotion"},{"floor":20,"key":"Dexterity Potion"}],"is_trial":false,"path_per_floor":["M","M","?","$","?","R","E","M","T","R","?","T","E","M","R","B",null,"M","?","M","$","M"],"character_chosen":"IRONCLAD","items_purchased":["SteroidPotion","SteroidPotion"],"campfire_rested":0,"item_purchase_floors":[4,21],"current_hp_per_floor":[78,80,80,80,85,85,85,85,85,85,88,88,92,95,95,50,84,66,66,50,50,0,0],"gold":235,"neow_bonus":"THREE_ENEMY_KILL","is_daily":false,"chose_seed":false,"campfire_upgraded":3,"win_rate":0.0,"timestamp":1610497422,"path_taken":["M","M","?","$","?","R","E","M","T","R","?","?","E","M","R","BOSS","M","?","M","$","M"],"items_purchased_type":["Potion","Potion"],"build_version":"2020-12-22","purchased_purges":0,"victory":false,"max_hp_per_floor":[80,80,80,80,85,85,85,85,85,85,95,95,95,95,95,95,95,95,95,95,95,95,95],"card_choices":[{"not_picked":["Wild Strike","Havoc"],"picked":"Armaments","floor":1},{"not_picked":["Headbutt","Cleave"],"picked":"Anger","floor":2},{"not_picked":["Clash","Flex","Twin Strike"],"picked":"SKIP","floor":7},{"not_picked":["Sword Boomerang","Iron Wave"],"picked":"Headbutt","floor":8},{"not_picked":["Sentinel+1","Iron Wave","Warcry+1"],"picked":"SKIP","floor":13},{"not_picked":["Warcry+1","Headbutt"],"picked":"Armaments+1","floor":14},{"not_picked":["Immolate","Reaper"],"picked":"Limit Break+1","floor":16},{"not_picked":["Whirlwind","Battle Trance+1"],"picked":"Flame Barrier+1","floor":18},{"not_picked":["Heavy Blade","Burning Pact+1","Sword Boomerang"],"picked":"SKIP","floor":20}],"player_experience":395368,"relics_obtained":[{"floor":7,"key":"Gremlin Horn"},{"floor":9,"key":"Toxic Egg 2"},{"floor":12,"key":"War Paint"},{"floor":13,"key":"Toy Ornithopter"}],"event_choices":[{"cards_removed":["Strike_R"],"damage_healed":0,"gold_gain":0,"player_choice":"Card Removal","damage_taken":0,"max_hp_gain":0,"max_hp_loss":0,"event_name":"The Cleric","floor":3,"gold_loss":50},{"damage_healed":0,"gold_gain":0,"player_choice":"Donut","damage_taken":0,"max_hp_gain":5,"max_hp_loss":0,"event_name":"Big Fish","floor":5,"gold_loss":0},{"damage_healed":0,"gold_gain":0,"player_choice":"Success","damage_taken":7,"relics_obtained":["Pear"],"max_hp_gain":0,"max_hp_loss":0,"event_name":"Scrap Ooze","floor":11,"gold_loss":0},{"damage_healed":0,"gold_gain":0,"player_choice":"Simplicity","damage_taken":0,"max_hp_gain":0,"max_hp_loss":0,"event_name":"Back to Basics","floor":19,"gold_loss":0,"cards_upgraded":["Strike_R","Strike_R","Strike_R","Strike_R","Defend_R","Defend_R"]}],"is_beta":false,"boss_relics":[{"not_picked":["Cursed Key","Astrolabe"],"picked":"SlaversCollar"}],"items_purged_floors":[],"is_endless":false,"potions_floor_spawned":[13,14,20],"killed_by":"Shelled Parasite and Fungi","ascension_level":9}}