{"host":"z2t3rxuzpenn68te","time":1610548219,"event":{"mods":["BaseMod","Marisa£®ÏF”Í°°ƒß¿Ì…≥£©","Minty Spire (QoL Compilation)","Replay The Spire","StSLib"],"gold_per_floor":[111,123,123,134,181,215,215,232,256,270,280,280,308,324,324,419,419,435,435,90,100,112,112,112,112,141,141,164,192,210,226,261,279,279,279,279],"floor_reached":35,"language":"ZHS","playtime":2027,"items_purged":[],"score":505,"play_id":"2c440076-fda5-495e-8726-2a938cfbde0a","local_time":"20210113223019","is_ascension_mode":true,"campfire_choices":[{"data":"Perfected Strike","floor":12.0,"key":"SMITH"},{"data":"Perfected Strike","floor":15.0,"key":"SMITH"},{"data":"Armaments","floor":23.0,"key":"SMITH"},{"data":"Inflame","floor":27.0,"key":"SMITH"},{"floor":34,"key":"DIG"}],"circlet_count":0,"master_deck":["Strike_R","Strike_R","Strike_R+1","Strike_R+1","Defend_R","Defend_R","Defend_R","Defend_R+1","Bash","Iron Wave","Battle Trance","Intimidate","Carnage","Anger","Perfected Strike","Shrug It Off","Perfected Strike+1","Disarm+1","Perfected Strike+1","Ghostly Armor","Double Tap","Twin Strike","Spot Weakness","Hemogenesis","Headbutt","Inflame+1","Armaments+1","Reaper","Thunderclap+1","Perfected Strike","Impervious","Perfected Strike+1","Inflame","Replay:Undeath\u0027s Touch"],"relics":["Burning Blood","Bottled Flame","Orichalcum","Prayer Wheel","Sozu","Nloth\u0027s Gift","Oddly Smooth Stone","Blood Vial","Omamori","War Paint","Bag of Preparation","StoneCalendar"],"acts_visited":["TheCity"],"potions_floor_usage":[35],"damage_taken":[{"damage":0.0,"enemies":"Small Slimes","floor":1.0,"turns":3.0},{"damage":6.0,"enemies":"Cultist","floor":2.0,"turns":3.0},{"damage":2.0,"enemies":"2 Louse","floor":4.0,"turns":4.0},{"damage":24.0,"enemies":"Gremlin Nob","floor":6.0,"turns":4.0},{"damage":9.0,"enemies":"Red Slaver","floor":8.0,"turns":3.0},{"damage":7.0,"enemies":"2 Fungi Beasts","floor":10.0,"turns":2.0},{"damage":8.0,"enemies":"Gremlin Gang","floor":11.0,"turns":4.0},{"damage":6.0,"enemies":"3 Sentries","floor":13.0,"turns":7.0},{"damage":2.0,"enemies":"Blue Slaver","floor":14.0,"turns":3.0},{"damage":32.0,"enemies":"The Guardian","floor":16.0,"turns":12.0},{"damage":0.0,"enemies":"Spheric Guardian","floor":18.0,"turns":3.0},{"damage":17.0,"enemies":"Shell Parasite","floor":21.0,"turns":3.0},{"damage":25.0,"enemies":"Centurion and Healer","floor":22.0,"turns":3.0},{"damage":10.0,"enemies":"Book of Stabbing","floor":26.0,"turns":5.0},{"damage":25.0,"enemies":"Gremlin Leader","floor":29.0,"turns":6.0},{"damage":6.0,"enemies":"Snake Plant","floor":30.0,"turns":4.0},{"damage":18.0,"enemies":"3 Cultists","floor":31.0,"turns":5.0},{"damage":35.0,"enemies":"Book of Stabbing","floor":32.0,"turns":5.0},{"damage":11.0,"enemies":"Centurion and Healer","floor":33.0,"turns":4.0},{"damage":97,"enemies":"Collector","floor":35,"turns":6}],"seed_played":"-5951488763823409238","potions_obtained":[{"floor":2.0,"key":"Explosive Potion"},{"floor":8.0,"key":"FearPotion"},{"floor":13.0,"key":"Explosive Potion"},{"floor":16.0,"key":"FearPotion"}],"is_trial":false,"path_per_floor":["M","M","?","M","T","E","?","M","T","M","M","R","E","M","R","B",null,"M","?","$","M","M","R","PTL","PTL","E","R","T","E","M","M","E","M","R","B"],"character_chosen":"IRONCLAD","items_purchased":["Spot Weakness","Hemogenesis","Oddly Smooth Stone"],"campfire_rested":0,"item_purchase_floors":[20,20,20],"current_hp_per_floor":[86,86,86,88,88,70,52,49,49,48,46,46,46,50,50,24,72,78,78,78,67,48,48,48,48,49,49,49,64,66,56,29,34,34,0,0],"gold":279,"neow_bonus":"TEN_PERCENT_HP_BONUS","is_daily":false,"chose_seed":false,"campfire_upgraded":4,"win_rate":0.0,"timestamp":1610548219,"path_taken":["M","M","?","?","?","E","?","M","T","M","M","R","E","M","R","BOSS","M","?","$","M","M","R","PTL","PTL","E","R","T","E","?","M","E","M","R","BOSS"],"items_purchased_type":["Card","Card","Relic"],"build_version":"2020-12-22","purchased_purges":0,"victory":false,"max_hp_per_floor":[88,88,88,88,88,88,88,88,88,88,88,88,88,88,88,88,88,88,88,88,88,88,88,88,88,88,88,88,88,88,88,88,88,88,88,88],"card_choices":[{"not_picked":["Shrug It Off","Dark Embrace"],"picked":"Iron Wave","floor":1.0},{"not_picked":["Disarm","True Grit"],"picked":"Battle Trance","floor":2.0},{"not_picked":["Burning Pact","Headbutt"],"picked":"Carnage","floor":4.0},{"not_picked":["Anger","Sentinel","Body Slam"],"picked":"SKIP","floor":6.0},{"not_picked":["Sentinel","Body Slam"],"picked":"Anger","floor":6.0},{"not_picked":["Dark Embrace","Rampage"],"picked":"Perfected Strike","floor":8.0},{"not_picked":["Havoc","Second Wind"],"picked":"Shrug It Off","floor":10.0},{"not_picked":["Havoc","True Grit"],"picked":"Perfected Strike","floor":11.0},{"not_picked":["Heavy Blade","Blood for Blood"],"picked":"Disarm","floor":13.0},{"not_picked":["Carnage","Uppercut"],"picked":"Perfected Strike","floor":14.0},{"not_picked":["Heavy Blade","Seeing Red"],"picked":"Ghostly Armor","floor":14.0},{"not_picked":["Bludgeon","Demon Form"],"picked":"Double Tap","floor":16.0},{"not_picked":["Cleave","Warcry+1"],"picked":"Twin Strike","floor":18.0},{"not_picked":["Burning Pact","Heavy Blade","Havoc"],"picked":"SKIP","floor":18.0},{"not_picked":["Burning Pact","Heavy Blade","Havoc"],"picked":"SKIP","floor":18.0},{"not_picked":["Shockwave","Warcry"],"picked":"Headbutt","floor":21.0},{"not_picked":["True Grit","Second Wind+1","Blood for Blood"],"picked":"SKIP","floor":21.0},{"not_picked":["Havoc","Anger+1"],"picked":"Inflame","floor":22.0},{"not_picked":["Heavy Blade","Thunderclap"],"picked":"Armaments","floor":22.0},{"not_picked":["Juggernaut","Seeing Red"],"picked":"Reaper","floor":26.0},{"not_picked":["True Grit","ReplayTheSpireMod:Strike From Hell+1","Sword Boomerang"],"picked":"SKIP","floor":29.0},{"not_picked":["True Grit","Fire Breathing"],"picked":"Thunderclap+1","floor":30.0},{"not_picked":["Clothesline","Ghostly Armor","Wild Strike"],"picked":"SKIP","floor":30.0},{"not_picked":["Clothesline+1","Clash+1"],"picked":"Perfected Strike","floor":31.0},{"not_picked":["Anger","Life Link"],"picked":"Impervious","floor":31.0},{"not_picked":["Barricade","Reaper"],"picked":"Perfected Strike+1","floor":32.0},{"not_picked":["ReplayTheSpireMod:Strike From Hell","Cleave+1"],"picked":"Inflame","floor":33.0},{"not_picked":["Massacre","ReplayTheSpireMod:Strike From Hell+1"],"picked":"Replay:Undeath\u0027s Touch","floor":33.0}],"player_experience":148380,"relics_obtained":[{"floor":5.0,"key":"Tiny Chest"},{"floor":6.0,"key":"Bottled Flame"},{"floor":9.0,"key":"Orichalcum"},{"floor":13.0,"key":"Prayer Wheel"},{"floor":26.0,"key":"Blood Vial"},{"floor":28.0,"key":"Omamori"},{"floor":29.0,"key":"War Paint"},{"floor":32.0,"key":"Bag of Preparation"},{"floor":34,"key":"StoneCalendar"}],"event_choices":[{"damage_healed":0.0,"max_hp_gain":0.0,"max_hp_loss":0.0,"gold_gain":0.0,"cards_transformed":["Strike_R"],"event_name":"Transmorgrifier","player_choice":"Transformed","floor":3.0,"gold_loss":0.0,"damage_taken":0.0,"cards_obtained":["Intimidate"]},{"damage_healed":0.0,"max_hp_gain":0.0,"max_hp_loss":0.0,"gold_gain":0.0,"event_name":"Shining Light","player_choice":"Entered Light","floor":7.0,"gold_loss":0.0,"damage_taken":18.0,"cards_upgraded":["Strike_R","Strike_R"]},{"damage_healed":0.0,"max_hp_gain":0.0,"max_hp_loss":0.0,"gold_gain":0.0,"event_name":"N\u0027loth","player_choice":"Traded Relic","floor":19.0,"relics_lost":["Tiny Chest"],"gold_loss":0.0,"damage_taken":0.0,"relics_obtained":["Nloth\u0027s Gift"]}],"is_beta":false,"boss_relics":[{"not_picked":["Fusion Hammer","SacredBark"],"picked":"Sozu"}],"items_purged_floors":[],"is_endless":false,"potions_floor_spawned":[2,8,13,16,18,30,31,32,33],"killed_by":"Collector","ascension_level":9}}