{"host":"5yoj846f700ld8qy","time":1610572720,"event":{"mods":["AchievementEnabler","BaseMod","Better Altar","Better Match","Better Note","Better Sensory Stone","Better Skull","Better Third Choice","Colored Map","Colored Powertips","Minty Spire (QoL Compilation)","StSLib"],"gold_per_floor":[112,132,132,42,7,40,40,65,65,90,102,102,6,20,20,99,99,115,165,181,2,2,37,49,49,49,49,67,80,80,32,32,109,109,121,21,0,20,20,20,53,3,3,3,22,22,22,37,37,37],"floor_reached":51,"language":"ENG","playtime":1803,"items_purged":["Strike_R","Strike_R"],"score":1276,"play_id":"999ea9b9-d6bc-4d63-aad0-0c6e061f9bef","local_time":"20210113231840","is_ascension_mode":true,"campfire_choices":[{"floor":7,"key":"REST"},{"floor":15,"key":"REST"},{"data":"Demon Form","floor":25,"key":"SMITH"},{"data":"Battle Trance","floor":27,"key":"SMITH"},{"data":"Bash","floor":32,"key":"SMITH"},{"data":"Offering","floor":40,"key":"SMITH"},{"data":"Blood for Blood","floor":44,"key":"SMITH"},{"data":"Impervious","floor":47,"key":"SMITH"},{"data":"Barricade","floor":49,"key":"SMITH"}],"circlet_count":0,"master_deck":["AscendersBane","Strike_R","Strike_R","Strike_R","Defend_R+1","Defend_R","Defend_R+1","Defend_R","Bash+1","Feed","Armaments+1","Flash of Steel","Blood for Blood+1","Impervious+1","Carnage+1","Battle Trance+1","Iron Wave+1","Sword Boomerang+1","Demon Form+1","Pommel Strike+1","Heavy Blade+1","Anger+1","Headbutt+1","Ghostly Armor+1","Offering+1","Battle Trance+1","AscendersBane","Double Tap+1","Dropkick+1","Barricade+1"],"relics":["Burning Blood","Shuriken","Question Card","Molten Egg 2","Potion Belt","Coffee Dripper","War Paint","Matryoshka","Busted Crown","Red Mask","Bottled Tornado","White Beast Statue","The Courier"],"acts_visited":["Exordium","TheCity","TheBeyond"],"potions_floor_usage":[8,10,14,16,18,23,24,29,33,33,33,35,50,50],"damage_taken":[{"damage":23,"enemies":"Cultist","floor":1,"turns":6},{"damage":7,"enemies":"Small Slimes","floor":2,"turns":4},{"damage":35,"enemies":"Lagavulin","floor":6,"turns":6},{"damage":25,"enemies":"3 Sentries","floor":8,"turns":6},{"damage":29,"enemies":"Lagavulin","floor":10,"turns":7},{"damage":1,"enemies":"2 Louse","floor":11,"turns":5},{"damage":4,"enemies":"Blue Slaver","floor":14,"turns":4},{"damage":26,"enemies":"Slime Boss","floor":16,"turns":10},{"damage":7,"enemies":"3 Byrds","floor":18,"turns":5},{"damage":0,"enemies":"Chosen","floor":20,"turns":4},{"damage":40,"enemies":"Book of Stabbing","floor":23,"turns":4},{"damage":0,"enemies":"Snake Plant","floor":24,"turns":2},{"damage":0,"enemies":"Cultist and Chosen","floor":28,"turns":5},{"damage":16,"enemies":"Centurion and Healer","floor":29,"turns":5},{"damage":27,"enemies":"Champ","floor":33,"turns":5},{"damage":16,"enemies":"3 Darklings","floor":35,"turns":4},{"damage":6,"enemies":"Orb Walker","floor":38,"turns":2},{"damage":12,"enemies":"Reptomancer","floor":41,"turns":4},{"damage":23,"enemies":"3 Darklings","floor":45,"turns":4},{"damage":9,"enemies":"Spire Growth","floor":48,"turns":3},{"damage":15,"enemies":"Time Eater","floor":50,"turns":6}],"seed_played":"6078273987204477154","potions_obtained":[{"floor":6,"key":"Explosive Potion"},{"floor":8,"key":"DistilledChaos"},{"floor":11,"key":"Explosive Potion"},{"floor":16,"key":"ElixirPotion"},{"floor":20,"key":"Dexterity Potion"},{"floor":23,"key":"SpeedPotion"},{"floor":24,"key":"Block Potion"},{"floor":29,"key":"FearPotion"},{"floor":33,"key":"FairyPotion"},{"floor":41,"key":"Energy Potion"},{"floor":45,"key":"GamblersBrew"}],"is_trial":false,"path_per_floor":["M","M","?","$","?","E","R","E","T","E","M","?","$","M","R","B",null,"M","?","M","$","?","E","M","R","T","R","M","M","?","$","R","B",null,"M","$","?","M","?","R","E","$","T","R","M","?","R","M","R","B",null],"character_chosen":"IRONCLAD","items_purchased":["Flash of Steel","Iron Wave+1","Block Potion","Energy Potion","Fire Potion","Energy Potion","PowerPotion"],"campfire_rested":2,"item_purchase_floors":[4,13,13,21,21,31,42],"current_hp_per_floor":[36,38,38,38,58,32,57,41,41,18,26,26,26,31,58,41,82,84,84,90,90,90,56,62,62,62,62,71,61,61,61,61,40,87,77,77,77,80,80,80,74,74,74,74,57,57,57,54,54,45],"gold":37,"neow_bonus":"THREE_RARE_CARDS","is_daily":false,"chose_seed":false,"campfire_upgraded":7,"win_rate":0.0,"timestamp":1610572720,"path_taken":["M","M","?","$","?","E","R","E","T","E","M","?","?","M","R","BOSS","M","?","M","$","?","E","M","R","T","R","?","M","?","?","R","BOSS","M","$","?","M","?","R","E","?","T","R","?","?","R","M","R","BOSS"],"items_purchased_type":["Card","Card","Potion","Potion","Potion","Potion","Potion"],"build_version":"2020-12-22","purchased_purges":2,"victory":true,"max_hp_per_floor":[78,81,81,81,81,84,84,87,87,87,90,90,90,93,93,96,96,99,99,99,99,99,99,99,99,99,99,102,102,102,102,102,102,102,102,102,102,105,105,105,105,105,105,105,105,105,105,105,105,105],"card_choices":[{"not_picked":["Immolate","Barricade"],"picked":"Feed","floor":0},{"not_picked":["Havoc","Wild Strike","Clash"],"picked":"SKIP","floor":1},{"not_picked":["Iron Wave","Warcry"],"picked":"Armaments","floor":2},{"not_picked":["Entrench","Sentinel"],"picked":"Blood for Blood","floor":6},{"not_picked":["Bloodletting","Pummel"],"picked":"Impervious","floor":8},{"not_picked":["Headbutt+1","Iron Wave+1","Offering"],"picked":"Carnage+1","floor":10},{"not_picked":["Heavy Blade+1","Feel No Pain","True Grit"],"picked":"Battle Trance","floor":11},{"not_picked":["Flex","Heavy Blade+1","Rupture"],"picked":"Sword Boomerang+1","floor":14},{"not_picked":["Barricade","Berserk","Reaper+1"],"picked":"Demon Form","floor":16},{"not_picked":["Dark Embrace+1","Clash+1","Clothesline+1"],"picked":"Pommel Strike+1","floor":18},{"not_picked":["Warcry","Disarm","Shrug It Off"],"picked":"Heavy Blade+1","floor":20},{"not_picked":["Feel No Pain","True Grit","Perfected Strike+1"],"picked":"Anger+1","floor":23},{"not_picked":["Clothesline+1","Pommel Strike+1","Sever Soul+1"],"picked":"Headbutt+1","floor":24},{"not_picked":["Armaments","Dark Embrace","Entrench"],"picked":"Ghostly Armor+1","floor":28},{"not_picked":["Spot Weakness","Heavy Blade+1","Corruption","Rupture"],"picked":"SKIP","floor":29},{"not_picked":["Juggernaut","Double Tap","Berserk"],"picked":"Offering","floor":33},{"not_picked":["Perfected Strike+1","Battle Trance"],"picked":"SKIP","floor":35},{"not_picked":["Headbutt+1"],"picked":"Battle Trance+1","floor":38},{"not_picked":["Flame Barrier"],"picked":"Dropkick+1","floor":41},{"not_picked":["Bloodletting","Wild Strike+1"],"picked":"SKIP","floor":45},{"not_picked":["Cleave+1"],"picked":"Barricade","floor":48}],"player_experience":397554,"relics_obtained":[{"floor":6,"key":"Shuriken"},{"floor":8,"key":"Question Card"},{"floor":9,"key":"Molten Egg 2"},{"floor":10,"key":"Potion Belt"},{"floor":23,"key":"War Paint"},{"floor":26,"key":"Matryoshka"},{"floor":41,"key":"Bottled Tornado"},{"floor":43,"key":"White Beast Statue"},{"floor":43,"key":"The Courier"}],"event_choices":[{"damage_healed":0,"gold_gain":0,"player_choice":"Ignored","damage_taken":132,"max_hp_gain":0,"max_hp_loss":0,"event_name":"betterThird:BetterSerpent","floor":3,"gold_loss":0},{"damage_healed":20,"gold_gain":0,"player_choice":"Healed","damage_taken":0,"max_hp_gain":0,"max_hp_loss":0,"event_name":"The Cleric","floor":5,"gold_loss":35},{"damage_healed":0,"gold_gain":1,"player_choice":"LEAVE","damage_taken":0,"max_hp_gain":0,"max_hp_loss":0,"event_name":"betterThird:BetterScrap","floor":12,"gold_loss":0,"cards_obtained":["Genetic Algorithm"]},{"damage_healed":0,"gold_gain":50,"player_choice":"Steal","damage_taken":0,"max_hp_gain":0,"max_hp_loss":0,"event_name":"betterThird:BetterNest","floor":19,"gold_loss":0},{"damage_healed":0,"gold_gain":0,"player_choice":"Upgraded","damage_taken":0,"max_hp_gain":0,"max_hp_loss":0,"event_name":"Upgrade Shrine","floor":22,"gold_loss":0,"cards_upgraded":["Armaments"]},{"damage_healed":0,"gold_gain":0,"player_choice":"Paid","damage_taken":0,"relics_obtained":["Red Mask"],"max_hp_gain":0,"max_hp_loss":0,"event_name":"Tomb of Lord Red Mask","floor":37,"gold_loss":21},{"damage_healed":0,"gold_gain":3,"player_choice":"3","damage_taken":0,"max_hp_gain":0,"max_hp_loss":0,"event_name":"betterStone:BetterStone","floor":39,"gold_loss":0,"cards_obtained":["Double Tap"]},{"damage_healed":0,"gold_gain":0,"player_choice":"Ignored","damage_taken":0,"max_hp_gain":0,"max_hp_loss":0,"event_name":"Mysterious Sphere","floor":46,"gold_loss":0}],"is_beta":false,"boss_relics":[{"not_picked":["SlaversCollar","Empty Cage"],"picked":"Coffee Dripper"},{"not_picked":["Sozu","Philosopher\u0027s Stone"],"picked":"Busted Crown"}],"items_purged_floors":[21,36],"is_endless":false,"potions_floor_spawned":[6,8,11,16,20,23,24,29,33,41,45,48],"ascension_level":15}}