{"host":"7qoz5gmva6til3yp","time":1610560371,"event":{"mods":["AchievementEnabler","BaseMod","Minty Spire (QoL Compilation)","Replay The Spire","StSLib","SuperFastMode"],"gold_per_floor":[109,109,109,34,34,34,59,6,6,33,49,49,74,74,74,94,94,196,196,212,229,324,324,75,75,106,124,124,139,139,154,169,44,44,148,148,160,179,179,197,216,242,242,242,242],"floor_reached":44,"language":"KOR","playtime":1550,"items_purged":["Strike_G","Defend_G","Defend_G"],"score":716,"play_id":"bb04ed6d-3007-4c74-92a8-805eb91e214d","local_time":"20210114025251","is_ascension_mode":true,"campfire_choices":[{"data":"Footwork","floor":6.0,"key":"SMITH"},{"data":"Terror","floor":12.0,"key":"SMITH"},{"data":"Phantasmal Killer","floor":17.0,"key":"SMITH"},{"data":"Riddle With Holes","floor":25.0,"key":"SMITH"},{"data":"Adrenaline","floor":30.0,"key":"SMITH"},{"data":"Adrenaline","floor":34.0,"key":"SMITH"},{"floor":43,"key":"REST"}],"circlet_count":0,"master_deck":["Strike_G","Strike_G+1","Strike_G","Strike_G+1","Defend_G+1","Defend_G","Defend_G","Survivor+1","Neutralize","Footwork+1","Phantasmal Killer+1","Dagger Spray","Underhanded Strike","Terror+1","After Image","Prepared","Riddle With Holes+1","Draining Mist+1","Adrenaline+1","Adrenaline+1","Wraith Form v2","Quick Slash+1","Hidden Blade+1","Burst"],"relics":["Ring of the Snake","NeowsBlessing","Replay:Wax Seal","Ornamental Fan","Orichalcum","Simple Rune","ReplayTheSpireMod:TigerMarble","StoneCalendar","Darkstone Periapt","HoveringKite","ReplayTheSpireMod:Shallot"],"acts_visited":["Exordium","TheCity","TheBeyond"],"potions_floor_usage":[35,35,44],"damage_taken":[{"damage":0.0,"enemies":"2 Louse","floor":1.0,"turns":2.0},{"damage":0.0,"enemies":"Gremlin Nob","floor":7.0,"turns":1.0},{"damage":0.0,"enemies":"Lagavulin","floor":10.0,"turns":1.0},{"damage":0.0,"enemies":"Jaw Worm","floor":11.0,"turns":3.0},{"damage":0.0,"enemies":"Replay:BlueRogue","floor":13.0,"turns":4.0},{"damage":0.0,"enemies":"Cultist","floor":16.0,"turns":3.0},{"damage":5.0,"enemies":"Slime Boss","floor":18.0,"turns":6.0},{"damage":14.0,"enemies":"Shell Parasite","floor":20.0,"turns":6.0},{"damage":4.0,"enemies":"Chosen","floor":21.0,"turns":4.0},{"damage":29.0,"enemies":"Slavers","floor":26.0,"turns":6.0},{"damage":15.0,"enemies":"Sentry and Sphere","floor":27.0,"turns":7.0},{"damage":11.0,"enemies":"Cultist and Chosen","floor":29.0,"turns":6.0},{"damage":0.0,"enemies":"Chosen and Byrds","floor":31.0,"turns":4.0},{"damage":4.0,"enemies":"Centurion and Healer","floor":32.0,"turns":5.0},{"damage":1,"enemies":"Champ","floor":35,"turns":6},{"damage":21,"enemies":"3 Darklings","floor":37,"turns":7},{"damage":0,"enemies":"Orb Walker","floor":38,"turns":3},{"damage":9,"enemies":"4 Shapes","floor":40,"turns":6},{"damage":15,"enemies":"Sphere and 2 Shapes","floor":41,"turns":4},{"damage":10,"enemies":"R_Hoarder","floor":42,"turns":9},{"damage":36,"enemies":"Nemesis","floor":44,"turns":6}],"seed_played":"7623374930107439158","potions_obtained":[{"floor":10.0,"key":"Elixir"},{"floor":13.0,"key":"Fire Potion"},{"floor":16.0,"key":"PowerPotion"},{"floor":21.0,"key":"CultistPotion"},{"floor":35,"key":"Adrenaline Potion"}],"is_trial":false,"path_per_floor":["M","?","?","$","?","R","E","$","T","E","M","R","E","PTL","PTL","M","R","B",null,"M","M","?","?","$","R","E","M","T","M","R","M","M","$","R","B",null,"M","M","?","M","M","E","R","E"],"character_chosen":"THE_SILENT","items_purchased":["Dagger Spray","Adrenaline"],"campfire_rested":1,"item_purchase_floors":[8,24],"current_hp_per_floor":[63,63,49,49,49,49,49,49,49,49,49,49,49,49,49,49,49,44,64,50,46,46,46,46,46,17,2,2,41,41,41,37,37,37,36,62,41,41,41,32,17,7,26,0,0],"gold":242,"neow_bonus":"THREE_ENEMY_KILL","is_daily":false,"chose_seed":false,"campfire_upgraded":6,"win_rate":0.0,"timestamp":1610560371,"path_taken":["M","?","?","$","?","R","E","?","T","E","M","R","E","PTL","PTL","M","R","BOSS","M","M","?","?","$","R","E","M","T","M","R","M","?","$","R","BOSS","M","M","?","M","M","E","R","E"],"items_purchased_type":["Card","Card"],"build_version":"2020-12-22","purchased_purges":3,"victory":false,"max_hp_per_floor":[70,70,70,70,70,70,70,70,70,70,70,70,70,70,70,70,70,70,70,70,70,70,70,70,70,70,70,70,70,70,70,70,70,70,70,70,70,70,66,66,66,66,66,66,66],"card_choices":[{"not_picked":["Sucker Punch","Deadly Poison"],"picked":"Footwork","floor":1.0},{"not_picked":["Quick Slash","Catalyst"],"picked":"Phantasmal Killer","floor":7.0},{"not_picked":["Tactician","Bane"],"picked":"Underhanded Strike","floor":10.0},{"not_picked":["Poisoned Stab","Backstab"],"picked":"Terror","floor":11.0},{"not_picked":["ReplayTheSpireMod:Scrap Shanks","Sucker Punch","Cloak And Dagger"],"picked":"SKIP","floor":13.0},{"not_picked":["Finisher","Setup","All Out Attack"],"picked":"SKIP","floor":16.0},{"not_picked":["Unload","ReplayTheSpireMod:Necrosis"],"picked":"After Image","floor":18.0},{"not_picked":["Cloak And Dagger","Underhanded Strike","All Out Attack"],"picked":"SKIP","floor":20.0},{"not_picked":["ReplayTheSpireMod:Exploit Weakness","Well Laid Plans"],"picked":"Prepared","floor":21.0},{"not_picked":["ReplayTheSpireMod:Tripwire+1","Deadly Poison"],"picked":"Riddle With Holes","floor":22.0},{"not_picked":["Setup","Prepared+1"],"picked":"Draining Mist+1","floor":22.0},{"not_picked":["Heel Hook","Dagger Spray","Expertise"],"picked":"SKIP","floor":26.0},{"not_picked":["Endless Agony","Prepared","Dagger Throw"],"picked":"SKIP","floor":27.0},{"not_picked":["Blade Dance+1","Draining Mist","Poisoned Stab"],"picked":"SKIP","floor":29.0},{"not_picked":["Leg Sweep+1","Cloak And Dagger"],"picked":"Adrenaline","floor":31.0},{"not_picked":["Flying Knee","Bane","Deadly Poison"],"picked":"SKIP","floor":32.0},{"not_picked":["Envenom","Poison Darts"],"picked":"Wraith Form v2","floor":35},{"not_picked":["Dodge and Roll+1","Poisoned Stab","Sucker Punch+1"],"picked":"SKIP","floor":37},{"not_picked":["Dodge and Roll+1","Setup+1"],"picked":"Quick Slash+1","floor":38},{"not_picked":["PiercingWail","Poisoned Stab"],"picked":"Hidden Blade+1","floor":40},{"not_picked":["Concentrate+1","Noxious Fumes+1","Deflect"],"picked":"SKIP","floor":41},{"not_picked":["Backstab","Accuracy"],"picked":"Burst","floor":42}],"player_experience":339295,"relics_obtained":[{"floor":7.0,"key":"Replay:Wax Seal"},{"floor":9.0,"key":"Ornamental Fan"},{"floor":10.0,"key":"Orichalcum"},{"floor":13.0,"key":"Simple Rune"},{"floor":22.0,"key":"ReplayTheSpireMod:TigerMarble"},{"floor":26.0,"key":"StoneCalendar"},{"floor":28.0,"key":"Darkstone Periapt"},{"floor":42,"key":"ReplayTheSpireMod:Shallot"}],"event_choices":[{"damage_healed":0.0,"max_hp_gain":0.0,"max_hp_loss":0.0,"gold_gain":0.0,"event_name":"Liars Game","player_choice":"Ignored","floor":2.0,"gold_loss":0.0,"damage_taken":0.0},{"damage_healed":0.0,"max_hp_gain":0.0,"max_hp_loss":0.0,"gold_gain":0.0,"event_name":"Shining Light","player_choice":"Entered Light","floor":3.0,"gold_loss":0.0,"damage_taken":14.0,"cards_upgraded":["Strike_G","Survivor"]},{"damage_healed":0.0,"max_hp_gain":0.0,"max_hp_loss":0.0,"gold_gain":0.0,"event_name":"The Woman in Blue","player_choice":"Bought 0 Potions","floor":23.0,"gold_loss":0.0,"damage_taken":0.0},{"damage_healed":0,"gold_gain":0,"player_choice":"Max HP","damage_taken":0,"max_hp_gain":0,"max_hp_loss":4,"event_name":"Winding Halls","floor":39,"gold_loss":0}],"is_beta":false,"boss_relics":[{"not_picked":["Replay:Drink Me","Honey Jar","ChewingGum"]},{"not_picked":["SlaversCollar","Ring of the Serpent"],"picked":"HoveringKite"}],"items_purged_floors":[4,24,33],"is_endless":false,"potions_floor_spawned":[10,13,16,21,29,35,38,40],"killed_by":"Nemesis","ascension_level":6}}