{"host":"appz8zkad29u9482","time":1610523441,"event":{"mods":["2.2 Compatiblity","Act Like it!","Aspiration","BaseMod","Beaked The Cultist","Better Altar","Better Match","Better Note","Better Skull","Better Third Choice","BetterRewards","CapriCore","Conspire","Disable Question Mark Monsters","Energized Spire","Gensokyo","GifTheSpireLib","Gold Saver","Halation","Hermit","Hubris","Infinite Spire","Jedi Mod","Marisa????????","Minty Spire (QoL Compilation)","Permanent Neow","Reimu??????","Replay The Spire","Somnambulant","Spicy Shops","StSLib","Strawberry Spire","Stuff the Spire","The Administrix","The Animator","The Cursed","The Hierophant","The Immortal","yUi"],"gold_per_floor":[284,334,349,349,359,389,399,415,465,465,465,275,292,41,41,121,121,141,152,169,169,374,405,405,425,473,493,522,74,74,107,107,203,203,218,0,0,0,0],"floor_reached":38,"language":"ENG","playtime":2748,"items_purged":["hubris:Sloth","Looming Evil","Regret"],"score":911,"play_id":"bd032693-998a-4f36-bee3-4643e7f6ccc8","local_time":"20210112213721","is_ascension_mode":true,"campfire_choices":[{"floor":15.0,"key":"DIG"},{"floor":24.0,"key":"RECALL"},{"floor":32.0,"key":"REST"}],"circlet_count":0,"master_deck":["Strike_G","Strike_G","Strike_G","Strike_G","Strike_G","Defend_G","Defend_G","Defend_G","Defend_G","Defend_G","Survivor","Neutralize","Acrobatics","Accuracy","PiercingWail","Hidden Blade","hubris:Sniper","Acrobatics","Sickly","After Image+1","Envenom+1","Shame","Replay:Bag of Tricks+1","ReplayTheSpireMod:IOU","jedi:studyshivs+1","Cloak And Dagger","ReplayTheSpireMod:Splinters","StuffTheSpire:Shiver+1","Tools of the Trade+1","Parasite","Blade Dance","ReplayTheSpireMod:Scrap Shanks+1","DevaForm+1","strawberrySpire:Rummage","Languid","strawberrySpire:HotShot+1"],"relics":["Ring of the Snake","NeowsBlessing","Ring of Greed","Golden Egg","MealTicket","Ring of Misfortune","Oddly Smooth Stone","Replay:Baseball","hubris:Towel","StuffTheSpire:RedRose","ReplayTheSpireMod:CursedCoin","halation:OrihimeAndHikoboshiSamaAndTears","ReplayTheSpireMod:Lightbulb","Tiny Chest","StuffTheSpire:EmeraldSignet","Fusion Hammer","hubris:PeanutButter","jedi:rubbersling","Replay:Rubber Ducky","Lee\u0027s Waffle","StuffTheSpire:GrapeVine","aspiration:PoetsPen_weak","Red Mask"],"acts_visited":["Exordium","TheCity","TheBeyond"],"potions_floor_usage":[],"damage_taken":[{"damage":0.0,"enemies":"Small Slimes","floor":1.0,"turns":1.0},{"damage":0.0,"enemies":"Cultist","floor":3.0,"turns":1.0},{"damage":0.0,"enemies":"2 Louse","floor":5.0,"turns":1.0},{"damage":19.0,"enemies":"3 Sentries","floor":6.0,"turns":16.0},{"damage":0.0,"enemies":"Large Slime","floor":7.0,"turns":11.0},{"damage":6.0,"enemies":"Exordium Wildlife","floor":8.0,"turns":6.0},{"damage":0.0,"enemies":"3 Louse","floor":13.0,"turns":4.0},{"damage":0.0,"enemies":"Fading Forest","floor":16.0,"turns":11.0},{"damage":1.0,"enemies":"Shell Parasite","floor":18.0,"turns":4.0},{"damage":0.0,"enemies":"Spheric Guardian","floor":19.0,"turns":4.0},{"damage":0.0,"enemies":"Chosen and Byrds","floor":20.0,"turns":4.0},{"damage":0.0,"enemies":"conspire:SneckoGhost","floor":23.0,"turns":5.0},{"damage":0.0,"enemies":"Centurion and Healer","floor":25.0,"turns":3.0},{"damage":0.0,"enemies":"Snecko","floor":27.0,"turns":3.0},{"damage":0.0,"enemies":"Book of Stabbing","floor":28.0,"turns":4.0},{"damage":0.0,"enemies":"conspire:SneckoGhost","floor":31.0,"turns":4.0},{"damage":0.0,"enemies":"hubris:MusketHawk","floor":33.0,"turns":5.0},{"damage":0.0,"enemies":"3 Darklings","floor":35.0,"turns":3.0}],"seed_played":"-7204288898018171139","potions_obtained":[{"floor":3.0,"key":"Reflective Coating"},{"floor":5.0,"key":"Block Potion"},{"floor":8.0,"key":"PowerPotion"},{"floor":13.0,"key":"BlessingOfTheForge"},{"floor":20.0,"key":"Venom Potion"},{"floor":25.0,"key":"jedi:wingpotion"},{"floor":35.0,"key":"PowerPotion"}],"is_trial":false,"path_per_floor":["M","?","M","?","M","E","M","M","T","?","?","$","M","$","R","B",null,"M","M","M","HB","?","E","R","M","T","M","E","$","?","E","R","B",null,"M","?","T","HB"],"character_chosen":"THE_SILENT","items_purchased":["After Image","ReplayTheSpireMod:CursedCoin","halation:OrihimeAndHikoboshiSamaAndTears","ReplayTheSpireMod:Lightbulb","Tiny Chest","Lee\u0027s Waffle","ReplayTheSpireMod:Scrap Shanks"],"campfire_rested":1,"item_purchase_floors":[12,14,14,14,14,29,29],"current_hp_per_floor":[70,70,70,70,70,51,51,45,45,45,45,60,60,70,70,70,70,69,69,70,35,35,35,35,35,35,35,35,42,42,42,42,42,42,42,42,42,21,21],"gold":0,"neow_bonus":"THREE_ENEMY_KILL","is_daily":false,"chose_seed":false,"campfire_upgraded":0,"win_rate":0.0,"timestamp":1610523441,"path_taken":["M","?","M","?","M","E","?","M","T","?","?","$","M","$","R","BOSS","M","M","M","HB","?","E","R","M","T","M","E","$","?","E","R","BOSS","M","?","?","HB"],"items_purchased_type":["Card","Relic","Relic","Relic","Relic","Relic","Card"],"build_version":"2020-12-22","purchased_purges":3,"victory":false,"max_hp_per_floor":[70,70,70,70,70,70,70,70,70,70,70,70,70,70,70,70,70,70,70,70,35,35,35,35,35,35,35,35,42,42,42,42,42,42,42,42,42,21,21],"card_choices":[{"not_picked":["Blade Dance","StuffTheSpire:Python"],"picked":"Acrobatics","floor":1.0},{"not_picked":["strawberrySpire:Insectonator","Dagger Spray"],"picked":"Accuracy","floor":3.0},{"not_picked":["StuffTheSpire:Incursion","Replay:Poison Smokescreen"],"picked":"PiercingWail","floor":5.0},{"not_picked":["Well Laid Plans","jedi:pocketpoison"],"picked":"Hidden Blade","floor":6.0},{"not_picked":["Flying Knee","Eviscerate"],"picked":"hubris:Sniper","floor":7.0},{"not_picked":["StuffTheSpire:Incantation","Outmaneuver"],"picked":"Acrobatics","floor":8.0},{"not_picked":["Noxious Fumes","Quick Slash"],"picked":"Envenom","floor":13.0},{"not_picked":["Burst","jedi:rejectivetoxin"],"picked":"Replay:Bag of Tricks","floor":16.0},{"not_picked":["strawberrySpire:SideSwipe","Deflect","StuffTheSpire:Python+1"],"picked":"SKIP","floor":18.0},{"not_picked":["hubris:SlightOfHand","strawberrySpire:HopSkipAndJump"],"picked":"jedi:studyshivs","floor":19.0},{"not_picked":["Dagger Spray","Masterful Stab+1"],"picked":"Cloak And Dagger","floor":20.0},{"not_picked":["strawberrySpire:Insectonator","PiercingWail+1"],"picked":"StuffTheSpire:Shiver+1","floor":22.0},{"not_picked":["Underhanded Strike","Bane"],"picked":"Tools of the Trade","floor":23.0},{"not_picked":["Toxin Wave","StuffTheSpire:Python","Catalyst"],"picked":"SKIP","floor":25.0},{"not_picked":["Quick Slash","strawberrySpire:SpinKick+1","Bane"],"picked":"SKIP","floor":27.0},{"not_picked":["strawberrySpire:Grapple","Catalyst"],"picked":"Blade Dance","floor":28.0},{"not_picked":["Poisoned Stab","strawberrySpire:Pant+1"],"picked":"strawberrySpire:Rummage","floor":31.0},{"not_picked":["jedi:studypoison","infinitespire:Neurotoxin"],"picked":"strawberrySpire:HotShot","floor":33.0},{"not_picked":["strawberrySpire:Insectonator+1","PiercingWail+1","Distraction+1"],"picked":"SKIP","floor":35.0}],"player_experience":550249,"relics_obtained":[{"floor":2.0,"key":"Ring of Greed"},{"floor":2.0,"key":"Golden Egg"},{"floor":2.0,"key":"MealTicket"},{"floor":2.0,"key":"Ring of Misfortune"},{"floor":6.0,"key":"Oddly Smooth Stone"},{"floor":9.0,"key":"Replay:Baseball"},{"floor":15.0,"key":"StuffTheSpire:EmeraldSignet"},{"floor":23.0,"key":"hubris:PeanutButter"},{"floor":26.0,"key":"jedi:rubbersling"},{"floor":28.0,"key":"Replay:Rubber Ducky"},{"floor":31.0,"key":"StuffTheSpire:GrapeVine"}],"event_choices":[{"cards_removed":["Normality"],"damage_healed":0.0,"max_hp_gain":0.0,"max_hp_loss":0.0,"gold_gain":0.0,"event_name":"Fountain of Cleansing","player_choice":"Removed Curses","floor":4.0,"gold_loss":0.0,"damage_taken":0.0},{"damage_healed":0.0,"max_hp_gain":0.0,"max_hp_loss":0.0,"gold_gain":0.0,"event_name":"The Library","player_choice":"Read","floor":30.0,"gold_loss":0.0,"damage_taken":0.0,"cards_obtained":["DevaForm"]},{"damage_healed":0.0,"max_hp_gain":0.0,"max_hp_loss":0.0,"gold_gain":0.0,"event_name":"Tomb of Lord Red Mask","player_choice":"Paid","floor":36.0,"gold_loss":218.0,"damage_taken":0.0,"relics_obtained":["Red Mask"]}],"is_beta":false,"boss_relics":[{"not_picked":["Abe\u0027s Treasure","jedi:battlestandard"],"picked":"Fusion Hammer"},{"not_picked":["Cursed Key","energizedSpire:SpiderWeb"],"picked":"aspiration:PoetsPen_weak"}],"items_purged_floors":[14,29,29],"is_endless":false,"potions_floor_spawned":[3,5,8,13,20,25,28,31,35],"ascension_level":4}}