{"host":"wgo6ezn0zcq3jgqa","time":1610532665,"event":{"mods":["Act Like it!","BaseMod","Downfall","GifTheSpireLib","Hallownest","Hermit","KinomotoSakuraMod(木之本樱)","Marisa（F雨　魔理沙）","Minty Spire (QoL Compilation)","RumiaBox-露米娅的神秘盒子","SOS（斯巴达之子）","StSLib","The Bug Knight","The Cursed","【功能Mod】混沌之环修复补丁"],"gold_per_floor":[99,99,199,199,199,124,124,124,124,150,173,185,197,223,254,371,383,395,407,200,212,47,57,80,80,180,105,105,140,140,248,262,262,262,262],"floor_reached":33,"language":"ZHS","playtime":2883,"items_purged":[],"score":282,"play_id":"b796d836-f795-441e-845a-dc50c508f51f","local_time":"20210113181105","is_ascension_mode":false,"campfire_choices":[{"floor":1.0,"key":"RECALL"},{"data":"hexamod:GhostLash","floor":6.0,"key":"SMITH"},{"data":"hexamod:Float","floor":9.0,"key":"SMITH"},{"data":"hexamod:EmpoweringStance","floor":13.0,"key":"SMITH"},{"data":"hexamod:EmpoweringStance","floor":18.0,"key":"SMITH"},{"floor":25,"key":"REST"},{"floor":27,"key":"REST"},{"floor":30,"key":"REST"}],"circlet_count":0,"master_deck":["hexamod:Strike","hexamod:Strike","hexamod:Defend","hexamod:Defend","hexamod:Sear","hexamod:Float+1","hexamod:GhostShield","hexamod:FirstSeal","hexamod:GhostLash+1","hexamod:FastForward","hexamod:ThirdSeal","hexamod:EmpoweringStance+1","hexamod:RecurringNightmare","hexamod:EtherealExpedition","hexamod:EmpoweringStance+1","hexamod:HauntingEcho","hexamod:FourthSeal","hexamod:SearingWound+1","hexamod:DynamicBlow+1","hexamod:Firestarter","hexamod:BurningTouch","hexamod:HauntingEcho+1","hexamod:HeatShield","hexamod:RadiantFlame+1","hexamod:SkipABeat+1","hexamod:ExtraCrispy","hexamod:TimeOfNeed","hexamod:SixthSeal","hexamod:FourthSeal","J.A.X.","hexamod:SecondSeal","hexamod:ThermalTransfer+1","hexamod:EmpoweredFlame","hexamod:DynamicBlow","hexamod:Rewind+1","hexamod:FastForward","hexamod:BurningTouch"],"relics":["hexamod:SpiritBrand","downfall:HeartsMalice","downfall:HeartBlessingRed","MagicDraw4","MawBank","Astrolabe","hexamod:MatchstickCase","SSSystem","MutagenicStrength","downfall:HeartBlessingBlue","Pantograph","PlanX","GodSword1"],"acts_visited":["Exordium","TheCity"],"potions_floor_usage":[22,26,26,29,31,31,31,33,33,33,33,33,33],"damage_taken":[{"damage":0.0,"enemies":"2 Louse","floor":2.0,"turns":1.0},{"damage":0.0,"enemies":"Jaw Worm","floor":5.0,"turns":1.0},{"damage":0.0,"enemies":"Small Slimes","floor":8.0,"turns":1.0},{"damage":8.0,"enemies":"HollowMod:MossKnight","floor":10.0,"turns":7.0},{"damage":6.0,"enemies":"Exordium Wildlife","floor":11.0,"turns":6.0},{"damage":6.0,"enemies":"2 Fungi Beasts","floor":14.0,"turns":3.0},{"damage":5.0,"enemies":"Exordium Wildlife","floor":15.0,"turns":2.0},{"damage":61.0,"enemies":"downfall:Defect","floor":16.0,"turns":8.0},{"damage":1.0,"enemies":"downfall:FleeingMerchant","floor":20.0,"turns":4.0},{"damage":33.0,"enemies":"Spheric Guardian","floor":21.0,"turns":6.0},{"damage":9,"enemies":"downfall:FleeingMerchant","floor":22,"turns":4},{"damage":17,"enemies":"3 Byrds","floor":23,"turns":5},{"damage":20,"enemies":"downfall:Augmenter","floor":26,"turns":5},{"damage":50,"enemies":"Gremlin Leader","floor":29,"turns":7},{"damage":13,"enemies":"Colosseum Nobs","floor":31,"turns":5},{"damage":9,"enemies":"Snecko","floor":32,"turns":4},{"damage":60,"enemies":"downfall:Silent","floor":33,"turns":7}],"seed_played":"-1018691081682447334","potions_obtained":[{"floor":10.0,"key":"BlessingOfTheForge"},{"floor":14.0,"key":"Swift Potion"},{"floor":15.0,"key":"Slimebound:ThreeZeroPotion"},{"floor":16.0,"key":"Swift Potion"},{"floor":19.0,"key":"CultistPotion"},{"floor":20.0,"key":"champ:CounterPotion"},{"floor":21.0,"key":"PowerPotion"},{"floor":21.0,"key":"Dexterity Potion"},{"floor":22,"key":"DistilledChaos"},{"floor":23,"key":"champ:CounterPotion"},{"floor":26,"key":"Fire Potion"},{"floor":29,"key":"EntropicBrew"},{"floor":29,"key":"EssenceOfSteel"},{"floor":31,"key":"Fire Potion"}],"is_trial":false,"path_per_floor":["R","M","?","?","M","R","T","M","R","E","M","?","R","M","M","B",null,"R","?","$","M","$","M","T","R","?","R","?","E","R","?","M","B"],"character_chosen":"THE_SPIRIT","items_purchased":["hexamod:MatchstickCase","hexamod:HauntingEcho","SSSystem"],"campfire_rested":3,"item_purchase_floors":[20,20,22],"current_hp_per_floor":[70,70,70,63,63,63,63,63,63,62,63,63,63,64,66,12,70,70,70,69,43,41,31,31,52,39,73,73,23,47,34,25,0,0,0],"gold":262,"neow_bonus":"THREE_ENEMY_KILL","is_daily":false,"chose_seed":false,"campfire_upgraded":4,"win_rate":0.0,"timestamp":1610532665,"path_taken":["R","M","?","?","M","R","T","M","R","E","M","?","R","M","M","BOSS","R","?","$","M","$","M","T","R","?","R","?","E","R","?","M","BOSS"],"items_purchased_type":["Relic","Card","Relic"],"build_version":"2020-12-22","purchased_purges":0,"victory":false,"max_hp_per_floor":[70,70,70,70,70,70,70,70,70,70,70,70,70,70,70,70,70,70,70,70,70,70,70,70,70,70,80,80,80,80,80,80,80,80,80],"card_choices":[{"not_picked":["hexamod:BurningTouch","hexamod:SpectersWail"],"picked":"hexamod:GhostShield","floor":2.0},{"not_picked":["hexamod:ChargedBarrage","hexamod:NightmareStrike"],"picked":"hexamod:GhostLash","floor":5.0},{"not_picked":["hexamod:Hexaguard","hexamod:SpectralAdrenaline"],"picked":"hexamod:FastForward","floor":8.0},{"not_picked":["hexamod:GhostOfSpirePresent","hexamod:Hexaguard"],"picked":"hexamod:ThirdSeal","floor":10.0},{"not_picked":["hexamod:StepThrough","hexamod:AdvancingGuard"],"picked":"hexamod:EmpoweringStance","floor":11.0},{"not_picked":["hexamod:SwordOfDarkness","hexamod:InspiringFlames"],"picked":"hexamod:RecurringNightmare","floor":11.0},{"not_picked":["hexamod:GhostflameBarrier","hexamod:BurningTouch"],"picked":"hexamod:EtherealExpedition","floor":14.0},{"not_picked":["hexamod:Haunt","hexamod:ThermalTransfer"],"picked":"hexamod:EmpoweringStance","floor":14.0},{"not_picked":["hexamod:BacktrackSmack","hexamod:EmpoweredFlame"],"picked":"hexamod:HauntingEcho","floor":15.0},{"not_picked":["hexamod:TimeWarp","hexamod:CrushingStance"],"picked":"hexamod:EmpoweringStance","floor":16.0},{"not_picked":["hexamod:ParanormalForm","hexamod:SearingWound"],"picked":"hexamod:EmpoweringStance","floor":16.0},{"not_picked":["hexamod:NightmareGuise","hexamod:GhostOfSpireFuture"],"picked":"hexamod:Firestarter","floor":20.0},{"not_picked":["hexamod:GhostLash","hexamod:FastForward"],"picked":"hexamod:BurningTouch","floor":20.0},{"not_picked":["hexamod:RainOfEmbers","hexamod:SpectralAdrenaline"],"picked":"hexamod:HeatShield","floor":21.0},{"not_picked":["hexamod:InspiringFlames+1","hexamod:NecessarySacrifice"],"picked":"hexamod:RadiantFlame+1","floor":21.0},{"not_picked":["hexamod:HeatMetal","hexamod:NightmareStrike"],"picked":"hexamod:SkipABeat+1","floor":22},{"not_picked":["hexamod:RainOfEmbers","hexamod:ShieldOfDarkness+1"],"picked":"hexamod:ExtraCrispy","floor":23},{"not_picked":["hexamod:RetreatToShadows","hexamod:Firestarter"],"picked":"hexamod:TimeOfNeed","floor":23},{"not_picked":[],"picked":"J.A.X.","floor":26},{"not_picked":["hexamod:PhantomFireball","hexamod:HauntingEcho+1"],"picked":"hexamod:SecondSeal","floor":26},{"not_picked":["hexamod:BacktrackSmack","hexamod:SkipABeat"],"picked":"hexamod:ThermalTransfer+1","floor":26},{"not_picked":["hexamod:AdvancingGuard","hexamod:SwordOfDarkness"],"picked":"hexamod:DynamicBlow","floor":29},{"not_picked":["hexamod:Haunt","hexamod:NightmareStrike"],"picked":"hexamod:Rewind+1","floor":29},{"not_picked":["hexamod:NightmareStrike","hexamod:GhostOfSpirePast+1"],"picked":"hexamod:FastForward","floor":31},{"not_picked":["hexamod:RecurringNightmare","hexamod:NightmareStrike"],"picked":"hexamod:BurningTouch","floor":31},{"not_picked":["hexamod:CatchUp","hexamod:SecondSeal","hexamod:GhostShield+1"],"picked":"SKIP","floor":32}],"player_experience":142321,"relics_obtained":[{"floor":7.0,"key":"MagicDraw4"},{"floor":10.0,"key":"MawBank"},{"floor":26,"key":"MutagenicStrength"},{"floor":29,"key":"Pantograph"},{"floor":31,"key":"PlanX"},{"floor":31,"key":"GodSword1"}],"event_choices":[{"damage_healed":0,"gold_gain":0,"player_choice":"Read","damage_taken":0,"max_hp_gain":0,"max_hp_loss":0,"event_name":"The Library","floor":28,"gold_loss":0,"cards_obtained":["hexamod:EmpoweredFlame"]}],"is_beta":false,"boss_relics":[{"not_picked":["Empty Cage","Tiny House"],"picked":"Astrolabe"}],"items_purged_floors":[],"is_endless":false,"potions_floor_spawned":[10,14,15,16,21,23,26,29],"killed_by":"downfall:Silent","ascension_level":0}}