{"host":"v79nb9qnzs8cga96","time":1610567267,"event":{"mods":["2.2 Compatiblity","Ascension Reborn","Aspiration","Bard","BaseMod","Beaked The Cultist","Better Note","Block Reminder","Custom Start","GifTheSpireLib","Marked Mod","Minty Spire (QoL Compilation)","Quarter Circle Forward PUNCH!","SacredBarkPlus","Small Relic Pack","StSLib","Stuff the Spire","The Bladedancer","The Cursed","The Forsaken","The Necromancer","The Poker Player","The Runesmith","The Saiyan","The Showman","The Spell Scribe","TheFirefly","vexMod"],"gold_per_floor":[10,10,85,102,114,139,8,19,45,31,31,31,31,42,42,139,139,152,152,182,28,38,38,73,89,89,89,89],"floor_reached":27,"language":"ENG","playtime":1777,"items_purged":[],"score":317,"play_id":"2536ef0e-539c-45b7-ab27-ae28099e07b8","local_time":"20210113214747","is_ascension_mode":true,"campfire_choices":[{"floor":12.0,"key":"REST"},{"floor":15.0,"key":"REST"}],"circlet_count":0,"master_deck":["Saiyan:SAIYA_Strike","Saiyan:SAIYA_Strike","Saiyan:SAIYA_Strike","Saiyan:SAIYA_Defend","Saiyan:SAIYA_Defend","Saiyan:SAIYA_Defend","Saiyan:SAIYA_Defend","Saiyan:EnergyBlast","Saiyan:KaioKen","Saiyan:RuthlessBlow","Saiyan:TurtleShell","Saiyan:DrainingStrike","Saiyan:TurtleShell","Saiyan:WarmUp","Saiyan:KameHameHa","Saiyan:PowerStance","Saiyan:SpiritSword+1","Saiyan:Furor+1","Saiyan:Kienzan","Saiyan:LastResort","Saiyan:HyperTimeChamber","Saiyan:DragonRadar","Saiyan:RemoveWeights+1"],"relics":["SaiyanSoul","SaiyanHeart","aspiration:DSix","The Courier","Pen Nib","beaked:MawFillet","StuffTheSpire:HeavyRock","StuffTheSpire:Saxophone","Omamori","vexMod:InvisibilityCloak"],"acts_visited":["Exordium","TheCity"],"potions_floor_usage":[27],"damage_taken":[{"damage":2.0,"enemies":"Jaw Worm","floor":1.0,"turns":3.0},{"damage":0.0,"enemies":"2 Louse","floor":4.0,"turns":2.0},{"damage":0.0,"enemies":"Small Slimes","floor":5.0,"turns":5.0},{"damage":36.0,"enemies":"Gremlin Nob","floor":6.0,"turns":5.0},{"damage":9.0,"enemies":"3 Louse","floor":8.0,"turns":5.0},{"damage":3.0,"enemies":"Exordium Thugs","floor":10.0,"turns":4.0},{"damage":21.0,"enemies":"Exordium Wildlife","floor":14.0,"turns":4.0},{"damage":17.0,"enemies":"Slime Boss","floor":16.0,"turns":11.0},{"damage":35.0,"enemies":"Spheric Guardian","floor":18.0,"turns":4.0},{"damage":29.0,"enemies":"Book of Stabbing","floor":20.0,"turns":8.0},{"damage":0.0,"enemies":"3 Byrds","floor":22.0,"turns":7.0},{"damage":18.0,"enemies":"Gremlin Leader","floor":24.0,"turns":8.0},{"damage":36,"enemies":"Snecko","floor":25,"turns":5},{"damage":18,"enemies":"Book of Stabbing","floor":27,"turns":5}],"seed_played":"-3413708659230048205","potions_obtained":[{"floor":6.0,"key":"EssenceOfSteel"},{"floor":10.0,"key":"Explosive Potion"},{"floor":16.0,"key":"Ancient Potion"},{"floor":18.0,"key":"DuplicationPotion"},{"floor":24.0,"key":"Explosive Potion"},{"floor":25,"key":"GamblersBrew"}],"is_trial":false,"path_per_floor":["M","?","?","M","M","E","$","M","T","M","?","R","?","M","R","B",null,"M","?","E","$","M","?","E","M","T","E"],"character_chosen":"SAIYAJIN","items_purchased":["Saiyan:KameHameHa","Saiyan:PowerStance","Saiyan:SpiritSword","Saiyan:DragonRadar","StuffTheSpire:Saxophone"],"campfire_rested":2,"item_purchase_floors":[7,7,7,21,21],"current_hp_per_floor":[59,59,48,49,51,17,17,9,9,8,8,28,28,10,31,15,73,40,40,12,12,13,77,60,26,26,9,9],"gold":89,"neow_bonus":"ONE_RARE_RELIC","is_daily":false,"chose_seed":false,"campfire_upgraded":0,"win_rate":0.0,"timestamp":1610567267,"path_taken":["M","?","?","M","M","E","?","M","T","M","?","R","?","?","R","BOSS","M","?","E","?","M","?","E","M","T","E"],"items_purchased_type":["Card","Card","Card","Card","Relic"],"build_version":"2020-12-22","purchased_purges":0,"victory":false,"max_hp_per_floor":[61,61,61,62,64,66,66,67,67,69,69,69,69,72,72,73,73,75,75,76,76,77,77,78,80,80,81,81],"card_choices":[{"not_picked":["Saiyan:DragonFist","Saiyan:PowerUp"],"picked":"Saiyan:TurtleShell","floor":1.0},{"not_picked":["Saiyan:Flurry","Saiyan:MeteorDash"],"picked":"Saiyan:DrainingStrike","floor":4.0},{"not_picked":["Saiyan:Quickening","Saiyan:SaiyanHubris"],"picked":"Saiyan:TurtleShell","floor":5.0},{"not_picked":["Saiyan:SoulSpice","Saiyan:MeteorDash"],"picked":"Saiyan:WarmUp","floor":6.0},{"not_picked":["Saiyan:Twize","Saiyan:PlotArmor"],"picked":"Saiyan:Furor","floor":8.0},{"not_picked":["Saiyan:PowerUp","Saiyan:Endure"],"picked":"Saiyan:Kienzan","floor":10.0},{"not_picked":["Saiyan:PowerPole","Saiyan:Rekindle"],"picked":"Saiyan:LastResort","floor":14.0},{"not_picked":["Saiyan:TransfigurationBeam","Saiyan:TheBomb"],"picked":"Saiyan:HyperTimeChamber","floor":16.0},{"not_picked":["Saiyan:BackAttack","Saiyan:DoubleMasenko"],"picked":"Saiyan:AugmentedBlast+1","floor":18.0},{"not_picked":["Saiyan:ExpandingShockwave","Saiyan:PowerPole","Saiyan:PowerUp"],"picked":"SKIP","floor":20.0},{"not_picked":["Saiyan:Overexert","Saiyan:SaiyanHubris","Saiyan:Quickening"],"picked":"SKIP","floor":22.0},{"not_picked":["Saiyan:Scouter","Saiyan:Honing"],"picked":"Saiyan:RemoveWeights+1","floor":24.0},{"not_picked":["Saiyan:KameHameHa","Saiyan:SaiyanHubris","Saiyan:DoubleMasenko"],"picked":"SKIP","floor":25}],"player_experience":466590,"relics_obtained":[{"floor":6.0,"key":"The Courier"},{"floor":9.0,"key":"Pen Nib"},{"floor":20.0,"key":"StuffTheSpire:HeavyRock"},{"floor":24.0,"key":"Omamori"},{"floor":26,"key":"vexMod:InvisibilityCloak"}],"event_choices":[{"damage_healed":0.0,"max_hp_gain":0.0,"max_hp_loss":0.0,"gold_gain":0.0,"event_name":"Golden Wing","player_choice":"Ignored","floor":2.0,"gold_loss":0.0,"damage_taken":0.0},{"damage_healed":0.0,"max_hp_gain":0.0,"max_hp_loss":0.0,"gold_gain":75.0,"event_name":"World of Goop","player_choice":"Gather Gold","floor":3.0,"gold_loss":0.0,"damage_taken":11.0},{"damage_healed":0.0,"max_hp_gain":0.0,"max_hp_loss":0.0,"gold_gain":0.0,"event_name":"Living Wall","player_choice":"Grow","floor":11.0,"gold_loss":0.0,"damage_taken":0.0,"cards_upgraded":["Saiyan:Furor"]},{"damage_healed":0.0,"max_hp_gain":0.0,"max_hp_loss":0.0,"gold_gain":0.0,"event_name":"Upgrade Shrine","player_choice":"Upgraded","floor":13.0,"gold_loss":0.0,"damage_taken":0.0,"cards_upgraded":["Saiyan:SpiritSword"]},{"cards_removed":["Saiyan:SAIYA_Strike"],"damage_healed":0.0,"max_hp_gain":0.0,"max_hp_loss":0.0,"gold_gain":0.0,"event_name":"Purifier","player_choice":"Purged","floor":19.0,"gold_loss":0.0,"damage_taken":0.0},{"cards_removed":["Saiyan:AugmentedBlast"],"damage_healed":64.0,"max_hp_gain":0.0,"max_hp_loss":0.0,"gold_gain":0.0,"event_name":"Bonfire Elementals","player_choice":"Offered Uncommon","floor":23.0,"gold_loss":0.0,"damage_taken":0.0}],"is_beta":false,"boss_relics":[{"not_picked":["Black Star","aspiration:WatcherSkillbook"],"picked":"beaked:MawFillet"}],"items_purged_floors":[],"is_endless":false,"potions_floor_spawned":[6,10,16,18,24,25],"killed_by":"Book of Stabbing","ascension_level":1}}