{"host":"zxkjcgzis4pm3za5","time":1610519530,"event":{"mods":["AchievementEnabler","Act Like it!","BaseMod","Colored Map","Colored Powertips","Friendly Minions","GifTheSpireLib","Minty Spire (QoL Compilation)","Quick Restart","RNG Fix","Random Character Button","Relic Sorter","Relic Stats","StSLib"],"gold_per_floor":[109,109,74,74,93,120,120,147,147,174,30,30,63,63,63,136,136,149,165,179,179,194,229,229,259,259,271,271,285,318,34,34,109,109,120,132,142,155,170,195,195,222,222,235,235,83,103,114,114,114,114,114,67,97,97],"floor_reached":56,"language":"ENG","playtime":3109,"items_purged":["Decay","Strike_G"],"score":2291,"play_id":"14bb0e5d-23e2-4ed1-bf23-192f0d5694c5","local_time":"20210113120210","is_ascension_mode":true,"campfire_choices":[{"data":"Footwork","floor":7,"key":"SMITH"},{"data":"Cloak And Dagger","floor":12,"key":"SMITH"},{"data":"Neutralize","floor":15,"key":"SMITH"},{"floor":28,"key":"REST"},{"data":"Envenom","floor":32,"key":"SMITH"},{"floor":41,"key":"RECALL"},{"data":"Sadistic Nature","floor":49,"key":"SMITH"},{"data":"Leg Sweep","floor":52,"key":"SMITH"}],"circlet_count":0,"master_deck":["AscendersBane","Strike_G","Strike_G+1","Strike_G","Defend_G","Defend_G","Defend_G","Defend_G","Defend_G+1","Survivor","Neutralize+1","Flying Knee","Footwork+1","Leg Sweep+1","Cloak And Dagger+1","Quick Slash","Endless Agony","Blade Dance+1","Envenom+1","Deflect+1","Cloak And Dagger+1","Deadly Poison+1","PiercingWail+1","Storm of Steel+1","Bullet Time+1","Dodge and Roll+1","Blade Dance+1","Outmaneuver+1","Terror+1","After Image","Cloak And Dagger+1","Backflip+1","Dodge and Roll+1","Blade Dance+1","Acrobatics+1","Blade Dance+1","Expertise+1","Sadistic Nature+1","Flash of Steel","Finisher+1","Cloak And Dagger+1"],"relics":["Ring of the Serpent","FossilizedHelix","WingedGreaves","Kunai","Ornamental Fan","Potion Belt","Toxic Egg 2","Bottled Lightning","Snake Skull","Bag of Marbles","Red Mask","Nunchaku","WristBlade","Oddly Smooth Stone","Bottled Tornado","Singing Bowl","OrangePellets","Pear"],"acts_visited":["Exordium","TheCity","TheBeyond","TheEnding"],"potions_floor_usage":[8,16,20,25,30,33,38,42,47,50,55,55,55],"damage_taken":[{"damage":6,"enemies":"Small Slimes","floor":1,"turns":7},{"damage":0,"enemies":"Jaw Worm","floor":5,"turns":4},{"damage":8,"enemies":"Lagavulin","floor":6,"turns":9},{"damage":0,"enemies":"Gremlin Nob","floor":8,"turns":5},{"damage":13,"enemies":"3 Sentries","floor":10,"turns":15},{"damage":2,"enemies":"Lagavulin","floor":13,"turns":7},{"damage":8,"enemies":"Hexaghost","floor":16,"turns":12},{"damage":0,"enemies":"Shell Parasite","floor":18,"turns":5},{"damage":0,"enemies":"Spheric Guardian","floor":19,"turns":5},{"damage":4,"enemies":"Centurion and Healer","floor":20,"turns":9},{"damage":12,"enemies":"Snake Plant","floor":22,"turns":6},{"damage":15,"enemies":"Book of Stabbing","floor":23,"turns":8},{"damage":7,"enemies":"Slavers","floor":25,"turns":7},{"damage":0,"enemies":"Shelled Parasite and Fungi","floor":27,"turns":6},{"damage":0,"enemies":"Snecko","floor":29,"turns":4},{"damage":7,"enemies":"Masked Bandits","floor":30,"turns":4},{"damage":0,"enemies":"Automaton","floor":33,"turns":8},{"damage":1,"enemies":"3 Shapes","floor":35,"turns":7},{"damage":0,"enemies":"Orb Walker","floor":36,"turns":1},{"damage":0,"enemies":"4 Shapes","floor":37,"turns":6},{"damage":0,"enemies":"Transient","floor":38,"turns":5},{"damage":0,"enemies":"Spire Growth","floor":39,"turns":3},{"damage":0,"enemies":"Giant Head","floor":40,"turns":6},{"damage":3,"enemies":"Reptomancer","floor":42,"turns":6},{"damage":0,"enemies":"3 Darklings","floor":44,"turns":5},{"damage":0,"enemies":"Sphere and 2 Shapes","floor":47,"turns":4},{"damage":0,"enemies":"4 Shapes","floor":48,"turns":4},{"damage":0,"enemies":"Donu and Deca","floor":50,"turns":6},{"damage":0,"enemies":"Shield and Spear","floor":54,"turns":4},{"damage":55,"enemies":"The Heart","floor":55,"turns":8}],"seed_played":"9106943257170433725","potions_obtained":[{"floor":1,"key":"Swift Potion"},{"floor":6,"key":"FearPotion"},{"floor":13,"key":"FearPotion"},{"floor":16,"key":"Energy Potion"},{"floor":19,"key":"FearPotion"},{"floor":20,"key":"Poison Potion"},{"floor":23,"key":"Block Potion"},{"floor":29,"key":"SpeedPotion"},{"floor":30,"key":"Fruit Juice"},{"floor":37,"key":"LiquidBronze"},{"floor":39,"key":"CultistPotion"},{"floor":42,"key":"Fire Potion"},{"floor":48,"key":"DuplicationPotion"}],"is_trial":false,"path_per_floor":["M","?","$","?","M","E","R","E","T","E","$","R","E","?","R","B",null,"M","M","M","?","M","E","?","E","T","M","R","M","?","$","R","B",null,"M","M","M","M","M","E","R","E","T","M","?","$","M","M","R","B",null,"R","$","E","B",null],"character_chosen":"THE_SILENT","items_purchased":["Footwork","Endless Agony","Terror+1","Nunchaku","OrangePellets","Cloak And Dagger+1"],"campfire_rested":1,"item_purchase_floors":[3,11,31,31,46,53],"current_hp_per_floor":[53,40,40,45,45,37,37,37,37,24,24,24,22,22,22,14,57,57,57,53,53,41,26,26,19,19,19,40,40,33,33,33,33,62,61,61,61,61,61,61,61,63,63,63,55,55,57,57,57,57,74,74,74,86,31],"gold":97,"neow_bonus":"ONE_RARE_RELIC","is_daily":false,"chose_seed":false,"campfire_upgraded":6,"win_rate":0.0,"timestamp":1610519530,"path_taken":["M","?","$","?","M","E","R","E","T","E","$","R","E","?","R","BOSS","M","?","M","?","?","E","?","E","T","M","R","M","?","$","R","BOSS","M","M","?","M","M","E","R","E","T","M","?","$","M","M","R","BOSS","R","$","E","BOSS"],"items_purchased_type":["Card","Card","Card","Relic","Relic","Card"],"build_version":"2020-12-22","purchased_purges":2,"victory":true,"max_hp_per_floor":[66,66,66,71,71,71,71,71,71,71,71,71,71,71,71,71,71,71,71,71,71,71,71,71,71,71,71,71,71,71,71,71,71,71,71,71,71,71,71,71,71,76,76,76,78,78,80,80,80,80,80,80,80,92,92],"relic_stats":{"OrangePellets":[3],"Nunchaku":[30],"Singing Bowl":6,"counters":[30,186],"Ornamental Fan":[588],"Snake Skull":[243],"Kunai":[147],"obtain_stats":[{"Potion Belt":10,"Pear":54,"Singing Bowl":43,"Oddly Smooth Stone":40,"Snake Skull":24,"Bottled Tornado":42,"OrangePellets":46,"Nunchaku":31,"WristBlade":34,"Ornamental Fan":9,"WingedGreaves":6,"Bag of Marbles":25,"Red Mask":30,"Kunai":8,"Bottled Lightning":23,"Toxic Egg 2":13,"FossilizedHelix":0,"Ring of the Serpent":17,"Ring of the Snake":0},{"Potion Belt":5,"Pear":29,"Singing Bowl":24,"Oddly Smooth Stone":23,"Snake Skull":12,"Bottled Tornado":24,"OrangePellets":25,"Nunchaku":16,"WristBlade":17,"Ornamental Fan":4,"WingedGreaves":3,"Bag of Marbles":13,"Red Mask":16,"Kunai":4,"Bottled Lightning":12,"Toxic Egg 2":6,"FossilizedHelix":0,"Ring of the Serpent":7,"Ring of the Snake":0},{"Potion Belt":40,"Pear":178,"Singing Bowl":155,"Oddly Smooth Stone":149,"Snake Skull":92,"Bottled Tornado":155,"OrangePellets":160,"Nunchaku":113,"WristBlade":121,"Ornamental Fan":25,"WingedGreaves":20,"Bag of Marbles":99,"Red Mask":113,"Kunai":25,"Bottled Lightning":92,"Toxic Egg 2":47,"FossilizedHelix":0,"Ring of the Serpent":59,"Ring of the Snake":0}]},"card_choices":[{"not_picked":["Eviscerate","Backflip"],"picked":"Flying Knee","floor":1},{"not_picked":["Dodge and Roll","Flying Knee"],"picked":"Deadly Poison","floor":5},{"not_picked":["Acrobatics","Dodge and Roll"],"picked":"Leg Sweep","floor":6},{"not_picked":["Expertise","Choke"],"picked":"Cloak And Dagger","floor":8},{"not_picked":["Outmaneuver","Leg Sweep"],"picked":"Quick Slash","floor":10},{"not_picked":["Dodge and Roll+1","Distraction+1"],"picked":"Blade Dance+1","floor":13},{"not_picked":["Storm of Steel+1","Glass Knife"],"picked":"Envenom","floor":16},{"not_picked":["Backstab","Dagger Spray"],"picked":"Deflect+1","floor":18},{"not_picked":["Noxious Fumes","Prepared+1"],"picked":"Cloak And Dagger+1","floor":19},{"not_picked":["Choke","Flechettes","Predator"],"picked":"SKIP","floor":20},{"not_picked":["Deflect+1","Quick Slash"],"picked":"PiercingWail+1","floor":22},{"not_picked":["Sucker Punch","Dagger Spray"],"picked":"Storm of Steel+1","floor":23},{"not_picked":["Outmaneuver+1","Quick Slash"],"picked":"Bullet Time+1","floor":25},{"not_picked":["Sucker Punch","Backflip+1"],"picked":"Dodge and Roll+1","floor":27},{"not_picked":["Flying Knee+1","Eviscerate+1"],"picked":"Blade Dance+1","floor":29},{"not_picked":["Accuracy","Predator"],"picked":"Outmaneuver+1","floor":30},{"not_picked":["Burst+1","Malaise+1"],"picked":"After Image","floor":33},{"not_picked":["Flechettes","Flying Knee"],"picked":"Cloak And Dagger+1","floor":35},{"not_picked":["Terror+1","Quick Slash","Poisoned Stab"],"picked":"SKIP","floor":36},{"not_picked":["Deflect+1","Deadly Poison+1"],"picked":"Backflip+1","floor":37},{"not_picked":["Dagger Spray","Deadly Poison+1"],"picked":"Dodge and Roll+1","floor":38},{"not_picked":["Slice","Crippling Poison+1"],"picked":"Blade Dance+1","floor":39},{"not_picked":["Dagger Spray","Poisoned Stab"],"picked":"Acrobatics+1","floor":40},{"not_picked":["Dash","Well Laid Plans"],"picked":"Blade Dance+1","floor":42},{"not_picked":["Masterful Stab","Choke"],"picked":"Expertise+1","floor":44},{"not_picked":["Blind+1","Panacea+1"],"picked":"Sadistic Nature","floor":45},{"not_picked":["Secret Weapon+1","Blind+1"],"picked":"Flash of Steel","floor":45},{"not_picked":["Jack Of All Trades+1","Dramatic Entrance","Impatience+1"],"picked":"Singing Bowl","floor":45},{"not_picked":["Dash","Deflect+1","Prepared+1"],"picked":"Singing Bowl","floor":47},{"not_picked":["Outmaneuver+1","Heel Hook"],"picked":"Finisher+1","floor":48},{"not_picked":["Terror+1","Heel Hook","Flying Knee"],"picked":"Singing Bowl","floor":54}],"player_experience":210966,"relics_obtained":[{"floor":6,"key":"WingedGreaves"},{"floor":8,"key":"Kunai"},{"floor":9,"key":"Ornamental Fan"},{"floor":10,"key":"Potion Belt"},{"floor":13,"key":"Toxic Egg 2"},{"floor":23,"key":"Bottled Lightning"},{"floor":25,"key":"Bag of Marbles"},{"floor":30,"key":"Red Mask"},{"floor":40,"key":"Oddly Smooth Stone"},{"floor":42,"key":"Bottled Tornado"},{"floor":43,"key":"Singing Bowl"},{"floor":54,"key":"Pear"}],"event_choices":[{"damage_healed":0,"gold_gain":0,"player_choice":"Entered Light","damage_taken":13,"max_hp_gain":0,"max_hp_loss":0,"event_name":"Shining Light","floor":2,"gold_loss":0,"cards_upgraded":["Strike_G","Defend_G"]},{"damage_healed":0,"gold_gain":0,"player_choice":"Donut","damage_taken":0,"max_hp_gain":5,"max_hp_loss":0,"event_name":"Big Fish","floor":4,"gold_loss":0},{"cards_removed":["Deadly Poison"],"damage_healed":0,"gold_gain":0,"player_choice":"Forget","damage_taken":0,"max_hp_gain":0,"max_hp_loss":0,"event_name":"Living Wall","floor":14,"gold_loss":0},{"damage_healed":0,"gold_gain":0,"cards_transformed":["Strike_G"],"player_choice":"Transformed","damage_taken":0,"max_hp_gain":0,"max_hp_loss":0,"event_name":"Transmorgrifier","floor":21,"gold_loss":0,"cards_obtained":["Deadly Poison"]},{"damage_healed":0,"gold_gain":0,"player_choice":"Opened","damage_taken":0,"relics_obtained":["Snake Skull"],"max_hp_gain":0,"max_hp_loss":0,"event_name":"The Mausoleum","floor":24,"gold_loss":0},{"damage_healed":0,"gold_gain":0,"player_choice":"Fought Bandits","damage_taken":0,"max_hp_gain":0,"max_hp_loss":0,"event_name":"Masked Bandits","floor":30,"gold_loss":0},{"damage_healed":0,"gold_gain":0,"player_choice":"Memory 3","damage_taken":10,"max_hp_gain":0,"max_hp_loss":0,"event_name":"SensoryStone","floor":45,"gold_loss":0}],"is_beta":false,"boss_relics":[{"not_picked":["SlaversCollar","Empty Cage"],"picked":"Ring of the Serpent"},{"not_picked":["Sozu","Pandora\u0027s Box"],"picked":"WristBlade"}],"items_purged_floors":[11,31],"is_endless":false,"potions_floor_spawned":[1,6,13,16,19,20,23,29,30,37,39,42,48],"ascension_level":14}}