{"host":"04hh9gplt9wkfmr1","time":1610519839,"event":{"mods":["AchievementEnabler","BaseMod","Colored Map","KOR Keyword Fix","Minty Spire (QoL Compilation)","Rare Cards Sparkle","SuperFastMode"],"gold_per_floor":[361,121,71,146,146,146,165,190,243,243,273,285,285,304,304,403,403,413,413,431,431,442,442,442],"floor_reached":23,"language":"KOR","playtime":524,"items_purged":["Regret"],"score":229,"play_id":"55ed9cf6-63c4-48d1-9951-9bd6423d4686","local_time":"20210113153719","is_ascension_mode":true,"campfire_choices":[{"data":"Apotheosis","floor":6.0,"key":"SMITH"},{"floor":13.0,"key":"REST"},{"data":"Capacitor","floor":15.0,"key":"SMITH"}],"circlet_count":0,"master_deck":["Strike_B","Strike_B","Defend_B","Defend_B","Defend_B","Defend_B","Zap","Dualcast","Defragment","Apotheosis+1","Static Discharge","Heatsinks","Lockon","Capacitor+1","Fission","Capacitor"],"relics":["Cracked Core","Boot","Lantern","Bag of Preparation","Regal Pillow","Nuclear Battery","Potion Belt"],"acts_visited":["Exordium","TheCity"],"potions_floor_usage":[23,23],"damage_taken":[{"damage":0.0,"enemies":"Small Slimes","floor":1.0,"turns":2.0},{"damage":0.0,"enemies":"Cultist","floor":7.0,"turns":2.0},{"damage":10.0,"enemies":"3 Sentries","floor":8.0,"turns":7.0},{"damage":26.0,"enemies":"Gremlin Nob","floor":11.0,"turns":4.0},{"damage":2.0,"enemies":"Jaw Worm","floor":12.0,"turns":4.0},{"damage":12.0,"enemies":"Large Slime","floor":14.0,"turns":4.0},{"damage":27.0,"enemies":"Slime Boss","floor":16.0,"turns":6.0},{"damage":4.0,"enemies":"3 Byrds","floor":18.0,"turns":2.0},{"damage":8.0,"enemies":"Shell Parasite","floor":20.0,"turns":4.0},{"damage":39.0,"enemies":"Shelled Parasite and Fungi","floor":22.0,"turns":6.0},{"damage":26,"enemies":"Gremlin Leader","floor":23,"turns":6}],"seed_played":"-1567467352264386098","potions_obtained":[{"floor":7.0,"key":"FocusPotion"},{"floor":10.0,"key":"AttackPotion"},{"floor":10.0,"key":"SpeedPotion"},{"floor":10.0,"key":"LiquidMemories"},{"floor":11.0,"key":"AttackPotion"},{"floor":16.0,"key":"Block Potion"},{"floor":18.0,"key":"SkillPotion"},{"floor":22.0,"key":"Swift Potion"}],"is_trial":false,"path_per_floor":["M","$","?","?","?","R","M","E","T","?","E","M","R","M","R","B",null,"M","?","M","?","M","E"],"character_chosen":"DEFECT","items_purchased":["Apotheosis"],"campfire_rested":1,"item_purchase_floors":[2],"current_hp_per_floor":[75,75,75,64,46,46,46,36,36,36,10,8,45,33,33,6,75,71,71,63,63,24,0,0],"gold":442,"neow_bonus":"TWO_FIFTY_GOLD","is_daily":false,"chose_seed":false,"campfire_upgraded":2,"win_rate":0.0,"timestamp":1610519839,"path_taken":["M","$","?","?","?","R","M","E","T","?","E","M","R","M","R","BOSS","M","?","M","?","?","E"],"items_purchased_type":["Card"],"build_version":"2020-12-22","purchased_purges":1,"victory":false,"max_hp_per_floor":[75,75,75,75,75,75,75,75,75,75,75,75,75,75,75,75,75,75,75,75,75,75,75,75],"card_choices":[{"not_picked":["Turbo","Compile Driver"],"picked":"Defragment","floor":1.0},{"not_picked":["Sunder","Rip and Tear","Blizzard"],"picked":"SKIP","floor":7.0},{"not_picked":["Compile Driver","Creative AI"],"picked":"Static Discharge","floor":8.0},{"not_picked":["Steam","Rip and Tear"],"picked":"Heatsinks","floor":11.0},{"not_picked":["Compile Driver","Coolheaded"],"picked":"Lockon","floor":12.0},{"not_picked":["Stack","Self Repair"],"picked":"Capacitor","floor":14.0},{"not_picked":["Multi-Cast","Hyperbeam"],"picked":"Fission","floor":16.0},{"not_picked":["Melter","Barrage+1"],"picked":"Capacitor","floor":18.0},{"not_picked":["Conserve Battery","Coolheaded","Barrage"],"picked":"SKIP","floor":20.0},{"not_picked":["Glacier","Streamline","Stack"],"picked":"SKIP","floor":22.0}],"player_experience":17927,"relics_obtained":[{"floor":8.0,"key":"Lantern"},{"floor":9.0,"key":"Bag of Preparation"},{"floor":11.0,"key":"Regal Pillow"}],"event_choices":[{"cards_removed":["Strike_B"],"damage_healed":0.0,"max_hp_gain":0.0,"max_hp_loss":0.0,"gold_gain":0.0,"event_name":"The Cleric","player_choice":"Card Removal","floor":3.0,"gold_loss":50.0,"damage_taken":0.0},{"damage_healed":0.0,"max_hp_gain":0.0,"max_hp_loss":0.0,"gold_gain":75.0,"event_name":"World of Goop","player_choice":"Gather Gold","floor":4.0,"gold_loss":0.0,"damage_taken":11.0},{"damage_healed":0.0,"max_hp_gain":0.0,"max_hp_loss":0.0,"gold_gain":0.0,"event_name":"Scrap Ooze","player_choice":"Success","floor":5.0,"gold_loss":0.0,"damage_taken":18.0,"relics_obtained":["Boot"]},{"damage_healed":0.0,"max_hp_gain":0.0,"max_hp_loss":0.0,"gold_gain":0.0,"event_name":"Lab","player_choice":"Got Potions","floor":10.0,"gold_loss":0.0,"damage_taken":0.0},{"damage_healed":0.0,"max_hp_gain":0.0,"max_hp_loss":0.0,"gold_gain":0.0,"event_name":"The Mausoleum","player_choice":"Opened","floor":19.0,"gold_loss":0.0,"damage_taken":0.0,"relics_obtained":["Potion Belt"]},{"cards_removed":["Strike_B"],"damage_healed":0.0,"max_hp_gain":0.0,"max_hp_loss":0.0,"gold_gain":0.0,"event_name":"Purifier","player_choice":"Purged","floor":21.0,"gold_loss":0.0,"damage_taken":0.0}],"is_beta":false,"boss_relics":[{"not_picked":["SacredBark","Philosopher\u0027s Stone"],"picked":"Nuclear Battery"}],"items_purged_floors":[2],"is_endless":false,"potions_floor_spawned":[7,11,16,18,22],"killed_by":"Gremlin Leader","ascension_level":3}}