{"host":"2jftgrhdogeeegvp","time":1610520787,"event":{"mods":["Act Like it!","Arknights The Spire","BaseMod","Colored Map","Downfall","Gensokyo","Marisa£®ÏF”Í°°ƒß¿Ì…≥£©","Minty Spire (QoL Compilation)","READ ME - Guardian Mod","Reimu£®≤©¿ˆ¡È√Œ£©","StSLib","SuperFastMode","The Cursed","The Gatherer","The Mystic"],"gold_per_floor":[118,118,138,148,73,99,99,99,99],"floor_reached":8,"language":"ZHS","playtime":278,"items_purged":["ats:Strike V"],"score":56,"play_id":"5d43be0b-65b4-434d-8da3-bf2aa8ba9f96","local_time":"20210112225307","is_ascension_mode":false,"campfire_choices":[],"circlet_count":0,"master_deck":["ats:Strike C","ats:Strike G","ats:Strike S","ats:Armor Crushing Shot","ats:Defend","ats:Defend","ats:Defend","ats:Defend","ats:Emotion Absorption","CurseOfTheBell","ats:Shell Defense","Bash","ats:Healing Drone","expansioncontent:GoopSpray","ats:Flexible Camouflage","ats:Sunburst","ats:Healing Strengthening"],"relics":["Calling Bell","Orichalcum","ats:Lavender","Du-Vu Doll","ats:Originium","ats:Ability Aura","CeramicFish"],"acts_visited":["Exordium"],"potions_floor_usage":[8],"damage_taken":[{"damage":5.0,"enemies":"Jaw Worm","floor":1.0,"turns":4.0},{"damage":3.0,"enemies":"Cultist","floor":3.0,"turns":4.0},{"damage":1.0,"enemies":"2 Louse","floor":4.0,"turns":4.0},{"damage":20,"enemies":"Gremlin Nob","floor":6,"turns":4},{"damage":26,"enemies":"Lagavulin","floor":8,"turns":3}],"seed_played":"8676092612160382551","potions_obtained":[{"floor":4.0,"key":"champ:CounterPotion"},{"floor":6,"key":"Swift Potion"}],"is_trial":false,"path_per_floor":["M","?","M","M","$","E","?","E"],"character_chosen":"DOCTOR_CLASS","items_purchased":[],"campfire_rested":0,"item_purchase_floors":[],"current_hp_per_floor":[68,68,69,72,72,53,20,0,0],"gold":99,"neow_bonus":"BOSS_RELIC","is_daily":false,"chose_seed":false,"campfire_upgraded":0,"win_rate":0.0,"timestamp":1610520787,"path_taken":["M","?","?","M","$","E","?","E"],"items_purchased_type":[],"build_version":"2020-12-22","purchased_purges":1,"victory":false,"max_hp_per_floor":[72,72,72,72,72,72,72,72,72],"card_choices":[{"not_picked":["ats:Flame Of Heaven","ats:Curse Doll"],"picked":"ats:Shell Defense","floor":1.0},{"not_picked":["ats:Cat Scratch","ats:Assault Order"],"picked":"ats:Flexible Camouflage","floor":3.0},{"not_picked":["ats:Childhood Dance","ats:Revitalization"],"picked":"ats:Sunburst","floor":4.0},{"not_picked":["ats:Assault Order","ats:Encircling Forest"],"picked":"ats:Healing Strengthening","floor":6}],"player_experience":413691,"relics_obtained":[{"floor":0.0,"key":"Orichalcum"},{"floor":0.0,"key":"ats:Lavender"},{"floor":0.0,"key":"Du-Vu Doll"},{"floor":6,"key":"ats:Originium"},{"floor":6,"key":"ats:Ability Aura"}],"event_choices":[{"damage_healed":0.0,"max_hp_gain":0.0,"max_hp_loss":0.0,"gold_gain":0.0,"event_name":"Match and Keep!","player_choice":"3 cards matched","floor":2.0,"gold_loss":0.0,"damage_taken":0.0,"cards_obtained":["Bash","ats:Healing Drone","expansioncontent:GoopSpray"]},{"damage_healed":0,"gold_gain":0,"player_choice":"Success","damage_taken":33,"relics_obtained":["CeramicFish"],"max_hp_gain":0,"max_hp_loss":0,"event_name":"Scrap Ooze","floor":7,"gold_loss":0}],"is_beta":false,"boss_relics":[],"items_purged_floors":[5],"is_endless":false,"potions_floor_spawned":[4,6],"killed_by":"Lagavulin","ascension_level":0}}