{"host":"appz8zkad29u9482","time":1610572545,"event":{"mods":["2.2 Compatiblity","Act Like it!","Aspiration","BaseMod","Beaked The Cultist","Better Altar","Better Match","Better Note","Better Skull","Better Third Choice","BetterRewards","CapriCore","Conspire","Disable Question Mark Monsters","Energized Spire","Gensokyo","GifTheSpireLib","Gold Saver","Halation","Hermit","Hubris","Infinite Spire","Jedi Mod","Marisa????????","Minty Spire (QoL Compilation)","Permanent Neow","Reimu??????","Replay The Spire","Somnambulant","Spicy Shops","StSLib","Strawberry Spire","Stuff the Spire","The Administrix","The Animator","The Cursed","The Hierophant","The Immortal","yUi"],"gold_per_floor":[1019,979,583,583,40,40,73,89,89,114,145,145,145,13,13,111,111,131,131,41,55,69,69,99,109,155,155,170,180,206,206,206,310,310,322,29,41,41,55,69,69,94,145,145,145,163,178,193,193,193,193,193,10,36,36],"floor_reached":56,"language":"ENG","playtime":4430,"items_purged":["Clumsy"],"score":1110,"play_id":"59cacb7b-5dff-491d-b74e-a6698d16abec","local_time":"20210113111545","is_ascension_mode":false,"campfire_choices":[{"data":"Eruption","floor":6,"key":"SMITH"},{"data":"BattleHymn","floor":12,"key":"SMITH"},{"data":"Vault","floor":23,"key":"SMITH"},{"data":"StuffTheSpire:Harmony","floor":27,"key":"SMITH"},{"data":"Replay:Battleflow","floor":32,"key":"SMITH"},{"floor":41,"key":"RECALL"},{"data":"DevaForm","floor":44,"key":"SMITH"},{"data":"Ragnarok","floor":49,"key":"SMITH"},{"data":"StuffTheSpire:Brawn","floor":52,"key":"SMITH"}],"circlet_count":0,"master_deck":["Strike_P+1","Strike_P+1","Strike_P+1","Strike_P+1","Defend_P","Defend_P+1","Defend_P","Defend_P","Eruption+1","Vigilance","SashWhip+1","Wallop+1","Wallop","conspire:Banana","BattleHymn+1","Halt","Ragnarok+1","StuffTheSpire:Brawn+1","StuffTheSpire:Rapture","Study","Vault+1","Replay:Battleflow+1","Prostrate","CarveReality+1","ClearTheMind","ClearTheMind+1","StuffTheSpire:Harmony+1","Pot Of Greed","Pot Of Greed","Pot Of Greed","Prostrate+1","Prostrate","Replay:AtTheReady","MasterReality","EmptyBody","DevaForm+1","beaked:AwakenedForm+1","hubris:Ssssneak+1","Pot Of Greed","Pain","StuffTheSpire:Harmony","animator:DolaCouronne+1","AdministrixMod:ArmillarySphere+1","Pride","LikeWater","ReplayTheSpireMod:Brewmster","jedi:forcepull","hubris:Ssssneak","Night Terror"],"relics":["hubris:TinFlute","aspiration:BursterCore","strawberrySpire:Starfruit","Simple Rune","betterThird:NestCultRelic","PureWater","WingedGreaves","Replay:Rubber Ducky","WristBlade","Chemical X","strawberrySpire:BonfireDress","somnambulantmod: MemoirOfAnother","conspire:Dentures","jedi:maincommand","ReplayTheSpireMod:ShopPack","aspiration:SilentSkillbook","Gensokyo:Justice","Lizard Tail","Pocketwatch","hubris:Macrotransations","infinitespire:Chaos","Anchor","Gambling Chip"],"acts_visited":["Exordium","TheCity","TheBeyond","TheEnding"],"potions_floor_usage":[21,29,29,33,42,50,54,55,55,55],"damage_taken":[{"damage":0,"enemies":"2 Louse","floor":1,"turns":1},{"damage":0,"enemies":"Replay:BlueRogue","floor":7,"turns":1},{"damage":0,"enemies":"Cultist","floor":8,"turns":1},{"damage":20,"enemies":"strawberrySpire:EnergyPylons","floor":10,"turns":5},{"damage":5,"enemies":"3 Sentries","floor":11,"turns":6},{"damage":5,"enemies":"The Guardian","floor":16,"turns":4},{"damage":0,"enemies":"Spheric Guardian","floor":18,"turns":3},{"damage":0,"enemies":"3 Byrds","floor":21,"turns":3},{"damage":6,"enemies":"Shelled Parasite and Fungi","floor":22,"turns":3},{"damage":12,"enemies":"strawberrySpire:AncientClocktower","floor":24,"turns":4},{"damage":3,"enemies":"Centurion and Healer","floor":25,"turns":4},{"damage":10,"enemies":"Snake Plant","floor":28,"turns":3},{"damage":0,"enemies":"Snecko","floor":29,"turns":3},{"damage":0,"enemies":"conspire:Head Lice","floor":30,"turns":5},{"damage":16,"enemies":"conspire:MysteriousRune","floor":33,"turns":8},{"damage":0,"enemies":"Orb Walker","floor":35,"turns":3},{"damage":16,"enemies":"3 Shapes","floor":37,"turns":5},{"damage":9,"enemies":"3 Darklings","floor":39,"turns":4},{"damage":10,"enemies":"Spire Growth","floor":40,"turns":4},{"damage":2,"enemies":"beaked:SuperParasite","floor":42,"turns":3},{"damage":22,"enemies":"Jaw Worm Horde","floor":46,"turns":3},{"damage":15,"enemies":"3 Darklings","floor":47,"turns":5},{"damage":13,"enemies":"4 Shapes","floor":48,"turns":5},{"damage":53,"enemies":"Replay:Hell Engine","floor":50,"turns":8},{"damage":75,"enemies":"Shield and Spear","floor":54,"turns":5},{"damage":140,"enemies":"The Heart","floor":55,"turns":8}],"seed_played":"571029901384271535","potions_obtained":[{"floor":2,"key":"jedi:wingpotion"},{"floor":2,"key":"BlessingOfTheForge"},{"floor":2,"key":"Dexterity Potion"},{"floor":11,"key":"LiquidBronze"},{"floor":25,"key":"Swift Potion"},{"floor":29,"key":"Elixir"},{"floor":30,"key":"jedi:holywater"},{"floor":35,"key":"infinitespire:BlackPotion"},{"floor":39,"key":"AttackPotion"},{"floor":42,"key":"SkillPotion"}],"is_trial":false,"path_per_floor":["M","?","$","?","$","R","E","M","T","E","E","R","?","$","R","B",null,"M","?","?","M","M","R","E","M","T","R","M","M","E","$","R","B",null,"M","$","M","?","M","M","R","E","T","R","AVR","M","M","M","R","B",null,"R","$","E","B",null],"character_chosen":"WATCHER","items_purchased":["Replay:Bottled Eggs","Lantern","StuffTheSpire:Saxophone","Wallop","Blue Candle","conspire:Banana","Melange","Study","DevaForm","PrismaticShard","infinitespire:Chaos","Anchor","LikeWater"],"campfire_rested":0,"item_purchase_floors":[3,3,5,5,5,5,14,14,36,36,53,53,53],"current_hp_per_floor":[72,72,72,72,72,72,73,73,73,54,50,50,50,50,50,46,76,77,77,77,78,73,73,62,60,60,60,58,67,82,82,82,69,84,85,85,82,82,77,81,81,88,88,88,88,78,89,91,91,67,92,92,104,53,28],"gold":36,"neow_bonus":"THREE_ENEMY_KILL","is_daily":false,"chose_seed":false,"campfire_upgraded":8,"win_rate":0.0,"timestamp":1610572545,"path_taken":["M","?","$","?","$","R","E","M","T","E","E","R","?","$","R","BOSS","M","?","?","?","M","R","E","M","T","R","M","M","E","$","R","BOSS","M","$","M","?","?","M","R","E","T","R","AVR","M","M","M","R","BOSS","R","$","E","BOSS"],"items_purchased_type":["Relic","Relic","Relic","Card","Relic","Card","Relic","Card","Card","Relic","Relic","Relic","Card"],"build_version":"2020-12-22","purchased_purges":1,"victory":true,"max_hp_per_floor":[72,72,72,72,72,72,73,73,73,74,75,75,75,75,75,76,76,77,77,77,78,79,79,80,81,81,81,82,82,83,83,83,84,84,85,85,86,86,86,87,87,88,88,88,88,89,90,91,91,92,92,92,104,105,106],"card_choices":[{"not_picked":["EmptyBody","FlurryOfBlows"],"picked":"SashWhip","floor":1},{"not_picked":["DeusExMachina","Weave"],"picked":"BattleHymn","floor":7},{"not_picked":["Weave","Vengeance","TalkToTheHand"],"picked":"SKIP","floor":8},{"not_picked":["TalkToTheHand","Consecrate"],"picked":"Halt","floor":10},{"not_picked":["Evaluate","Crescendo"],"picked":"Ragnarok","floor":11},{"not_picked":["ConjureBlade","Ragnarok"],"picked":"Vault","floor":16},{"not_picked":["Protect+1","Consecrate"],"picked":"Replay:Battleflow","floor":18},{"not_picked":["EmptyMind","WindmillStrike"],"picked":"Prostrate","floor":21},{"not_picked":["Conclude","CutThroughFate"],"picked":"CarveReality+1","floor":22},{"not_picked":["Replay:Cycle","JustLucky"],"picked":"ClearTheMind","floor":24},{"not_picked":["Conclude","Replay:BluntJabs"],"picked":"ClearTheMind+1","floor":25},{"not_picked":["ReachHeaven","EmptyMind"],"picked":"Prostrate+1","floor":28},{"not_picked":["FlurryOfBlows","Protect"],"picked":"Prostrate","floor":29},{"not_picked":["PathToVictory","DeceiveReality"],"picked":"Replay:AtTheReady","floor":30},{"not_picked":["Omniscience","Brilliance"],"picked":"MasterReality","floor":33},{"not_picked":["Protect+1","Prostrate"],"picked":"EmptyBody","floor":35},{"not_picked":["animator:Mikaela","CrushJoints","animator:Vanir+1"],"picked":"SKIP","floor":37},{"not_picked":["CutThroughFate","BootSequence+1","AdministrixMod:SipOfSparks+1"],"picked":"SKIP","floor":39},{"not_picked":["AsteroidBelt+1","AdministrixMod:SipOfSparks"],"picked":"hubris:Ssssneak+1","floor":40},{"not_picked":["animator:Cocytus+1","hermit:CalledShot+1","strawberrySpire:NeglectedBlade+1"],"picked":"SKIP","floor":42},{"not_picked":["MokouMod:Singe+1","OneTimeOff+1","Conserve Battery+1"],"picked":"SKIP","floor":46},{"not_picked":["Iron Wave","Entrench+1"],"picked":"animator:DolaCouronne+1","floor":47},{"not_picked":["animator:Shuna","MagicChant"],"picked":"AdministrixMod:ArmillarySphere+1","floor":48},{"not_picked":["Magnetism","jedi:cleanse","Metamorphosis"],"picked":"ReplayTheSpireMod:Brewmster","floor":53},{"not_picked":["StuffTheSpire:PlasmaPunch","Secret Weapon","jedi:forcepush"],"picked":"jedi:forcepull","floor":53},{"not_picked":["StuffTheSpire:FreeRealEstate","Specialist","strawberrySpire:Dropbox"],"picked":"hubris:Ssssneak","floor":53},{"not_picked":["strawberrySpire:Slide+1","StuffTheSpire:ClusterCrunch+1","Blur"],"picked":"Night Terror","floor":54}],"player_experience":552997,"relics_obtained":[{"floor":7,"key":"Whetstone"},{"floor":10,"key":"Replay:WaspNest"},{"floor":11,"key":"conspire:GlowingRock"},{"floor":15,"key":"strawberrySpire:Swiftfruit"},{"floor":24,"key":"jedi:shrinkray"},{"floor":26,"key":"Grinning Jar"},{"floor":30,"key":"Gremlin Food"},{"floor":42,"key":"Happy Flower"},{"floor":43,"key":"Pet Ghost"},{"floor":54,"key":"jedi:command_rare"}],"event_choices":[{"damage_healed":0,"gold_gain":0,"player_choice":"Bought 3 Potions","damage_taken":0,"max_hp_gain":0,"max_hp_loss":0,"event_name":"The Woman in Blue","floor":2,"gold_loss":0},{"cards_removed":["Clumsy"],"damage_healed":0,"gold_gain":0,"player_choice":"Purged","damage_taken":0,"max_hp_gain":0,"max_hp_loss":0,"event_name":"Purifier","floor":19,"gold_loss":0},{"cards_removed":["Clumsy"],"damage_healed":0,"gold_gain":0,"player_choice":"Upgrade and Remove","damage_taken":0,"max_hp_gain":0,"max_hp_loss":0,"event_name":"Designer","floor":20,"gold_loss":90,"cards_upgraded":["Defend_P"]},{"cards_removed":["DevaForm"],"damage_healed":0,"gold_gain":0,"player_choice":"Take \u0026 Give","damage_taken":0,"max_hp_gain":0,"max_hp_loss":0,"event_name":"betterNote:BetterNote","floor":38,"gold_loss":0,"cards_obtained":["beaked:AwakenedForm"]}],"is_beta":false,"boss_relics":[{"not_picked":["VioletLotus","Astrolabe"],"picked":"Cursed Key"},{"not_picked":["energizedSpire:NeverEndingSparkler","energizedSpire:CrystalSphere"],"picked":"aspiration:SecretTechniqueScroll"}],"items_purged_floors":[36],"is_endless":false,"potions_floor_spawned":[8,10,11,18,25,28,29,30,35,39,42,46,47],"ascension_level":0}}