{"host":"r5cycnjhcbwgkpkf","time":1610562391,"event":{"mods":["2.2 Compatiblity","AchievementEnabler","BaseMod","Bestiary","Better Match","Better Note","Better Skull","Better Third Choice","BetterRewards","Colored Map","Colored Powertips","Downfall","Infinite Spire","Minty Spire (QoL Compilation)","Replay The Spire","Spicy Shops","StSLib"],"gold_per_floor":[119,132,132,132,232,232,242,271,297,412,434,446,484,507,519,531,531],"floor_reached":16,"language":"ENG","playtime":943,"items_purged":["Strike_B"],"score":240,"play_id":"d0e13575-6571-488e-8557-aa48f9fc1723","local_time":"20210113102631","is_ascension_mode":true,"campfire_choices":[{"floor":6.0,"key":"REST"},{"floor":12,"key":"REST"},{"floor":15,"key":"REST"}],"circlet_count":0,"master_deck":["AscendersBane","Strike_B","Strike_B+1","Strike_B+1","Defend_B","Defend_B","Defend_B+1","Defend_B","Zap","Dualcast+1","Static Discharge","BootSequence+1","Fusion","Coolheaded","ReplayTheSpireMod:Splinters","Rebound","ReplayTheSpireMod:System Scan","Thunder Strike","Ball Lightning"],"relics":["Cracked Core","Ginger","Gremlin Food","Medical Kit","Whetstone","MawBank","Dream Catcher"],"acts_visited":["Exordium"],"potions_floor_usage":[16],"damage_taken":[{"damage":1.0,"enemies":"2 Louse","floor":1.0,"turns":2.0},{"damage":0.0,"enemies":"Jaw Worm","floor":2.0,"turns":3.0},{"damage":1.0,"enemies":"Cultist","floor":7.0,"turns":4.0},{"damage":26.0,"enemies":"Lagavulin","floor":8.0,"turns":8.0},{"damage":17,"enemies":"3 Louse","floor":11,"turns":5},{"damage":30,"enemies":"3 Sentries","floor":13,"turns":5},{"damage":1,"enemies":"Exordium Wildlife","floor":14,"turns":3},{"damage":63,"enemies":"Fading Forest","floor":16,"turns":7}],"seed_played":"-1614830213596035901","potions_obtained":[{"floor":2.0,"key":"Energy Potion"},{"floor":7.0,"key":"DuplicationPotion"}],"is_trial":false,"path_per_floor":["M","M","?","$","?","R","M","E","T","?","M","R","E","M","R","B"],"character_chosen":"DEFECT","items_purchased":["Ginger","Gremlin Food","Medical Kit","Static Discharge","DuplicationPotion"],"campfire_rested":3,"item_purchase_floors":[0,0,0,0,0],"current_hp_per_floor":[43,43,43,43,43,65,64,38,38,38,21,43,13,12,34,0,0],"gold":531,"neow_bonus":"","is_daily":false,"chose_seed":false,"campfire_upgraded":0,"win_rate":0.0,"timestamp":1610562391,"path_taken":["M","M","?","$","?","R","?","E","T","?","M","R","E","M","R","BOSS"],"items_purchased_type":["Relic","Relic","Relic","Card","Potion"],"build_version":"2020-12-22","purchased_purges":1,"victory":false,"max_hp_per_floor":[75,75,75,75,75,75,75,75,75,75,75,75,75,75,75,75,75],"card_choices":[{"not_picked":["Go for the Eyes","Stack"],"picked":"BootSequence","floor":1.0},{"not_picked":["Hello World","Gash"],"picked":"Fusion","floor":2.0},{"not_picked":["Beam Cell","Darkness"],"picked":"Coolheaded","floor":7.0},{"not_picked":["Sunder","Rainbow","Hello World"],"picked":"SKIP","floor":8.0},{"not_picked":["Lockon","ReplaySolidLightProjector"],"picked":"Rebound","floor":10},{"not_picked":["Cold Snap","Streamline"],"picked":"ReplayTheSpireMod:System Scan","floor":10},{"not_picked":["Self Repair","Gash"],"picked":"Thunder Strike","floor":11},{"not_picked":["Sweeping Beam","Blizzard","Beam Cell"],"picked":"SKIP","floor":13},{"not_picked":["Sweeping Beam","ReplayTheSpireMod:Reroute Power","Barrage"],"picked":"SKIP","floor":14},{"not_picked":["Turbo","ReplayTheSpireMod:System Scan"],"picked":"Ball Lightning","floor":15}],"player_experience":422300,"relics_obtained":[{"floor":8.0,"key":"Whetstone"},{"floor":9.0,"key":"MawBank"},{"floor":13,"key":"Dream Catcher"}],"event_choices":[{"damage_healed":0.0,"max_hp_gain":0.0,"max_hp_loss":0.0,"gold_gain":100.0,"event_name":"Golden Shrine","player_choice":"Pray","floor":5.0,"gold_loss":0.0,"damage_taken":0.0}],"is_beta":false,"boss_relics":[],"items_purged_floors":[0],"is_endless":false,"potions_floor_spawned":[2,7],"killed_by":"Fading Forest","ascension_level":10}}