{"host":"6jrnojxwearbrjzo","time":1610569821,"event":{"mods":["BaseMod","Colored Map","Conspire","Highlight Path","Minty Spire (QoL Compilation)","Quick Restart","Replay The Spire","Shop Mod","Spicy Shops","StSLib","The Servant 0.9.4"],"gold_per_floor":[114,173,173,186,111,111,38,38,84,84,112,124,124,134,134,238,238,221,22,22,41,60,60,60,60,60],"floor_reached":25,"language":"ZHS","playtime":740,"items_purged":["Regret","Overencumbered"],"score":224,"play_id":"c151be36-7836-4fb2-9b05-68d695887a10","local_time":"20210114043021","is_ascension_mode":false,"campfire_choices":[{"data":"Zap","floor":6,"key":"SMITH"},{"data":"Loop","floor":8,"key":"SMITH"},{"floor":15,"key":"REST"},{"data":"BasicCrystalCard","floor":24,"key":"SMITH"}],"circlet_count":0,"master_deck":["Strike_B","Strike_B","Strike_B","Strike_B","Defend_B","Defend_B","Defend_B","Zap+1","Dualcast","Ball Lightning","Storm","conspire:Rain","Loop+1","Aggregate","ReplayTheSpireMod:Calculation Training","Panic Button","Mirror Shield","BasicCrystalCard+1","Necronomicurse","Coolheaded"],"relics":["Cracked Core","Orichalcum","Blue Candle","Bag of Marbles","ReplayTheSpireMod:Ninjato","MealTicket","PreservedInsect","Black Star","ReplayTheSpireMod:CursedCoin","Replay:Frozen Program","Necronomicon"],"acts_visited":["Exordium","TheCity"],"potions_floor_usage":[16,16,18,25,25,25,25],"damage_taken":[{"damage":2,"enemies":"Small Slimes","floor":1,"turns":2},{"damage":3,"enemies":"2 Louse","floor":4,"turns":2},{"damage":0,"enemies":"Gremlin Nob","floor":11,"turns":3},{"damage":0,"enemies":"Cultist","floor":12,"turns":2},{"damage":11,"enemies":"Red Slaver","floor":14,"turns":3},{"damage":23,"enemies":"The Guardian","floor":16,"turns":8},{"damage":20,"enemies":"2 Thieves","floor":18,"turns":4},{"damage":20,"enemies":"Chosen","floor":21,"turns":6},{"damage":27,"enemies":"3 Cultists","floor":22,"turns":6},{"damage":40,"enemies":"Slavers","floor":25,"turns":3}],"seed_played":"-5275524929037648885","potions_obtained":[{"floor":4,"key":"EssenceOfSteel"},{"floor":11,"key":"SteroidPotion"},{"floor":14,"key":"BlessingOfTheForge"},{"floor":16,"key":"LiquidBronze"},{"floor":22,"key":"Energy Potion"}],"is_trial":false,"path_per_floor":["M","?","?","M","$","R","$","R","T","?","E","M","T","M","R","B",null,"M","$","?","M","M","?","R","E"],"character_chosen":"DEFECT","items_purchased":["Loop","ReplayTheSpireMod:CursedCoin","Replay:Frozen Program","Energy Potion"],"campfire_rested":1,"item_purchase_floors":[7,19,19,19],"current_hp_per_floor":[73,55,55,52,52,52,52,52,52,40,40,40,40,29,51,28,75,55,70,54,34,7,32,32,0,0],"gold":60,"neow_bonus":"RANDOM_EVENT","is_daily":false,"chose_seed":false,"campfire_upgraded":3,"win_rate":0.0,"timestamp":1610569821,"path_taken":["M","?","?","?","?","R","?","R","T","?","E","M","?","?","R","BOSS","M","$","?","M","M","?","R","E"],"items_purchased_type":["Card","Relic","Relic","Potion"],"build_version":"2020-12-22","purchased_purges":2,"victory":false,"max_hp_per_floor":[75,75,75,75,75,75,75,75,75,75,75,75,75,75,75,75,75,75,75,75,75,75,75,75,75,75],"card_choices":[{"not_picked":["Sweeping Beam","Coolheaded"],"picked":"Ball Lightning","floor":1},{"not_picked":["BasicCrystalCard","Defragment"],"picked":"Storm","floor":2},{"not_picked":["Steam","Scrape","Sweeping Beam"],"picked":"SKIP","floor":4},{"not_picked":["Sweeping Beam","BootSequence"],"picked":"Aggregate","floor":11},{"not_picked":["Melter","Self Repair"],"picked":"ReplayTheSpireMod:Calculation Training","floor":12},{"not_picked":["Cold Snap","Streamline"],"picked":"Panic Button","floor":14},{"not_picked":["Biased Cognition","ReplayTheSpireMod:Omega Cannon"],"picked":"Mirror Shield","floor":16},{"not_picked":["Redo","Gash"],"picked":"BasicCrystalCard","floor":18},{"not_picked":["Undo+1","Leap"],"picked":"Coolheaded","floor":21},{"not_picked":["Ball Lightning","Darkness","ReplayTheSpireMod:GoodbyeWorld"],"picked":"SKIP","floor":22}],"player_experience":73990,"relics_obtained":[{"floor":2,"key":"Blue Candle"},{"floor":9,"key":"Bag of Marbles"},{"floor":11,"key":"MealTicket"},{"floor":13,"key":"PreservedInsect"},{"floor":20,"key":"Necronomicon"}],"event_choices":[{"damage_healed":0,"gold_gain":0,"player_choice":"Box","damage_taken":0,"relics_obtained":["Orichalcum"],"max_hp_gain":0,"max_hp_loss":0,"event_name":"Big Fish","floor":0,"gold_loss":0,"cards_obtained":["Regret"]},{"damage_healed":0,"gold_gain":0,"cards_transformed":["Defend_B"],"player_choice":"Transformed","damage_taken":0,"max_hp_gain":0,"max_hp_loss":0,"event_name":"Transmorgrifier","floor":3,"gold_loss":0,"cards_obtained":["conspire:Rain"]},{"damage_healed":0,"gold_gain":0,"player_choice":"Success","damage_taken":12,"relics_obtained":["ReplayTheSpireMod:Ninjato"],"max_hp_gain":0,"max_hp_loss":0,"event_name":"Scrap Ooze","floor":10,"gold_loss":0},{"damage_healed":0,"gold_gain":0,"player_choice":"Obtained Book","damage_taken":16,"max_hp_gain":0,"max_hp_loss":0,"event_name":"Cursed Tome","floor":20,"gold_loss":0},{"damage_healed":25,"gold_gain":0,"player_choice":"Heal","damage_taken":0,"max_hp_gain":0,"max_hp_loss":0,"event_name":"The Library","floor":23,"gold_loss":0}],"is_beta":false,"boss_relics":[{"not_picked":["Replay:Drink Me","Sozu"],"picked":"Black Star"}],"items_purged_floors":[5,19],"is_endless":false,"potions_floor_spawned":[4,11,14,16,22],"killed_by":"Slavers","ascension_level":0}}