{"host":"konjmgczbcns2r3g","time":1610530693,"event":{"mods":["AchievementEnabler","BaseMod","Colored Powertips","Hermit","Infinite Spire","Koishi","Marisa????????","Minty Spire (QoL Compilation)","Replay The Spire","StSLib","The Cursed","The Necromancer","The Servant 0.9.4"],"gold_per_floor":[118,136,136,136,68,98,98,113,160,160,180,180,198,209,209,307,307,325,6,6,6,6,41,41,54,77,88,105,124,143,160,160,160,160],"floor_reached":33,"language":"ENG","playtime":2189,"items_purged":[],"score":271,"play_id":"c8e32021-d24c-4b0c-a846-cea77b5f2408","local_time":"20210113043813","is_ascension_mode":false,"campfire_choices":[{"floor":10,"key":"REST"},{"data":"PulseMagic","floor":12,"key":"SMITH"},{"floor":15,"key":"REST"},{"floor":32,"key":"REST"}],"circlet_count":0,"master_deck":["Strike_MRS","Strike_MRS","Strike_MRS","Strike_MRS","Defend_MRS","Defend_MRS","Defend_MRS","Defend_MRS","MasterSpark","UpSweep","PulseMagic+1","JA","PowerUp","DoubleSpark","PowerUp","IllusionStar","NonDirectionalLaser","MilkyWay","Acceleration","SatelliteIllusion","GalacticHalo+1","OrrerysSun","DoubleSpark","DoubleSpark","MysteriousBeam","OortCloud","ShootTheMoon","PulseMagic+1","OrrerysSun","MagicChant+1","MysteriousBeam","EventHorizon","Orbital"],"relics":["MiniHakkero","Happy Flower","Chameleon Ring","Bronze Scales","ChewingGum","Tiny Chest","MutagenicStrength","infinitespire:Beetle Shell","Pantograph","Replay:Wax Seal"],"acts_visited":["Exordium","TheCity"],"potions_floor_usage":[1,2,11,18,25,28,28,30,31,31],"damage_taken":[{"damage":0,"enemies":"2 Louse","floor":1,"turns":1},{"damage":0,"enemies":"Small Slimes","floor":2,"turns":3},{"damage":24,"enemies":"3 Sentries","floor":6,"turns":6},{"damage":2,"enemies":"Cultist","floor":8,"turns":2},{"damage":0,"enemies":"Looter","floor":11,"turns":1},{"damage":16,"enemies":"3 Louse","floor":13,"turns":2},{"damage":9,"enemies":"Blue Slaver","floor":14,"turns":3},{"damage":19,"enemies":"Slime Boss","floor":16,"turns":7},{"damage":10,"enemies":"Chosen","floor":18,"turns":1},{"damage":24,"enemies":"Book of Stabbing","floor":23,"turns":4},{"damage":0,"enemies":"Spheric Guardian","floor":25,"turns":3},{"damage":4,"enemies":"3 Cultists","floor":27,"turns":5},{"damage":3,"enemies":"Sentry and Sphere","floor":28,"turns":4},{"damage":3,"enemies":"Centurion and Healer","floor":29,"turns":4},{"damage":8,"enemies":"3 Cultists","floor":30,"turns":5},{"damage":10,"enemies":"Snake Plant","floor":31,"turns":3},{"damage":66,"enemies":"Champ","floor":33,"turns":9}],"seed_played":"7748998754615564176","potions_obtained":[{"floor":0,"key":"ShroomBrew"},{"floor":0,"key":"Reflective Coating"},{"floor":0,"key":"Fire Potion"},{"floor":1,"key":"GamblersBrew"},{"floor":7,"key":"Adrenaline Potion"},{"floor":7,"key":"Death Potion"},{"floor":16,"key":"Strength Potion"},{"floor":23,"key":"SteroidPotion"},{"floor":27,"key":"Languid Potion"},{"floor":29,"key":"Adrenaline Potion"},{"floor":30,"key":"Fire Potion"}],"is_trial":false,"path_per_floor":["M","M","?","?","$","E","R","M","T","R","M","R","M","M","R","B",null,"M","$","?","?","?","E","T","M","T","M","M","M","M","M","R","B"],"character_chosen":"MARISA","items_purchased":["PowerUp","DoubleSpark","OrrerysSun","DoubleSpark","Tiny Chest","MysteriousBeam"],"campfire_rested":3,"item_purchase_floors":[5,5,19,19,19,19],"current_hp_per_floor":[75,75,75,75,75,51,51,49,49,71,71,71,55,46,68,49,75,65,65,65,65,65,41,41,41,41,37,34,31,23,13,35,0,0],"gold":160,"neow_bonus":"THREE_SMALL_POTIONS","is_daily":false,"chose_seed":false,"campfire_upgraded":1,"win_rate":0.0,"timestamp":1610530693,"path_taken":["M","M","?","?","$","E","R","M","T","R","M","R","M","M","R","BOSS","M","$","?","?","?","E","?","M","T","M","M","M","M","?","R","BOSS"],"items_purchased_type":["Card","Card","Card","Card","Relic","Card"],"build_version":"2020-12-22","purchased_purges":0,"victory":false,"max_hp_per_floor":[75,75,75,75,75,75,75,75,75,75,75,75,75,75,75,75,75,75,75,75,75,75,75,75,75,75,75,75,75,75,75,75,75,75],"card_choices":[{"not_picked":["AlicesGift","DC"],"picked":"PulseMagic","floor":1},{"not_picked":["DC","6A"],"picked":"JA","floor":2},{"not_picked":["UnstableBomb","ManaRampage"],"picked":"PowerUp","floor":6},{"not_picked":["ShootTheMoon","MachineGunSpark"],"picked":"IllusionStar","floor":8},{"not_picked":["OneTimeOff","PowerUp"],"picked":"NonDirectionalLaser","floor":11},{"not_picked":["IllusionStar","AlicesGift"],"picked":"MilkyWay","floor":13},{"not_picked":["GasGiant","LuminesStrike"],"picked":"Acceleration","floor":14},{"not_picked":["MaximisePower","CollectingQuirk"],"picked":"SatelliteIllusion","floor":16},{"not_picked":["LuminesStrike","NonDirectionalLaser"],"picked":"GalacticHalo+1","floor":18},{"not_picked":["OneTimeOff+1","DC"],"picked":"ShootTheMoon","floor":23},{"not_picked":["GravityBeat+1","MilkyWay"],"picked":"PulseMagic+1","floor":25},{"not_picked":["StarBarrage+1","EventHorizon+1"],"picked":"OrrerysSun","floor":27},{"not_picked":["FairyDestructionRay","OrrerysSun"],"picked":"MagicChant+1","floor":28},{"not_picked":["ChargeUpSpray","NonDirectionalLaser"],"picked":"MysteriousBeam","floor":29},{"not_picked":["Acceleration","GalacticHalo"],"picked":"EventHorizon","floor":30},{"not_picked":["OrrerysSun","DC"],"picked":"Orbital","floor":31}],"player_experience":317540,"relics_obtained":[{"floor":4,"key":"Happy Flower"},{"floor":6,"key":"Chameleon Ring"},{"floor":9,"key":"Bronze Scales"},{"floor":23,"key":"infinitespire:Beetle Shell"},{"floor":24,"key":"Pantograph"},{"floor":26,"key":"Replay:Wax Seal"}],"event_choices":[{"damage_healed":0,"gold_gain":0,"player_choice":"Read","damage_taken":0,"max_hp_gain":0,"max_hp_loss":0,"event_name":"The Library","floor":20,"gold_loss":0,"cards_obtained":["OortCloud"]},{"damage_healed":0,"gold_gain":0,"player_choice":"Ignored","damage_taken":0,"max_hp_gain":0,"max_hp_loss":0,"event_name":"Vampires","floor":21,"gold_loss":0},{"damage_healed":0,"gold_gain":0,"player_choice":"Inject Mutagens","damage_taken":0,"relics_obtained":["MutagenicStrength"],"max_hp_gain":0,"max_hp_loss":0,"event_name":"Drug Dealer","floor":22,"gold_loss":0}],"is_beta":false,"boss_relics":[{"not_picked":["infinitespire:Cupcake","Calling Bell"],"picked":"ChewingGum"}],"items_purged_floors":[],"is_endless":false,"potions_floor_spawned":[1,8,16,23,27,29,30],"killed_by":"Champ","ascension_level":0}}