{"host":"ordk2y2ebcetabk6","time":1610524535,"event":{"mods":["AlwaysNeverKeys","Astrologer","Bard","BaseMod","Better Debug","Colored Map","Colored Powertips","Dark Map","Hermit","Highlight Path","Minty Spire (QoL Compilation)","Permanent Neow","Rare Cards Sparkle","StSLib","The Todo","TheBandit","TheLocksmith","TheVelvet","Wandering Minibosses","Wide Potions","thorton"],"gold_per_floor":[113,132,132,152,71,71,91,91,91,107,107,107,177,188,188,290,290,304,304,304,324,338,338,351,351,431,442,187,198,298,298,298],"floor_reached":31,"language":"ENG","playtime":741,"items_purged":["Strike_P"],"score":229,"play_id":"6de14303-1542-4749-9c11-95fdd0797b2f","local_time":"20210113005535","is_ascension_mode":false,"campfire_choices":[{"data":"WindmillStrike","floor":6,"key":"SMITH"},{"data":"Wallop","floor":8,"key":"SMITH"},{"data":"Pray","floor":15,"key":"SMITH"},{"data":"MasterReality","floor":23,"key":"SMITH"},{"floor":25,"key":"REST"}],"circlet_count":0,"master_deck":["Strike_P","Strike_P","Defend_P","Defend_P","Defend_P","Defend_P","Eruption","Vigilance","Prostrate","WindmillStrike+1","Pray+1","Wallop+1","Alpha+1","MasterReality+1","Alpha+1","ThirdEye+1"],"relics":["HolyWater","Orichalcum","Mercury Hourglass","Toxic Egg 2","Matryoshka","MutagenicStrength","Ancient Tea Set","Eternal Feather","DollysMirror"],"acts_visited":["Exordium","TheCity"],"potions_floor_usage":[16,16,22,31],"damage_taken":[{"damage":0.0,"enemies":"Small Slimes","floor":1.0,"turns":2.0},{"damage":0.0,"enemies":"Cultist","floor":2.0,"turns":5.0},{"damage":0.0,"enemies":"2 Louse","floor":4.0,"turns":3.0},{"damage":0,"enemies":"2 Fungi Beasts","floor":7,"turns":3},{"damage":2,"enemies":"Large Slime","floor":10,"turns":4},{"damage":15,"enemies":"Gremlin Gang","floor":14,"turns":5},{"damage":31,"enemies":"The Guardian","floor":16,"turns":6},{"damage":10,"enemies":"3 Byrds","floor":18,"turns":3},{"damage":18,"enemies":"2 Thieves","floor":21,"turns":4},{"damage":12,"enemies":"Snake Plant","floor":22,"turns":4},{"damage":18,"enemies":"Snecko","floor":24,"turns":5},{"damage":18,"enemies":"Shelled Parasite and Fungi","floor":27,"turns":3},{"damage":0,"enemies":"Cultist and Chosen","floor":29,"turns":4},{"damage":20,"enemies":"Snake Plant","floor":31,"turns":3}],"seed_played":"925859445827792152","potions_obtained":[{"floor":2.0,"key":"BottledMiracle"},{"floor":7,"key":"Fire Potion"},{"floor":18,"key":"ColorlessPotion"},{"floor":22,"key":"FearPotion"}],"is_trial":false,"path_per_floor":["M","M","?","M","$","R","M","R","T","M","?","?","T","M","R","B",null,"M","?","?","M","M","R","M","R","T","M","$","M","?","M"],"character_chosen":"WATCHER","items_purchased":["Pray","DollysMirror","ThirdEye+1"],"campfire_rested":1,"item_purchase_floors":[5,28,28],"current_hp_per_floor":[72,72,72,72,72,72,72,72,72,70,70,67,67,52,52,21,72,62,62,62,44,32,32,14,35,35,17,17,17,17,0,0],"gold":298,"neow_bonus":"RANDOM_COMMON_RELIC","is_daily":false,"chose_seed":false,"campfire_upgraded":4,"win_rate":0.0,"timestamp":1610524535,"path_taken":["M","M","?","?","$","R","M","R","T","M","?","?","?","M","R","BOSS","M","?","?","?","M","R","M","R","T","M","$","M","?","M"],"items_purchased_type":["Card","Relic","Card"],"build_version":"2020-12-22","purchased_purges":1,"victory":false,"max_hp_per_floor":[72,72,72,72,72,72,72,72,72,72,72,72,72,72,72,72,72,72,72,72,72,72,72,72,72,72,72,72,72,72,72,72],"card_choices":[{"not_picked":["FlyingSleeves","Meditate"],"picked":"Prostrate","floor":1.0},{"not_picked":["Weave","Protect","ReachHeaven"],"picked":"SKIP","floor":2.0},{"not_picked":["FollowUp","SignatureMove"],"picked":"WindmillStrike","floor":4.0},{"not_picked":["Evaluate","CutThroughFate"],"picked":"Wallop","floor":7},{"not_picked":["MentalFortress","EmptyFist","CrushJoints"],"picked":"SKIP","floor":10},{"not_picked":["Weave","CutThroughFate","SpiritShield+1"],"picked":"SKIP","floor":14},{"not_picked":["Blasphemy+1","Judgement+1"],"picked":"Alpha+1","floor":16},{"not_picked":["CutThroughFate+1","EmptyFist","SignatureMove+1"],"picked":"SKIP","floor":18},{"not_picked":["JustLucky","ClearTheMind+1","BowlingBash"],"picked":"SKIP","floor":21},{"not_picked":["Swivel+1","WaveOfTheHand+1","Prostrate+1"],"picked":"SKIP","floor":22},{"not_picked":["Vengeance+1","EmptyBody+1","ReachHeaven"],"picked":"SKIP","floor":24},{"not_picked":["JustLucky","ForeignInfluence+1","Swivel+1"],"picked":"SKIP","floor":27},{"not_picked":["ClearTheMind+1","FollowUp","CarveReality+1"],"picked":"SKIP","floor":29}],"player_experience":1150410,"relics_obtained":[{"floor":9,"key":"Mercury Hourglass"},{"floor":13,"key":"Matryoshka"},{"floor":26,"key":"Ancient Tea Set"},{"floor":26,"key":"Eternal Feather"}],"event_choices":[{"damage_healed":0.0,"max_hp_gain":0.0,"max_hp_loss":0.0,"gold_gain":0.0,"event_name":"NoteForYourself","player_choice":"Ignored","floor":3.0,"gold_loss":0.0,"damage_taken":0.0},{"cards_removed":["Strike_P"],"damage_healed":0,"gold_gain":0,"player_choice":"Forget","damage_taken":0,"max_hp_gain":0,"max_hp_loss":0,"event_name":"Living Wall","floor":11,"gold_loss":0},{"damage_healed":0,"gold_gain":0,"player_choice":"Success","damage_taken":3,"relics_obtained":["Toxic Egg 2"],"max_hp_gain":0,"max_hp_loss":0,"event_name":"Scrap Ooze","floor":12,"gold_loss":0},{"damage_healed":0,"gold_gain":0,"player_choice":"Inject Mutagens","damage_taken":0,"relics_obtained":["MutagenicStrength"],"max_hp_gain":0,"max_hp_loss":0,"event_name":"Drug Dealer","floor":19,"gold_loss":0},{"damage_healed":0,"gold_gain":0,"player_choice":"1 cards matched","damage_taken":0,"max_hp_gain":0,"max_hp_loss":0,"event_name":"Match and Keep!","floor":20,"gold_loss":0,"cards_obtained":["MasterReality"]},{"damage_healed":0,"gold_gain":0,"player_choice":"1 cards matched","damage_taken":0,"max_hp_gain":0,"max_hp_loss":0,"event_name":"Match and Keep!","floor":20,"gold_loss":0,"cards_obtained":["MasterReality"]},{"damage_healed":0,"gold_gain":100,"player_choice":"Pray","damage_taken":0,"max_hp_gain":0,"max_hp_loss":0,"event_name":"Golden Shrine","floor":30,"gold_loss":0}],"is_beta":false,"boss_relics":[{"not_picked":["VioletLotus","SacredBark"],"picked":"HolyWater"}],"items_purged_floors":[28],"is_endless":false,"potions_floor_spawned":[2,7,10,18,22],"killed_by":"Snake Plant","ascension_level":0}}