{"host":"7f01flv6y0vhl3vt","time":1610561539,"event":{"mods":["Act Like it!","BaseMod","Downfall","Minty Spire (QoL Compilation)","StSLib"],"gold_per_floor":[99,114,126,126,2,22,68,68,80,80,105,7,7,40,59,59,59,59],"floor_reached":16,"language":"ENG","playtime":10306,"items_purged":["hexamod:Defend"],"score":135,"play_id":"0d07d993-a297-4e88-b64a-d72ccafcb11c","local_time":"20210113131219","is_ascension_mode":false,"campfire_choices":[{"floor":1,"key":"RECALL"},{"floor":13,"key":"REST"}],"circlet_count":0,"master_deck":["hexamod:Strike","hexamod:Strike","hexamod:Strike","hexamod:Defend","hexamod:Defend","hexamod:Defend","hexamod:Sear","hexamod:Float","hexamod:Again","hexamod:ChargedBarrage+1","hexamod:ThermalTransfer","hexamod:Incineration","hexamod:Haunt","hexamod:RetreatToShadows","hexamod:ParanormalForm","hexamod:SixthSeal","Panacea","hexamod:GhostShield","hexamod:EtherealExpedition"],"relics":["hexamod:SpiritBrand","FaceOfCleric","Tiny Chest","hexamod:MatchstickCase"],"acts_visited":["Exordium"],"potions_floor_usage":[2,14,14,14],"damage_taken":[{"damage":8,"enemies":"Small Slimes","floor":2,"turns":4},{"damage":0,"enemies":"Cultist","floor":3,"turns":4},{"damage":0,"enemies":"downfall:FleeingMerchant","floor":5,"turns":4},{"damage":0,"enemies":"Jaw Worm","floor":6,"turns":3},{"damage":15,"enemies":"2 Fungi Beasts","floor":9,"turns":4},{"damage":25,"enemies":"Lagavulin","floor":11,"turns":6},{"damage":4,"enemies":"downfall:FleeingMerchant","floor":12,"turns":4},{"damage":52,"enemies":"3 Sentries","floor":14,"turns":11},{"damage":13,"enemies":"Blue Slaver","floor":15,"turns":3},{"damage":13,"enemies":"downfall:Defect","floor":16,"turns":3}],"seed_played":"-5373355799023721183","potions_obtained":[{"floor":2,"key":"Fruit Juice"},{"floor":6,"key":"Guardian:BlockOnCardUsePotion"},{"floor":11,"key":"Ancient Potion"},{"floor":14,"key":"Fruit Juice"}],"is_trial":false,"path_per_floor":["R","M","M","?","$","M","T","?","M","?","E","$","R","E","M","B"],"character_chosen":"THE_SPIRIT","items_purchased":["hexamod:Incineration","Panacea"],"campfire_rested":1,"item_purchase_floors":[5,12],"current_hp_per_floor":[77,74,74,79,79,79,79,79,64,64,40,37,63,17,5,0,0,0],"gold":59,"neow_bonus":"TEN_PERCENT_HP_BONUS","is_daily":false,"chose_seed":false,"campfire_upgraded":0,"win_rate":0.0,"timestamp":1610561539,"path_taken":["R","M","M","?","$","M","T","?","?","?","E","?","R","E","M","BOSS"],"items_purchased_type":["Card","Card"],"build_version":"2020-12-22","purchased_purges":1,"victory":false,"max_hp_per_floor":[77,82,82,87,87,87,87,87,87,87,88,89,89,95,96,96,96,96],"card_choices":[{"not_picked":["hexamod:ChargedBarrage","hexamod:FourthSeal"],"picked":"hexamod:Again","floor":2},{"not_picked":["hexamod:NightmareStrike","hexamod:Hexaguard"],"picked":"hexamod:ChargedBarrage","floor":3},{"not_picked":["hexamod:BacktrackSmack","hexamod:NightmareStrike"],"picked":"hexamod:ThermalTransfer","floor":5},{"not_picked":["hexamod:FastForward","hexamod:NecessarySacrifice"],"picked":"hexamod:Haunt","floor":6},{"not_picked":["hexamod:SwordOfDarkness","hexamod:InspiringFlames"],"picked":"hexamod:RetreatToShadows","floor":9},{"not_picked":["hexamod:StepThrough","hexamod:HauntingEcho"],"picked":"hexamod:ParanormalForm","floor":11},{"not_picked":["hexamod:RadiantFlame","hexamod:Again"],"picked":"hexamod:SixthSeal","floor":12},{"not_picked":["hexamod:NightmareStrike","hexamod:RainOfEmbers"],"picked":"hexamod:GhostShield","floor":14},{"not_picked":["hexamod:NightmareStrike","hexamod:BacktrackSmack"],"picked":"hexamod:EtherealExpedition","floor":15}],"player_experience":1218762,"relics_obtained":[{"floor":11,"key":"Tiny Chest"},{"floor":14,"key":"hexamod:MatchstickCase"}],"event_choices":[{"damage_healed":0,"gold_gain":0,"player_choice":"Donut","damage_taken":0,"max_hp_gain":5,"max_hp_loss":0,"event_name":"Big Fish","floor":4,"gold_loss":0},{"cards_removed":["hexamod:Strike"],"damage_healed":0,"gold_gain":0,"player_choice":"Offered Basic","damage_taken":0,"max_hp_gain":0,"max_hp_loss":0,"event_name":"Bonfire Elementals","floor":8,"gold_loss":0},{"damage_healed":0,"gold_gain":0,"player_choice":"Trade","damage_taken":0,"relics_obtained":["FaceOfCleric"],"max_hp_gain":0,"max_hp_loss":0,"event_name":"FaceTrader","floor":10,"gold_loss":0}],"is_beta":false,"boss_relics":[],"items_purged_floors":[5],"is_endless":false,"potions_floor_spawned":[2,6,11,14],"killed_by":"downfall:Defect","ascension_level":0}}