{"host":"6febr6iklru1ag3j","time":1610517947,"event":{"mods":["BaseMod","Better Note","DeckTracker","Hubris","Minty Spire (QoL Compilation)","Replay The Spire","Shop Mod","StSLib","slay the spire mod where everything is the same but ironclad has a cowboy hat"],"gold_per_floor":[117,117,47,62,62,105,105,136,136,136,24,37,37,60,60,188,288,309,309,309,309,321,337,337,337,362,386,386,386,386],"floor_reached":29,"language":"ENG","playtime":4592,"items_purged":["hubris:Greed"],"score":231,"play_id":"e6ba4c64-d0d4-49a0-82e1-05cf82882eae","local_time":"20210113010547","is_ascension_mode":false,"campfire_choices":[{"floor":10,"key":"REST"},{"data":"Defragment","floor":13,"key":"SMITH"},{"floor":15,"key":"REST"},{"floor":24,"key":"REST"},{"data":"Fission","floor":28,"key":"SMITH"}],"circlet_count":0,"master_deck":["Strike_B","Strike_B","Strike_B","Strike_B","Defend_B","Defend_B","Defend_B+1","Defend_B","Zap","Dualcast","Redo","Hologram","Lockon","ReplaySort","Conserve Battery","White Noise","BasicCrystalCard","Hologram+1","Defragment+1","Go for the Eyes","Fission+1","Recycle","Strike_G","Lockon","Panic Button","Melter"],"relics":["Cracked Core","ReplayTheSpireMod:CursedCoin","Bloody Idol","Centennial Puzzle","hubris:ToyBattleship","ReplayTheSpireMod:Ninjato","Replay:Wanted Poster","hubris:Towel","CeramicFish"],"acts_visited":["Exordium","TheCity"],"potions_floor_usage":[],"damage_taken":[{"damage":8,"enemies":"Small Slimes","floor":1,"turns":2},{"damage":6,"enemies":"Jaw Worm","floor":4,"turns":3},{"damage":20,"enemies":"Replay:BlueRogue","floor":6,"turns":6},{"damage":9,"enemies":"3 Sentries","floor":8,"turns":2},{"damage":8,"enemies":"2 Louse","floor":12,"turns":3},{"damage":5,"enemies":"Large Slime","floor":14,"turns":4},{"damage":36,"enemies":"The Guardian","floor":16,"turns":7},{"damage":11,"enemies":"Shell Parasite","floor":18,"turns":14},{"damage":14,"enemies":"Spheric Guardian","floor":22,"turns":4},{"damage":46,"enemies":"Snake Plant","floor":23,"turns":6},{"damage":16,"enemies":"Snecko","floor":27,"turns":5},{"damage":44,"enemies":"Colosseum Slavers","floor":29,"turns":3}],"seed_played":"6308004706357405249","potions_obtained":[{"floor":4,"key":"Milkshake"},{"floor":8,"key":"FocusPotion"},{"floor":12,"key":"Ancient Potion"}],"is_trial":false,"path_per_floor":["M","?","$","M","?","E","?","E","T","R","$","M","R","M","R","B",null,"M","?","?","?","M","M","R","?","T","M","R","?"],"character_chosen":"DEFECT","items_purchased":["Lockon","ReplayTheSpireMod:CursedCoin","ReplaySort","Hologram+1","Defragment"],"campfire_rested":3,"item_purchase_floors":[3,3,3,11,11],"current_hp_per_floor":[67,67,67,61,43,23,28,19,19,43,43,35,35,30,54,18,80,69,69,69,69,60,19,43,43,48,42,42,0,0],"gold":386,"neow_bonus":"THREE_CARDS","is_daily":false,"chose_seed":false,"campfire_upgraded":2,"win_rate":0.0,"timestamp":1610517947,"path_taken":["M","?","$","M","?","E","?","E","T","R","$","M","R","M","R","BOSS","M","?","?","?","M","M","R","?","T","M","R","?"],"items_purchased_type":["Card","Relic","Card","Card","Card"],"build_version":"2020-12-22","purchased_purges":1,"victory":false,"max_hp_per_floor":[75,75,75,75,75,75,80,80,80,80,80,80,80,80,80,80,80,80,80,80,80,80,80,80,80,80,80,80,80,80],"card_choices":[{"not_picked":["Beam Cell","Coolheaded"],"picked":"Redo","floor":0},{"not_picked":["Gash","Stack"],"picked":"Hologram","floor":1},{"not_picked":["Cold Snap","Gash"],"picked":"Conserve Battery","floor":4},{"not_picked":["Barrage","ReplayRNGCard"],"picked":"White Noise","floor":6},{"not_picked":["Hologram","Amplify"],"picked":"BasicCrystalCard","floor":8},{"not_picked":["Turbo","Rip and Tear"],"picked":"Go for the Eyes","floor":12},{"not_picked":["Hologram","BasicCrystalCard","Compile Driver"],"picked":"SKIP","floor":14},{"not_picked":["Meteor Strike","All For One"],"picked":"Fission","floor":16},{"not_picked":["Leap","Conserve Battery"],"picked":"Recycle","floor":18},{"not_picked":["Steam","Go for the Eyes+1"],"picked":"Lockon","floor":22},{"not_picked":["Rainbow","Coolheaded"],"picked":"Panic Button","floor":23},{"not_picked":["Hello World+1","Barrage"],"picked":"Melter","floor":27}],"player_experience":378273,"relics_obtained":[{"floor":6,"key":"Centennial Puzzle"},{"floor":8,"key":"hubris:ToyBattleship"},{"floor":9,"key":"ReplayTheSpireMod:Ninjato"},{"floor":26,"key":"CeramicFish"}],"event_choices":[{"damage_healed":0,"gold_gain":0,"player_choice":"Take Damage","damage_taken":18,"relics_obtained":["Golden Idol"],"max_hp_gain":0,"max_hp_loss":0,"event_name":"Golden Idol","floor":5,"gold_loss":0},{"damage_healed":0,"gold_gain":0,"player_choice":"Donut","damage_taken":0,"max_hp_gain":5,"max_hp_loss":0,"event_name":"Big Fish","floor":7,"gold_loss":0},{"cards_removed":["White Noise"],"damage_healed":0,"gold_gain":0,"player_choice":"Take \u0026 Give","damage_taken":0,"max_hp_gain":0,"max_hp_loss":0,"event_name":"betterNote:BetterNote","floor":19,"gold_loss":0,"cards_obtained":["Strike_G"]},{"damage_healed":0,"gold_gain":0,"player_choice":"Gave Idol","damage_taken":0,"relics_obtained":["Bloody Idol"],"max_hp_gain":0,"max_hp_loss":0,"event_name":"Forgotten Altar","floor":20,"relics_lost":["Golden Idol"],"gold_loss":0},{"damage_healed":0,"gold_gain":0,"player_choice":"Ignored","damage_taken":0,"max_hp_gain":0,"max_hp_loss":0,"event_name":"Ghosts","floor":21,"gold_loss":0},{"damage_healed":0,"gold_gain":0,"player_choice":"Fight","damage_taken":0,"max_hp_gain":0,"max_hp_loss":0,"event_name":"Colosseum","floor":29,"gold_loss":0}],"is_beta":false,"boss_relics":[{"not_picked":["Runic Pyramid","hubris:BlackHole"],"picked":"Replay:Wanted Poster"}],"items_purged_floors":[3],"is_endless":false,"potions_floor_spawned":[4,8,12,22,23,27],"killed_by":"Colosseum Slavers","ascension_level":0}}