{"host":"0cm5wy4nhuju7tij","time":1610563526,"event":{"mods":["100% Spire Juice","2.2 Compatiblity","AchievementEnabler","Aspiration","BaseMod","Better Third Choice","BetterRewards","CCEM","CapriCore","Chen","Colored Powertips","Curses Come First","Custom Start","Displayed Cursed Tome","Downfall","Energized Spire","Evolution","Filter the Spire","Fireblade Mod","Highlight Path","Jess\u0027s Bottle","Minty Spire (QoL Compilation)","Onozuka Komachi Mod","Permanent Neow","Relic Stats","Shop Mod","Spicy Shops","StSLib","The Caster","The Cursed","The Fake Hero","The Juggle","The Sage","TheFirefly","thorton"],"gold_per_floor":[117,129,143,157,1,1,18,18,18,53,19,30,59,78,78,173,173,187,112,123,18,18,18],"floor_reached":22,"language":"ENG","playtime":1430,"items_purged":["Defend_R"],"score":218,"play_id":"54f88b77-1166-43a8-a8be-d518cf62e352","local_time":"20210113134526","is_ascension_mode":true,"campfire_choices":[{"data":"Bash","floor":6,"key":"SMITH"},{"floor":15,"key":"REST"}],"circlet_count":1,"master_deck":["Thunderclap","Strike_R","Strike_R","Strike_R","Defend_R","Defend_R","Defend_R","Bash+1","Infernal Blade+1","Clash","Armaments","Twin Strike","Feel No Pain","Shrug It Off","Sword Boomerang","Fire Breathing","Power Through","Dual Wield","Battle Trance","Feed","Dark Embrace+1","Cleave","Metallicize"],"relics":["Burning Blood","EVO:Axolotl","aspiration:Nostalgia","Cracked Core","aspiration:SeaSaltIceCream","Circlet","aspiration:Lifesprig","Pear","SlaversCollar"],"acts_visited":["Exordium","TheCity"],"potions_floor_usage":[],"damage_taken":[{"damage":0.0,"enemies":"Small Slimes","floor":1.0,"turns":3.0},{"damage":0.0,"enemies":"Cultist","floor":2.0,"turns":3.0},{"damage":0.0,"enemies":"Jaw Worm","floor":3.0,"turns":2.0},{"damage":16.0,"enemies":"Exordium Thugs","floor":4.0,"turns":4.0},{"damage":0,"enemies":"2 Fungi Beasts","floor":7,"turns":2},{"damage":8,"enemies":"Gremlin Nob","floor":10,"turns":3},{"damage":5,"enemies":"Lots of Slimes","floor":12,"turns":3},{"damage":36,"enemies":"Lagavulin","floor":13,"turns":11},{"damage":19,"enemies":"Exordium Thugs","floor":14,"turns":5},{"damage":40,"enemies":"Slime Boss","floor":16,"turns":10},{"damage":13,"enemies":"Chosen","floor":18,"turns":5},{"damage":28,"enemies":"Spheric Guardian","floor":20,"turns":8},{"damage":68,"enemies":"Snecko","floor":22,"turns":6}],"seed_played":"-9153911382333146622","potions_obtained":[{"floor":1.0,"key":"SmokeBomb"},{"floor":2.0,"key":"Ancient Potion"},{"floor":7,"key":"Swift Potion"}],"is_trial":false,"path_per_floor":["M","M","M","M","$","R","M","?","T","E","$","M","E","M","R","B",null,"M","?","M","$","M"],"character_chosen":"IRONCLAD","items_purchased":["Feel No Pain","Fire Breathing","Metallicize"],"campfire_rested":1,"item_purchase_floors":[5,11,21],"current_hp_per_floor":[80,80,80,70,70,70,76,76,76,74,74,75,55,42,69,35,90,83,83,61,61,0,0],"gold":18,"neow_bonus":"NOSTALGIA","is_daily":false,"chose_seed":false,"campfire_upgraded":1,"win_rate":0.0,"timestamp":1610563526,"path_taken":["M","M","M","M","$","R","M","?","T","E","$","M","E","M","R","BOSS","M","?","M","$","M"],"items_purchased_type":["Card","Card","Card"],"build_version":"2020-12-22","purchased_purges":1,"victory":false,"max_hp_per_floor":[80,80,80,80,80,80,80,80,80,80,80,80,90,90,90,90,90,90,90,90,90,90,90],"relic_stats":{"counters":[13,65],"obtain_stats":[{"SlaversCollar":17,"aspiration:Lifesprig":10,"Pear":13,"aspiration:Nostalgia":0,"Circlet":9,"EVO:Axolotl":0,"aspiration:SeaSaltIceCream":9,"Cracked Core":0,"Burning Blood":0},{"SlaversCollar":10,"aspiration:Lifesprig":6,"Pear":8,"aspiration:Nostalgia":0,"Circlet":5,"EVO:Axolotl":0,"aspiration:SeaSaltIceCream":5,"Cracked Core":0,"Burning Blood":0},{"SlaversCollar":46,"aspiration:Lifesprig":17,"Pear":31,"aspiration:Nostalgia":0,"Circlet":14,"EVO:Axolotl":0,"aspiration:SeaSaltIceCream":14,"Cracked Core":0,"Burning Blood":0}],"Burning Blood":54},"card_choices":[{"not_picked":["Dual Wield","Bloodletting"],"picked":"Infernal Blade","floor":1.0},{"not_picked":["Entrench","Thunderclap"],"picked":"Clash","floor":2.0},{"not_picked":["Blood for Blood","Pommel Strike"],"picked":"Armaments","floor":3.0},{"not_picked":["Burning Pact","Thunderclap"],"picked":"Twin Strike","floor":4.0},{"not_picked":["Flex","Body Slam"],"picked":"Shrug It Off","floor":7},{"not_picked":["Brutality","Body Slam"],"picked":"Sword Boomerang","floor":10},{"not_picked":["Clothesline","Havoc"],"picked":"Power Through","floor":12},{"not_picked":["Double Tap","Sentinel"],"picked":"Dual Wield","floor":13},{"not_picked":["Fire Breathing","Combust"],"picked":"Battle Trance","floor":14},{"not_picked":["Double Tap","Brutality"],"picked":"Feed","floor":16},{"not_picked":["Pommel Strike","Flex"],"picked":"Dark Embrace+1","floor":18},{"not_picked":["Combust+1","Pommel Strike"],"picked":"Cleave","floor":20}],"player_experience":228987,"relics_obtained":[{"floor":9,"key":"aspiration:SeaSaltIceCream"},{"floor":10,"key":"aspiration:Lifesprig"},{"floor":13,"key":"Pear"}],"event_choices":[{"damage_healed":0,"gold_gain":0,"player_choice":"Upgraded","damage_taken":0,"max_hp_gain":0,"max_hp_loss":0,"event_name":"Upgrade Shrine","floor":8,"gold_loss":0,"cards_upgraded":["Infernal Blade"]},{"cards_removed":["Strike_R"],"damage_healed":0,"gold_gain":0,"player_choice":"Gave Gold","damage_taken":0,"max_hp_gain":0,"max_hp_loss":0,"event_name":"Beggar","floor":19,"gold_loss":75}],"is_beta":false,"boss_relics":[{"not_picked":["aspiration:WatcherSkillbook","aspiration:PoetsPen_weak"],"picked":"SlaversCollar"}],"items_purged_floors":[5],"is_endless":false,"potions_floor_spawned":[1,2,7,13,16,18],"killed_by":"Snecko","ascension_level":2}}