{"host":"0cgp910o8339lr91","time":1610553422,"event":{"mods":["BaseMod","Block Reminder","Colored Map","Colored Powertips","Minty Spire (QoL Compilation)","Relic Stats","Slay-I","ojb\u0027s Better Paths Mod","ojb\u0027s Info Mod"],"gold_per_floor":[119,119,134,154,204,239,239,239,239,250,275,310,310,310],"floor_reached":13,"language":"ENG","playtime":928,"items_purged":[],"score":226,"play_id":"ea60aea7-ef3a-450d-b3b4-9890f2e05477","local_time":"20210113165702","is_ascension_mode":true,"campfire_choices":[{"data":"Eruption","floor":7,"key":"SMITH"}],"circlet_count":0,"master_deck":["AscendersBane","Strike_P","Strike_P","Strike_P","Strike_P","Defend_P","Defend_P","Defend_P","Eruption+1","Vigilance","EmptyMind","SandsOfTime","Meditate","Meditate","Adaptation"],"relics":["PureWater","NeowsBlessing","Meat on the Bone","WingedGreaves","Letter Opener","Nunchaku"],"acts_visited":["Exordium"],"potions_floor_usage":[8],"damage_taken":[{"damage":0,"enemies":"Cultist","floor":1,"turns":1},{"damage":0,"enemies":"Jaw Worm","floor":3,"turns":1},{"damage":0,"enemies":"2 Louse","floor":4,"turns":1},{"damage":22,"enemies":"Lagavulin","floor":6,"turns":7},{"damage":27,"enemies":"3 Sentries","floor":8,"turns":8},{"damage":0,"enemies":"Exordium Wildlife","floor":10,"turns":2},{"damage":11,"enemies":"Gremlin Nob","floor":11,"turns":3},{"damage":15,"enemies":"Lagavulin","floor":12,"turns":6},{"damage":27,"enemies":"3 Sentries","floor":13,"turns":6}],"seed_played":"432931819530369649","potions_obtained":[{"floor":1,"key":"SmokeBomb"},{"floor":10,"key":"Dexterity Potion"}],"is_trial":false,"path_per_floor":["M","?","M","M","?","E","R","E","T","M","E","E","E"],"character_chosen":"WATCHER","items_purchased":[],"campfire_rested":0,"item_purchase_floors":[],"current_hp_per_floor":[61,54,54,54,54,32,32,17,17,29,30,27,0,0],"gold":310,"neow_bonus":"THREE_ENEMY_KILL","is_daily":false,"chose_seed":false,"campfire_upgraded":1,"win_rate":0.0,"timestamp":1610553422,"path_taken":["M","?","M","M","?","E","R","E","T","?","E","E","E"],"items_purchased_type":[],"build_version":"2020-12-22","purchased_purges":0,"victory":false,"max_hp_per_floor":[68,68,68,68,68,68,68,68,68,68,68,68,68,68],"relic_stats":{"Nunchaku":[0],"counters":[9,35],"Letter Opener":[10],"obtain_stats":[{"Nunchaku":12,"NeowsBlessing":0,"WingedGreaves":9,"Letter Opener":11,"PureWater":0,"Meat on the Bone":6},{"Nunchaku":8,"NeowsBlessing":0,"WingedGreaves":5,"Letter Opener":7,"PureWater":0,"Meat on the Bone":4},{"Nunchaku":29,"NeowsBlessing":0,"WingedGreaves":18,"Letter Opener":23,"PureWater":0,"Meat on the Bone":10}],"Meat on the Bone":48},"card_choices":[{"not_picked":["WaveOfTheHand","Prostrate"],"picked":"EmptyMind","floor":1},{"not_picked":["EmptyMind","LikeWater","Pray"],"picked":"SKIP","floor":3},{"not_picked":["CrushJoints","ClearTheMind"],"picked":"SandsOfTime","floor":4},{"not_picked":["Halt","Conclude"],"picked":"Meditate","floor":6},{"not_picked":["ThirdEye","PathToVictory","SashWhip"],"picked":"SKIP","floor":10},{"not_picked":["CarveReality","SashWhip"],"picked":"Meditate","floor":11},{"not_picked":["EmptyFist","LikeWater"],"picked":"Adaptation","floor":12}],"player_experience":1401539,"relics_obtained":[{"floor":6,"key":"Meat on the Bone"},{"floor":9,"key":"WingedGreaves"},{"floor":11,"key":"Letter Opener"},{"floor":12,"key":"Nunchaku"}],"event_choices":[{"cards_removed":["Defend_P"],"damage_healed":0,"gold_gain":0,"player_choice":"Card Removal","damage_taken":7,"max_hp_gain":0,"max_hp_loss":0,"event_name":"Golden Wing","floor":2,"gold_loss":0},{"damage_healed":0,"gold_gain":50,"player_choice":"Pray","damage_taken":0,"max_hp_gain":0,"max_hp_loss":0,"event_name":"Golden Shrine","floor":5,"gold_loss":0}],"is_beta":false,"boss_relics":[],"items_purged_floors":[],"is_endless":false,"potions_floor_spawned":[1,8,10],"killed_by":"3 Sentries","ascension_level":20}}