{"host":"tgr1xoidyjfo4u0n","time":1610577223,"event":{"mods":["Act Like it!","Alarm Clock","BaseMod","CapriCore","Colored Powertips","GifTheSpireLib","Highlight Path","Minty Spire (QoL Compilation)","StSLib"],"gold_per_floor":[112,112,130,148,23,23,38,38,38,38,53,153,173,183,183,279,279,298,52,68,85,104,104,203,203,203,203,213,213,233,20,20,20,20],"floor_reached":33,"language":"ZHS","playtime":1626,"items_purged":["Strike_P","Defend_P","CrushJoints"],"score":253,"play_id":"bbfd09b2-ea03-4709-a30e-47c827beb902","local_time":"20210114063343","is_ascension_mode":true,"campfire_choices":[{"data":"SashWhip","floor":6.0,"key":"SMITH"},{"data":"BowlingBash","floor":8.0,"key":"SMITH"},{"data":"ThirdEye","floor":10.0,"key":"SMITH"},{"data":"Eruption","floor":15.0,"key":"SMITH"},{"data":"Vault","floor":23.0,"key":"SMITH"},{"data":"Worship","floor":25.0,"key":"SMITH"},{"floor":27.0,"key":"RECALL"},{"data":"Prostrate","floor":29.0,"key":"SMITH"},{"data":"ClearTheMind","floor":32.0,"key":"SMITH"}],"circlet_count":0,"master_deck":["Defend_P","Defend_P","Eruption+1","Vigilance","JustLucky","Worship+1","BowlingBash+1","ThirdEye+1","SashWhip+1","Conclude+1","FollowUp","Tantrum","LessonLearned+1","ForeignInfluence+1","BowlingBash+1","EmptyBody+1","JustLucky+1","Vault+1","Indignation","Evaluate","Prostrate+1","ClearTheMind+1","Crescendo","Sanctity"],"relics":["PureWater","WingedGreaves","StrikeDummy","Astrolabe","Matryoshka"],"acts_visited":["Exordium","TheCity"],"potions_floor_usage":[],"damage_taken":[{"damage":0.0,"enemies":"2 Louse","floor":1.0,"turns":4.0},{"damage":1.0,"enemies":"Cultist","floor":3.0,"turns":4.0},{"damage":0.0,"enemies":"Jaw Worm","floor":4.0,"turns":4.0},{"damage":1.0,"enemies":"Gremlin Gang","floor":7.0,"turns":3.0},{"damage":0.0,"enemies":"Lots of Slimes","floor":11.0,"turns":2.0},{"damage":0.0,"enemies":"Looter","floor":13.0,"turns":3.0},{"damage":0.0,"enemies":"Large Slime","floor":14.0,"turns":2.0},{"damage":28.0,"enemies":"The Guardian","floor":16.0,"turns":4.0},{"damage":0.0,"enemies":"Chosen","floor":18.0,"turns":3.0},{"damage":18.0,"enemies":"2 Thieves","floor":20.0,"turns":3.0},{"damage":0.0,"enemies":"Snecko","floor":21.0,"turns":5.0},{"damage":3.0,"enemies":"Cultist and Chosen","floor":22.0,"turns":3.0},{"damage":0.0,"enemies":"Sentry and Sphere","floor":28.0,"turns":3.0},{"damage":6.0,"enemies":"3 Cultists","floor":30.0,"turns":5.0},{"damage":0,"enemies":"Champ","floor":33,"turns":1}],"seed_played":"8945891197842302991","potions_obtained":[{"floor":3.0,"key":"AttackPotion"},{"floor":11.0,"key":"SmokeBomb"},{"floor":13.0,"key":"ColorlessPotion"},{"floor":14.0,"key":"LiquidMemories"},{"floor":16.0,"key":"SteroidPotion"},{"floor":21.0,"key":"SkillPotion"}],"is_trial":false,"path_per_floor":["M","?","M","M","$","R","M","R","T","R","M","?","M","M","R","B",null,"M","$","M","M","M","R","?","R","T","R","M","R","M","$","R","B"],"character_chosen":"WATCHER","items_purchased":["SashWhip","Vault","Crescendo","Sanctity"],"campfire_rested":0,"item_purchase_floors":[5,19,31,31],"current_hp_per_floor":[51,51,50,50,50,50,49,49,49,49,49,49,49,49,49,21,72,72,72,54,54,51,51,51,51,51,51,51,51,45,45,45,45,45],"gold":20,"neow_bonus":"ONE_RARE_RELIC","is_daily":false,"chose_seed":false,"campfire_upgraded":8,"win_rate":0.0,"timestamp":1610577223,"path_taken":["M","?","M","?","?","R","M","R","T","R","M","?","M","?","R","BOSS","M","?","M","M","M","R","?","R","T","R","M","R","M","$","R","BOSS"],"items_purchased_type":["Card","Card","Card","Card"],"build_version":"2020-12-22","purchased_purges":3,"victory":false,"max_hp_per_floor":[72,72,72,72,72,72,72,72,72,72,72,72,72,72,72,72,72,72,72,72,72,72,72,72,72,72,72,72,72,72,72,72,72,72],"card_choices":[{"not_picked":["EmptyFist","Weave"],"picked":"JustLucky","floor":1.0},{"not_picked":["Protect","JustLucky"],"picked":"BowlingBash","floor":3.0},{"not_picked":["CutThroughFate","Collect"],"picked":"ThirdEye","floor":4.0},{"not_picked":["InnerPeace","ClearTheMind"],"picked":"Conclude","floor":7.0},{"not_picked":["Nirvana","WindmillStrike"],"picked":"FollowUp","floor":11.0},{"not_picked":["Crescendo","CutThroughFate"],"picked":"Tantrum","floor":13.0},{"not_picked":["CutThroughFate","EmptyFist","WaveOfTheHand"],"picked":"SKIP","floor":14.0},{"not_picked":["SpiritShield","Vault"],"picked":"LessonLearned","floor":16.0},{"not_picked":["Consecrate","EmptyBody"],"picked":"JustLucky","floor":18.0},{"not_picked":["FollowUp","EmptyBody"],"picked":"CrushJoints","floor":20.0},{"not_picked":["CrushJoints","JustLucky"],"picked":"Indignation","floor":21.0},{"not_picked":["Weave","EmptyBody"],"picked":"Evaluate","floor":22.0},{"not_picked":["FlurryOfBlows","Halt"],"picked":"Prostrate","floor":28.0},{"not_picked":["Study","EmptyBody"],"picked":"ClearTheMind","floor":30.0}],"player_experience":367790,"relics_obtained":[{"floor":9.0,"key":"StrikeDummy"},{"floor":26.0,"key":"Matryoshka"}],"event_choices":[{"damage_healed":0.0,"max_hp_gain":0.0,"max_hp_loss":0.0,"gold_gain":0.0,"cards_transformed":["Strike_P"],"event_name":"Transmorgrifier","player_choice":"Transformed","floor":2.0,"gold_loss":0.0,"damage_taken":0.0,"cards_obtained":["Worship"]},{"damage_healed":0.0,"max_hp_gain":0.0,"max_hp_loss":0.0,"gold_gain":100.0,"event_name":"Golden Shrine","player_choice":"Pray","floor":12.0,"gold_loss":0.0,"damage_taken":0.0},{"damage_healed":0.0,"max_hp_gain":0.0,"max_hp_loss":0.0,"gold_gain":99.0,"event_name":"Nest","player_choice":"Stole From Cult","floor":24.0,"gold_loss":0.0,"damage_taken":0.0}],"is_beta":false,"boss_relics":[{"not_picked":["Snecko Eye","Philosopher\u0027s Stone"],"picked":"Astrolabe"}],"items_purged_floors":[5,19,31],"is_endless":false,"potions_floor_spawned":[3,11,13,14,16,21,22,28],"killed_by":"Champ","ascension_level":1}}