{"host":"63rwe7p34ct1i0qu","time":1610510920,"event":{"mods":["BaseMod","Colored Map","DeckTracker","Minty Spire (QoL Compilation)","Permanent Neow","Quick Restart","StSLib"],"gold_per_floor":[112,112,112,127,127,127,157,169,169,135,135,162,178,45,45,150,150,150,150],"floor_reached":18,"language":"KOR","playtime":644,"items_purged":[],"score":269,"play_id":"74d22ce3-1d3d-454d-bae1-4c4d72ba49a9","local_time":"20210113130840","is_ascension_mode":true,"campfire_choices":[{"data":"Reprogram","floor":6,"key":"SMITH"},{"floor":11,"key":"REST"},{"floor":15,"key":"REST"}],"circlet_count":0,"master_deck":["AscendersBane","Strike_B","Strike_B","Strike_B","Defend_B","Defend_B","Defend_B","Zap","Dualcast","Reprogram+1","Double Energy","White Noise","Skim","Cold Snap","Apotheosis","Hologram","Fission","CurseOfTheBell"],"relics":["Empty Cage","Pen Nib","Letter Opener","Dream Catcher","Juzu Bracelet","The Courier","Calling Bell","Shovel","Regal Pillow","Mummified Hand"],"acts_visited":["Exordium","TheCity"],"potions_floor_usage":[8],"damage_taken":[{"damage":1,"enemies":"Cultist","floor":1,"turns":3},{"damage":7,"enemies":"2 Louse","floor":4,"turns":4},{"damage":11,"enemies":"Lagavulin","floor":7,"turns":9},{"damage":0,"enemies":"Small Slimes","floor":8,"turns":4},{"damage":28,"enemies":"3 Sentries","floor":12,"turns":8},{"damage":26,"enemies":"Gremlin Gang","floor":13,"turns":7},{"damage":36,"enemies":"The Guardian","floor":16,"turns":9},{"damage":59,"enemies":"3 Byrds","floor":18,"turns":4}],"seed_played":"7470005633138965314","potions_obtained":[{"floor":1,"key":"SpeedPotion"},{"floor":7,"key":"SkillPotion"},{"floor":13,"key":"Ancient Potion"}],"is_trial":false,"path_per_floor":["M","?","$","M","T","R","E","M","T","?","R","E","M","$","R","B",null,"M"],"character_chosen":"DEFECT","items_purchased":["Apotheosis"],"campfire_rested":2,"item_purchase_floors":[14],"current_hp_per_floor":[67,67,67,60,60,60,49,49,49,49,71,43,17,17,39,3,57,0,0],"gold":150,"neow_bonus":"BOSS_RELIC","is_daily":false,"chose_seed":false,"campfire_upgraded":1,"win_rate":0.0,"timestamp":1610510920,"path_taken":["M","?","?","?","?","R","E","M","T","?","R","E","M","$","R","BOSS","M"],"items_purchased_type":["Card"],"build_version":"2020-12-22","purchased_purges":0,"victory":false,"max_hp_per_floor":[75,75,75,75,75,75,75,75,75,75,75,75,75,75,75,75,75,75,75],"card_choices":[{"not_picked":["Auto Shields","Sweeping Beam","Rebound"],"picked":"SKIP","floor":1},{"not_picked":["Ball Lightning","BootSequence"],"picked":"Reprogram","floor":4},{"not_picked":["Recycle","Rebound"],"picked":"Double Energy","floor":7},{"not_picked":["Turbo","Tempest","Gash"],"picked":"SKIP","floor":8},{"not_picked":["Aggregate","Coolheaded"],"picked":"White Noise","floor":11},{"not_picked":["Doom and Gloom","Redo"],"picked":"Skim","floor":12},{"not_picked":["Leap","Redo"],"picked":"Cold Snap","floor":13},{"not_picked":["Melter","Rebound"],"picked":"Hologram","floor":15},{"not_picked":["Hyperbeam","Multi-Cast"],"picked":"Fission","floor":16}],"player_experience":840204,"relics_obtained":[{"floor":5,"key":"Letter Opener"},{"floor":7,"key":"Dream Catcher"},{"floor":9,"key":"Juzu Bracelet"},{"floor":12,"key":"The Courier"},{"floor":17,"key":"Shovel"},{"floor":17,"key":"Regal Pillow"},{"floor":17,"key":"Mummified Hand"}],"event_choices":[{"damage_healed":0,"gold_gain":0,"player_choice":"Gave Potion","damage_taken":0,"relics_obtained":["Pen Nib"],"max_hp_gain":0,"max_hp_loss":0,"event_name":"WeMeetAgain","floor":2,"gold_loss":0},{"damage_healed":0,"gold_gain":0,"player_choice":"Left Gold","damage_taken":0,"max_hp_gain":0,"max_hp_loss":0,"event_name":"World of Goop","floor":10,"gold_loss":34}],"is_beta":false,"boss_relics":[{"not_picked":["Busted Crown","Black Star"],"picked":"Calling Bell"}],"items_purged_floors":[],"is_endless":false,"potions_floor_spawned":[1,7,13],"killed_by":"3 Byrds","ascension_level":12}}