{"host":"52lujqhsyicpcskq","time":1610534244,"event":{"mods":["BaseMod","Colored Map","DeckTracker","Minty Spire (QoL Compilation)","Permanent Neow","StSLib","SuperFastMode","everything is the same but u backflip on backflip"],"gold_per_floor":[118,118,131,10,28,28,28,67,136,136,157,198,198,221,221,221,221],"floor_reached":16,"language":"KOR","playtime":417,"items_purged":["Defend_B"],"score":171,"play_id":"1b82885a-6725-4426-80dd-a950f0be602d","local_time":"20210113193724","is_ascension_mode":true,"campfire_choices":[{"data":"Dualcast","floor":7,"key":"SMITH"},{"floor":10,"key":"REST"},{"data":"Coolheaded","floor":13,"key":"SMITH"},{"data":"Redo","floor":15,"key":"SMITH"}],"circlet_count":0,"master_deck":["AscendersBane","Strike_B","Strike_B","Strike_B","Strike_B","Defend_B","Defend_B","Defend_B","Zap","Dualcast+1","Ball Lightning","BootSequence","Coolheaded+1","Redo+1","Compile Driver","Conserve Battery","Chaos","Lockon"],"relics":["Cracked Core","Golden Idol","Tiny Chest","White Beast Statue","The Courier"],"acts_visited":["Exordium"],"potions_floor_usage":[8],"damage_taken":[{"damage":5,"enemies":"Small Slimes","floor":1,"turns":3},{"damage":7,"enemies":"Jaw Worm","floor":3,"turns":3},{"damage":1,"enemies":"Cultist","floor":5,"turns":3},{"damage":33,"enemies":"Lagavulin","floor":8,"turns":5},{"damage":6,"enemies":"Gremlin Gang","floor":11,"turns":3},{"damage":15,"enemies":"Gremlin Nob","floor":12,"turns":4},{"damage":2,"enemies":"Red Slaver","floor":14,"turns":3},{"damage":41,"enemies":"The Guardian","floor":16,"turns":9}],"seed_played":"-2442578629948031367","potions_obtained":[{"floor":3,"key":"Fruit Juice"},{"floor":5,"key":"PowerPotion"},{"floor":11,"key":"Swift Potion"}],"is_trial":false,"path_per_floor":["M","?","M","$","M","?","R","E","T","R","M","E","R","M","R","B"],"character_chosen":"DEFECT","items_purchased":["Coolheaded"],"campfire_rested":1,"item_purchase_floors":[4],"current_hp_per_floor":[70,70,63,63,62,67,67,39,39,64,58,43,43,41,41,0,0],"gold":221,"neow_bonus":"TEN_PERCENT_HP_BONUS","is_daily":false,"chose_seed":false,"campfire_upgraded":3,"win_rate":0.0,"timestamp":1610534244,"path_taken":["M","?","M","$","M","?","R","E","T","R","M","E","R","M","R","BOSS"],"items_purchased_type":["Card"],"build_version":"2020-12-22","purchased_purges":1,"victory":false,"max_hp_per_floor":[82,76,76,76,76,81,81,86,86,86,86,86,86,86,86,86,86],"card_choices":[{"not_picked":["Barrage","Sweeping Beam"],"picked":"Ball Lightning","floor":1},{"not_picked":["Barrage","Compile Driver"],"picked":"BootSequence","floor":3},{"not_picked":["BootSequence","Gash"],"picked":"Redo","floor":5},{"not_picked":["Stack","Force Field"],"picked":"Compile Driver","floor":8},{"not_picked":["Recycle","Loop"],"picked":"Conserve Battery","floor":11},{"not_picked":["Consume","Coolheaded"],"picked":"Chaos","floor":12},{"not_picked":["Beam Cell","Steam"],"picked":"Lockon","floor":14}],"player_experience":680819,"relics_obtained":[{"floor":8,"key":"Tiny Chest"},{"floor":9,"key":"White Beast Statue"},{"floor":12,"key":"The Courier"}],"event_choices":[{"damage_healed":0,"gold_gain":0,"player_choice":"Lose Max HP","damage_taken":0,"relics_obtained":["Golden Idol"],"max_hp_gain":0,"max_hp_loss":6,"event_name":"Golden Idol","floor":2,"gold_loss":0},{"damage_healed":0,"gold_gain":0,"player_choice":"Donut","damage_taken":0,"max_hp_gain":5,"max_hp_loss":0,"event_name":"Big Fish","floor":6,"gold_loss":0}],"is_beta":false,"boss_relics":[],"items_purged_floors":[4],"is_endless":false,"potions_floor_spawned":[3,5,11,12,14],"killed_by":"The Guardian","ascension_level":11}}