{"host":"jl3raagrljzztomj","time":1610509565,"event":{"mods":["BaseMod","BetterRewards","Colored Map","Colored Powertips","Custom Start","Hermit","Highlight Path","Minty Spire (QoL Compilation)","Permanent Neow","StSLib","SuperFastMode"],"gold_per_floor":[115,115,125,135,210,241,241,241,267,279,279,279,279,295,295,390,390,404,422,453,453,453,453,453,469,469,469,487,498,498,498],"floor_reached":30,"language":"ENG","playtime":935,"items_purged":[],"score":230,"play_id":"8bb85f7a-7c7a-420f-bc18-8b14521bd390","local_time":"20210112214605","is_ascension_mode":false,"campfire_choices":[{"floor":7,"key":"REST"},{"data":"hermit:LoneWolf","floor":13,"key":"SMITH"},{"data":"hermit:CursedWeapon","floor":15,"key":"SMITH"},{"floor":24,"key":"REST"},{"data":"hermit:Brawl","floor":27,"key":"SMITH"}],"circlet_count":0,"master_deck":["hermit:Strike_Hermit","hermit:Strike_Hermit","hermit:Strike_Hermit","hermit:Strike_Hermit","hermit:Defend_Hermit+1","hermit:Defend_Hermit","hermit:Defend_Hermit","hermit:Defend_Hermit","hermit:Snapshot+1","hermit:Covet+1","hermit:CursedWeapon+1","hermit:Brawl","hermit:LoneWolf+1","hermit:Malice","Parasite","hermit:Brawl+1","hermit:FatalDesire","hermit:Misfire","hermit:FlashPowder","Decay","hermit:GoldenBullet"],"relics":["hermit:Momento","Bronze Scales","MealTicket","Mercury Hourglass","Philosopher\u0027s Stone","Red Mask","MutagenicStrength","Toxic Egg 2"],"acts_visited":["Exordium","TheCity"],"potions_floor_usage":[20,30,30],"damage_taken":[{"damage":1,"enemies":"Jaw Worm","floor":1,"turns":3},{"damage":0,"enemies":"Small Slimes","floor":3,"turns":3},{"damage":3,"enemies":"Cultist","floor":4,"turns":3},{"damage":24,"enemies":"3 Sentries","floor":6,"turns":9},{"damage":7,"enemies":"Looter","floor":10,"turns":3},{"damage":6,"enemies":"Blue Slaver","floor":14,"turns":2},{"damage":13,"enemies":"Slime Boss","floor":16,"turns":7},{"damage":24,"enemies":"Spheric Guardian","floor":18,"turns":4},{"damage":12,"enemies":"3 Byrds","floor":19,"turns":3},{"damage":14,"enemies":"Masked Bandits","floor":20,"turns":3},{"damage":5,"enemies":"Cultist and Chosen","floor":25,"turns":3},{"damage":2,"enemies":"Snake Plant","floor":28,"turns":2},{"damage":23,"enemies":"Snecko","floor":29,"turns":5},{"damage":18,"enemies":"Slavers","floor":30,"turns":2}],"seed_played":"3277201882845376182","potions_obtained":[{"floor":6,"key":"Energy Potion"},{"floor":10,"key":"Swift Potion"},{"floor":18,"key":"AttackPotion"},{"floor":20,"key":"Ancient Potion"}],"is_trial":false,"path_per_floor":["M","?","M","M","?","E","R","?","T","M","?","T","R","M","R","B",null,"M","M","?","?","?","?","R","M","T","R","M","M","E"],"character_chosen":"HERMIT","items_purchased":[],"campfire_rested":2,"item_purchase_floors":[],"current_hp_per_floor":[74,59,59,56,45,21,43,36,36,29,47,47,47,41,41,28,75,51,39,25,25,25,25,47,42,42,42,40,17,0,0],"gold":498,"neow_bonus":"UPGRADE_CARD","is_daily":false,"chose_seed":false,"campfire_upgraded":3,"win_rate":0.0,"timestamp":1610509565,"path_taken":["M","?","M","M","?","E","R","?","T","?","?","?","R","M","R","BOSS","M","M","?","?","?","?","R","?","T","R","M","?","E"],"items_purchased_type":[],"build_version":"2020-12-22","purchased_purges":0,"victory":false,"max_hp_per_floor":[75,75,75,75,75,75,75,75,75,75,75,75,75,75,75,75,75,75,75,75,75,75,75,75,75,75,75,75,75,75,75],"card_choices":[{"not_picked":["hermit:Manifest","hermit:HoleUp","hermit:Cheat"],"picked":"SKIP","floor":1},{"not_picked":["hermit:HoleUp","hermit:SprayPray"],"picked":"hermit:CursedWeapon","floor":3},{"not_picked":["hermit:Feint","hermit:Showdown"],"picked":"hermit:Brawl","floor":4},{"not_picked":["hermit:Quickdraw","hermit:SprayPray"],"picked":"hermit:LoneWolf","floor":6},{"not_picked":["hermit:Vantage","hermit:Dive"],"picked":"hermit:Malice","floor":10},{"not_picked":["hermit:DeadMansHand","hermit:Ricochet"],"picked":"hermit:Brawl","floor":14},{"not_picked":["hermit:Roughhouse","hermit:OverwhelmingPower"],"picked":"hermit:FatalDesire","floor":16},{"not_picked":["hermit:CalledShot","hermit:Desperado"],"picked":"hermit:Misfire","floor":18},{"not_picked":["hermit:Desperado","hermit:EyeOfTheStorm","hermit:TrackingShot"],"picked":"SKIP","floor":19},{"not_picked":["hermit:Snipe","hermit:Coalescence+1"],"picked":"hermit:FlashPowder","floor":20},{"not_picked":["hermit:Dive","hermit:ItchyTrigger","hermit:BodyArmor"],"picked":"SKIP","floor":25},{"not_picked":["hermit:WideOpen","hermit:NoHoldsBarred"],"picked":"hermit:GoldenBullet","floor":28},{"not_picked":["hermit:TrackingShot","hermit:EyeOfTheStorm+1","hermit:Enervate"],"picked":"SKIP","floor":29}],"player_experience":918808,"relics_obtained":[{"floor":6,"key":"Bronze Scales"},{"floor":9,"key":"MealTicket"},{"floor":12,"key":"Mercury Hourglass"},{"floor":20,"key":"Red Mask"},{"floor":26,"key":"Toxic Egg 2"}],"event_choices":[{"damage_healed":0,"gold_gain":0,"player_choice":"Entered Light","damage_taken":15,"max_hp_gain":0,"max_hp_loss":0,"event_name":"Shining Light","floor":2,"gold_loss":0,"cards_upgraded":["hermit:Defend_Hermit","hermit:Snapshot"]},{"damage_healed":0,"gold_gain":75,"player_choice":"Gather Gold","damage_taken":11,"max_hp_gain":0,"max_hp_loss":0,"event_name":"World of Goop","floor":5,"gold_loss":0},{"damage_healed":0,"gold_gain":0,"player_choice":"Damaged","damage_taken":7,"max_hp_gain":0,"max_hp_loss":0,"event_name":"Wheel of Change","floor":8,"gold_loss":0},{"damage_healed":18,"gold_gain":0,"player_choice":"Healed and dodged fight","damage_taken":0,"max_hp_gain":0,"max_hp_loss":0,"event_name":"Mushrooms","floor":11,"gold_loss":0,"cards_obtained":["Parasite"]},{"damage_healed":0,"gold_gain":0,"player_choice":"Fought Bandits","damage_taken":0,"max_hp_gain":0,"max_hp_loss":0,"event_name":"Masked Bandits","floor":20,"gold_loss":0},{"damage_healed":0,"gold_gain":0,"player_choice":"Smashed Altar","damage_taken":0,"max_hp_gain":0,"max_hp_loss":0,"event_name":"Forgotten Altar","floor":21,"gold_loss":0,"cards_obtained":["Decay"]},{"damage_healed":0,"gold_gain":0,"player_choice":"Inject Mutagens","damage_taken":0,"relics_obtained":["MutagenicStrength"],"max_hp_gain":0,"max_hp_loss":0,"event_name":"Drug Dealer","floor":22,"gold_loss":0},{"damage_healed":0,"gold_gain":0,"player_choice":"Ignored","damage_taken":0,"max_hp_gain":0,"max_hp_loss":0,"event_name":"Vampires","floor":23,"gold_loss":0}],"is_beta":false,"boss_relics":[{"not_picked":["Tiny House","Astrolabe"],"picked":"Philosopher\u0027s Stone"}],"items_purged_floors":[],"is_endless":false,"potions_floor_spawned":[6,10,18,20],"killed_by":"Slavers","ascension_level":0}}