{"host":"8i4doyxqctgl5qb0","time":1610543468,"event":{"mods":["AchievementEnabler","BaseMod","Block Reminder","Colored Powertips","Downfall","Minty Spire (QoL Compilation)","Permanent Neow","Potion Indicator Mod","Rare Cards Sparkle","StSLib","SuperFastMode","The Jungle"],"gold_per_floor":[111,111,186,77,95,129,179,218,267,290,290,290,311,331,331,462,462,457,480,480,480,69,69,88,132,159,209,209,73,92,122,122,254,254,288,621,639,306,306,306,306,306,306,344,152,181,25,54,54,54],"floor_reached":51,"language":"ZHS","playtime":2002,"items_purged":["Defend_G","Injury","Strike_G","Strike_G","Strike_G","Defend_G"],"score":1029,"play_id":"625f686e-f1bf-4ecf-8aa2-e35c06d2b7b6","local_time":"20210113211108","is_ascension_mode":true,"campfire_choices":[{"floor":11.0,"key":"REST"},{"floor":15.0,"key":"REST"},{"floor":23.0,"key":"REST"},{"floor":28.0,"key":"REST"},{"floor":32.0,"key":"REST"},{"data":"Envenom","floor":40.0,"key":"SMITH"},{"floor":49,"key":"REST"}],"circlet_count":0,"master_deck":["Strike_G","Strike_G","Defend_G","Defend_G","Defend_G","Survivor","Neutralize","Backflip","Noxious Fumes","Bouncing Flask","Malaise","Escape Plan","Poisoned Stab","Dodge and Roll","Envenom+1","Deadly Poison","Crippling Poison+1","Noxious Fumes","Deadly Poison","Doppelganger","Well Laid Plans+1","Noxious Fumes+1","Venomology","Bane+1","Madness","Madness","Poisoned Stab","Poisoned Stab","Wraith Form v2+1","PiercingWail+1","Prepared","Bane","Distraction+1"],"relics":["Ring of the Snake","NeowsBlessing","Ginger","Bag of Marbles","Ornamental Fan","Lantern","FaceOfCleric","Philosopher\u0027s Stone","Nilry\u0027s Codex","Membership Card","Torii","Meat on the Bone","Orichalcum","CeramicFish","Omamori","SlaversCollar","Kunai","Eternal Feather","Shuriken","Frozen Egg 2","Potion Belt"],"acts_visited":["Exordium","TheCity","TheBeyond"],"potions_floor_usage":[44,48,50,50,50,50,50,50],"damage_taken":[{"damage":0.0,"enemies":"2 Louse","floor":1.0,"turns":1.0},{"damage":0.0,"enemies":"Jaw Worm","floor":5.0,"turns":1.0},{"damage":0.0,"enemies":"Lagavulin","floor":6.0,"turns":1.0},{"damage":24.0,"enemies":"Gremlin Nob","floor":8.0,"turns":5.0},{"damage":0.0,"enemies":"Small Slimes","floor":10.0,"turns":4.0},{"damage":3.0,"enemies":"Blue Slaver","floor":13.0,"turns":5.0},{"damage":27.0,"enemies":"Large Slime","floor":14.0,"turns":7.0},{"damage":6.0,"enemies":"The Guardian","floor":16.0,"turns":12.0},{"damage":5.0,"enemies":"2 Thieves","floor":18.0,"turns":4.0},{"damage":8.0,"enemies":"Shell Parasite","floor":19.0,"turns":5.0},{"damage":8.0,"enemies":"Sentry and Sphere","floor":24.0,"turns":3.0},{"damage":24.0,"enemies":"Gremlin Leader","floor":25.0,"turns":7.0},{"damage":1.0,"enemies":"Book of Stabbing","floor":27.0,"turns":4.0},{"damage":22.0,"enemies":"Centurion and Healer","floor":30.0,"turns":6.0},{"damage":8.0,"enemies":"Snecko","floor":31.0,"turns":5.0},{"damage":46.0,"enemies":"Champ","floor":33.0,"turns":7.0},{"damage":0.0,"enemies":"3 Shapes","floor":35.0,"turns":5.0},{"damage":0.0,"enemies":"3 Darklings","floor":39.0,"turns":1.0},{"damage":58,"enemies":"Giant Head","floor":44,"turns":9},{"damage":27,"enemies":"4 Shapes","floor":46,"turns":6},{"damage":0,"enemies":"Jaw Worm Horde","floor":48,"turns":4},{"damage":107,"enemies":"Donu and Deca","floor":50,"turns":9}],"seed_played":"-3899363028052059054","potions_obtained":[{"floor":14.0,"key":"SpeedPotion"},{"floor":18.0,"key":"SkillPotion"},{"floor":24.0,"key":"DistilledChaos"},{"floor":30.0,"key":"Regen Potion"},{"floor":31.0,"key":"Weak Potion"},{"floor":33.0,"key":"SmokeBomb"},{"floor":44,"key":"Swift Potion"}],"is_trial":false,"path_per_floor":["M","?","?","$","M","E","T","E","T","M","R","?","M","M","R","B",null,"M","M","?","?","$","R","M","E","T","E","R","$","M","M","R","B",null,"M","?","?","$","M","R","?","?","T","E","$","M","$","M","R","B",null],"character_chosen":"THE_SILENT","items_purchased":["Noxious Fumes","Membership Card","Torii","Noxious Fumes","Deadly Poison","Omamori","Kunai","Eternal Feather","Poisoned Stab","Potion Belt","Wraith Form v2+1","DistilledChaos","Prepared","Bane"],"campfire_rested":6,"item_purchase_floors":[4,22,22,22,22,29,38,38,38,45,45,47,47,47],"current_hp_per_floor":[70,70,59,59,59,59,59,35,35,35,56,56,54,28,49,44,66,62,55,55,39,39,61,54,31,31,43,66,66,45,50,74,41,71,72,72,62,62,63,78,78,78,78,33,33,19,19,32,75,33],"gold":54,"neow_bonus":"THREE_ENEMY_KILL","is_daily":false,"chose_seed":false,"campfire_upgraded":1,"win_rate":0.0,"timestamp":1610543468,"path_taken":["M","?","?","$","M","E","?","E","T","M","R","?","?","M","R","BOSS","M","M","?","?","?","R","M","E","T","E","R","?","M","M","R","BOSS","M","?","?","?","M","R","?","?","T","E","$","?","$","M","R","BOSS"],"items_purchased_type":["Card","Relic","Relic","Card","Card","Relic","Relic","Relic","Card","Relic","Card","Potion","Card","Card"],"build_version":"2020-12-22","purchased_purges":6,"victory":true,"max_hp_per_floor":[70,70,70,70,70,70,70,70,70,70,70,70,71,72,72,73,73,74,75,75,75,75,75,76,77,77,78,78,78,79,80,80,81,81,82,82,82,82,83,83,83,83,83,84,84,85,85,86,86,87],"card_choices":[{"not_picked":["Underhanded Strike","Endless Agony"],"picked":"Backflip","floor":1.0},{"not_picked":["Cloak And Dagger","Underhanded Strike"],"picked":"Bouncing Flask","floor":5.0},{"not_picked":["Bane","Tactician"],"picked":"Malaise","floor":6.0},{"not_picked":["Acrobatics","Accuracy"],"picked":"Escape Plan","floor":8.0},{"not_picked":["Flechettes","Acrobatics"],"picked":"Poisoned Stab","floor":10.0},{"not_picked":["Dodge and Roll","Quick Slash","Dagger Throw"],"picked":"SKIP","floor":13.0},{"not_picked":["Cloak And Dagger","Sucker Punch"],"picked":"Dodge and Roll","floor":14.0},{"not_picked":["Night Terror","After Image"],"picked":"Envenom","floor":16.0},{"not_picked":["Sucker Punch","Acrobatics+1"],"picked":"Deadly Poison","floor":18.0},{"not_picked":["Acrobatics","Deflect"],"picked":"Crippling Poison+1","floor":19.0},{"not_picked":["Prepared","Sucker Punch+1","Choke+1"],"picked":"SKIP","floor":24.0},{"not_picked":["Dagger Spray+1","Predator"],"picked":"Doppelganger","floor":25.0},{"not_picked":["Outmaneuver","Slice"],"picked":"Well Laid Plans+1","floor":27.0},{"not_picked":["Dodge and Roll","Acrobatics","Dagger Throw"],"picked":"SKIP","floor":30.0},{"not_picked":["Blade Dance","Dodge and Roll+1"],"picked":"Noxious Fumes+1","floor":31.0},{"not_picked":["Malaise","Burst"],"picked":"Venomology","floor":33.0},{"not_picked":["Deadly Poison+1","Dagger Throw"],"picked":"Bane+1","floor":35.0},{"not_picked":["Dash+1","Distraction"],"picked":"Poisoned Stab","floor":44},{"not_picked":["Sucker Punch+1","Backstab"],"picked":"PiercingWail+1","floor":46},{"not_picked":["Slice+1","Sucker Punch"],"picked":"Distraction+1","floor":48}],"player_experience":171372,"relics_obtained":[{"floor":6.0,"key":"Ginger"},{"floor":7.0,"key":"Bag of Marbles"},{"floor":8.0,"key":"Ornamental Fan"},{"floor":9.0,"key":"Lantern"},{"floor":21.0,"key":"Nilry\u0027s Codex"},{"floor":25.0,"key":"Meat on the Bone"},{"floor":26.0,"key":"Orichalcum"},{"floor":27.0,"key":"CeramicFish"},{"floor":43,"key":"Shuriken"},{"floor":44,"key":"Frozen Egg 2"}],"event_choices":[{"damage_healed":0.0,"max_hp_gain":0.0,"max_hp_loss":0.0,"gold_gain":0.0,"event_name":"Golden Idol","player_choice":"Take Wound","floor":2.0,"gold_loss":0.0,"damage_taken":0.0,"relics_obtained":["Golden Idol"],"cards_obtained":["Injury"]},{"damage_healed":0.0,"max_hp_gain":0.0,"max_hp_loss":0.0,"gold_gain":75.0,"event_name":"World of Goop","player_choice":"Gather Gold","floor":3.0,"gold_loss":0.0,"damage_taken":11.0},{"damage_healed":0.0,"max_hp_gain":0.0,"max_hp_loss":0.0,"gold_gain":0.0,"event_name":"FaceTrader","player_choice":"Trade","floor":12.0,"gold_loss":0.0,"damage_taken":0.0,"relics_obtained":["FaceOfCleric"]},{"damage_healed":0.0,"max_hp_gain":0.0,"max_hp_loss":0.0,"gold_gain":0.0,"event_name":"Ghosts","player_choice":"Ignored","floor":20.0,"gold_loss":0.0,"damage_taken":0.0},{"damage_healed":0.0,"max_hp_gain":0.0,"max_hp_loss":0.0,"gold_gain":0.0,"event_name":"Cursed Tome","player_choice":"Obtained Book","floor":21.0,"gold_loss":0.0,"damage_taken":16.0},{"damage_healed":0.0,"max_hp_gain":0.0,"max_hp_loss":0.0,"gold_gain":333.0,"event_name":"The Moai Head","player_choice":"Gave Idol","floor":36.0,"relics_lost":["Golden Idol"],"gold_loss":0.0,"damage_taken":0.0},{"damage_healed":0.0,"max_hp_gain":0.0,"max_hp_loss":0.0,"gold_gain":0.0,"event_name":"Winding Halls","player_choice":"Embrace Madness","floor":37.0,"gold_loss":0.0,"damage_taken":10.0,"cards_obtained":["Madness","Madness"]},{"damage_healed":0,"gold_gain":0,"player_choice":"Ignored","damage_taken":0,"max_hp_gain":0,"max_hp_loss":0,"event_name":"Mysterious Sphere","floor":41,"gold_loss":0},{"damage_healed":0,"gold_gain":0,"player_choice":"Ignored","damage_taken":0,"max_hp_gain":0,"max_hp_loss":0,"event_name":"Tomb of Lord Red Mask","floor":42,"gold_loss":0}],"is_beta":false,"boss_relics":[{"not_picked":["HoveringKite","Velvet Choker"],"picked":"Philosopher\u0027s Stone"},{"not_picked":["Empty Cage","Black Star"],"picked":"SlaversCollar"}],"items_purged_floors":[4,22,29,38,45,47],"is_endless":false,"potions_floor_spawned":[14,18,24,30,31,33,35,44,48],"ascension_level":5}}