{"host":"b7j598ve05halrwk","time":1610519973,"event":{"mods":["2.2 Compatiblity","BaseMod","Block Reminder","DeckTracker","Minty Spire (QoL Compilation)","Relic Stats","Slay the Relics Exporter","StSLib","ojb\u0027s Better Paths Mod","ojb\u0027s Info Mod"],"gold_per_floor":[115,115,115,134,144,177,177,177,177,177,177],"floor_reached":10,"language":"ENG","playtime":228,"items_purged":[],"score":132,"play_id":"92e63abe-5677-403e-aff7-69cb56b042f4","local_time":"20210113013933","is_ascension_mode":true,"campfire_choices":[{"floor":8,"key":"REST"}],"circlet_count":0,"master_deck":["AscendersBane","Strike_B","Strike_B","Strike_B","Defend_B","Defend_B","Defend_B","Zap","Dualcast","Rebound","Compile Driver","Melter","Undo"],"relics":["Cracked Core","NeowsBlessing","Ginger","Bag of Preparation","White Beast Statue"],"acts_visited":["Exordium"],"potions_floor_usage":[],"damage_taken":[{"damage":0,"enemies":"Jaw Worm","floor":1,"turns":1},{"damage":0,"enemies":"Cultist","floor":4,"turns":1},{"damage":0,"enemies":"Small Slimes","floor":5,"turns":1},{"damage":30,"enemies":"Lagavulin","floor":6,"turns":6},{"damage":23,"enemies":"Gremlin Nob","floor":10,"turns":3}],"seed_played":"4172190542281940919","potions_obtained":[],"is_trial":false,"path_per_floor":["M","?","?","M","M","E","?","R","T","E"],"character_chosen":"DEFECT","items_purchased":[],"campfire_rested":1,"item_purchase_floors":[],"current_hp_per_floor":[64,57,57,57,57,27,1,22,22,0,0],"gold":177,"neow_bonus":"THREE_ENEMY_KILL","is_daily":false,"chose_seed":false,"campfire_upgraded":0,"win_rate":0.0,"timestamp":1610519973,"path_taken":["M","?","?","?","M","E","?","R","T","E"],"items_purchased_type":[],"build_version":"2020-12-22","purchased_purges":0,"victory":false,"max_hp_per_floor":[71,71,71,71,71,71,71,71,71,71,71],"relic_stats":{"counters":[5,12],"Bag of Preparation":[2],"Ginger":[0],"obtain_stats":[{"NeowsBlessing":0,"Bag of Preparation":7,"Ginger":6,"Cracked Core":0,"White Beast Statue":9},{"NeowsBlessing":0,"Bag of Preparation":4,"Ginger":4,"Cracked Core":0,"White Beast Statue":4},{"NeowsBlessing":0,"Bag of Preparation":9,"Ginger":9,"Cracked Core":0,"White Beast Statue":9}]},"card_choices":[{"not_picked":["Barrage","Steam Power"],"picked":"Rebound","floor":1},{"not_picked":["Go for the Eyes","Capacitor"],"picked":"Compile Driver","floor":4},{"not_picked":["Redo","Rebound"],"picked":"Melter","floor":5},{"not_picked":["Darkness","White Noise"],"picked":"Undo","floor":6}],"player_experience":939389,"relics_obtained":[{"floor":6,"key":"Ginger"},{"floor":9,"key":"White Beast Statue"}],"event_choices":[{"cards_removed":["Strike_B"],"damage_healed":0,"gold_gain":0,"player_choice":"Card Removal","damage_taken":7,"max_hp_gain":0,"max_hp_loss":0,"event_name":"Golden Wing","floor":2,"gold_loss":0},{"cards_removed":["Defend_B"],"damage_healed":0,"gold_gain":0,"player_choice":"Offered Basic","damage_taken":0,"max_hp_gain":0,"max_hp_loss":0,"event_name":"Bonfire Elementals","floor":3,"gold_loss":0},{"damage_healed":0,"gold_gain":0,"player_choice":"Success","damage_taken":26,"relics_obtained":["Bag of Preparation"],"max_hp_gain":0,"max_hp_loss":0,"event_name":"Scrap Ooze","floor":7,"gold_loss":0}],"is_beta":false,"boss_relics":[],"items_purged_floors":[],"is_endless":false,"potions_floor_spawned":[],"killed_by":"Gremlin Nob","ascension_level":20}}