{"host":"5waj3nq586zfb9qv","time":1610548174,"event":{"mods":["BaseMod","Better Vampires","Colored Map","Colored Powertips","Duelist Mod","GifTheSpireLib","Highlight Path","Minty Spire (QoL Compilation)","Quick Restart","Shop Mod","StSLib","SuperFastMode","Waifu the Spire"],"gold_per_floor":[113,113,38,113,133,161,161,189,238,269,291,303,349,377,389,499,511,534,558,589,620,311,311,336,355,355,355,36,36,52,85,85,186,186,197,212,229,47,58,58,58],"floor_reached":40,"language":"ZHS","playtime":3133,"items_purged":["Strike_G","Defend_G"],"score":775,"play_id":"82bdbd48-3839-43da-922f-eeabf3ec6f85","local_time":"20210113222934","is_ascension_mode":true,"campfire_choices":[{"floor":7.0,"key":"REST"},{"floor":15.0,"key":"REST"},{"floor":23.0,"key":"REST"},{"floor":27.0,"key":"REST"},{"floor":32.0,"key":"REST"}],"circlet_count":0,"master_deck":["Strike_G+1","Defend_G","Defend_G","Defend_G","Defend_G","Survivor","Neutralize+1","Blade Dance","Expertise","Acrobatics","Backflip","Reflex","Escape Plan","Expertise","Backflip","Bullet Time","Corpse Explosion","Underhanded Strike","Eviscerate","Outmaneuver+1","Leg Sweep","Masterful Stab","Distraction","Poisoned Stab+1","Quick Slash","Deadly Poison","Shame","Crippling Poison","Bouncing Flask","Malaise","Distraction+1","Acrobatics+1","Prepared+1","Calculated Gamble","Bouncing Flask+1"],"relics":["Fusion Hammer","Juzu Bracelet","Thread and Needle","Smiling Mask","MawBank","Whetstone","Empty Cage","Centennial Puzzle","Lantern","Sundial","StoneCalendar","Happy Flower","Omamori","Coffee Dripper","Snake Skull"],"acts_visited":["Exordium","TheCity","TheBeyond"],"potions_floor_usage":[],"damage_taken":[{"damage":1.0,"enemies":"Small Slimes","floor":1.0,"turns":5.0},{"damage":0.0,"enemies":"2 Louse","floor":5.0,"turns":2.0},{"damage":27.0,"enemies":"3 Sentries","floor":6.0,"turns":11.0},{"damage":18.0,"enemies":"Lagavulin","floor":8.0,"turns":7.0},{"damage":0.0,"enemies":"Cultist","floor":10.0,"turns":3.0},{"damage":0.0,"enemies":"Blue Slaver","floor":11.0,"turns":4.0},{"damage":11.0,"enemies":"3 Sentries","floor":13.0,"turns":12.0},{"damage":0.0,"enemies":"Red Slaver","floor":14.0,"turns":4.0},{"damage":12.0,"enemies":"The Guardian","floor":16.0,"turns":19.0},{"damage":0.0,"enemies":"Shell Parasite","floor":18.0,"turns":8.0},{"damage":7.0,"enemies":"Spheric Guardian","floor":19.0,"turns":5.0},{"damage":7.0,"enemies":"Centurion and Healer","floor":20.0,"turns":5.0},{"damage":1.0,"enemies":"Snecko","floor":21.0,"turns":7.0},{"damage":24.0,"enemies":"Gremlin Leader","floor":24.0,"turns":8.0},{"damage":12.0,"enemies":"Sentry and Sphere","floor":25.0,"turns":4.0},{"damage":0.0,"enemies":"Cultist and Chosen","floor":30.0,"turns":5.0},{"damage":18.0,"enemies":"Slavers","floor":31.0,"turns":5.0},{"damage":48.0,"enemies":"Automaton","floor":33.0,"turns":9.0},{"damage":3.0,"enemies":"3 Darklings","floor":35.0,"turns":2.0},{"damage":1.0,"enemies":"3 Shapes","floor":36.0,"turns":6.0},{"damage":10.0,"enemies":"Jaw Worm Horde","floor":37.0,"turns":2.0},{"damage":7.0,"enemies":"Sphere and 2 Shapes","floor":39.0,"turns":3.0},{"damage":39,"enemies":"Reptomancer","floor":40,"turns":5}],"seed_played":"7927271760990778253","potions_obtained":[{"floor":5.0,"key":"Swift Potion"},{"floor":6.0,"key":"Poison Potion"},{"floor":13.0,"key":"AttackPotion"},{"floor":16.0,"key":"Fruit Juice"},{"floor":19.0,"key":"LiquidMemories"},{"floor":20.0,"key":"Strength Potion"},{"floor":24.0,"key":"SpeedPotion"},{"floor":25.0,"key":"GamblersBrew"},{"floor":31.0,"key":"Strength Potion"},{"floor":33.0,"key":"Weak Potion"}],"is_trial":false,"path_per_floor":["M","?","$","?","M","E","R","E","T","M","M","?","E","M","R","B",null,"M","M","M","M","$","R","E","M","T","R","$","?","M","E","R","B",null,"M","M","M","$","M","E"],"character_chosen":"THE_SILENT","items_purchased":["Centennial Puzzle","Masterful Stab","Distraction","Deadly Poison","StoneCalendar","Calculated Gamble","Snake Skull"],"campfire_rested":5,"item_purchase_floors":[22,22,22,28,28,38,38],"current_hp_per_floor":[69,51,51,40,40,13,34,16,16,16,16,16,5,5,26,19,61,61,54,47,46,46,68,44,32,32,54,54,54,54,36,58,10,59,56,55,45,45,38,0,0],"gold":58,"neow_bonus":"BOSS_RELIC","is_daily":false,"chose_seed":false,"campfire_upgraded":0,"win_rate":0.0,"timestamp":1610548174,"path_taken":["M","?","$","?","M","E","R","E","T","M","M","?","E","M","R","BOSS","M","M","M","M","$","R","E","M","T","R","$","?","M","E","R","BOSS","M","M","M","$","M","E"],"items_purchased_type":["Relic","Card","Card","Card","Relic","Card","Relic"],"build_version":"2020-12-22","purchased_purges":2,"victory":false,"max_hp_per_floor":[70,70,70,70,70,70,70,70,70,70,70,70,70,70,70,75,75,75,75,75,75,75,75,75,75,75,75,75,75,75,75,75,75,75,75,75,75,75,75,75,75],"card_choices":[{"not_picked":["Backflip","Poisoned Stab"],"picked":"Blade Dance","floor":1.0},{"not_picked":["Bane","Caltrops"],"picked":"Expertise","floor":5.0},{"not_picked":["Poisoned Stab","Slice"],"picked":"Acrobatics","floor":6.0},{"not_picked":["Choke","Underhanded Strike"],"picked":"Backflip","floor":8.0},{"not_picked":["Bane","Setup"],"picked":"Reflex","floor":10.0},{"not_picked":["Acrobatics","Deflect"],"picked":"Escape Plan","floor":11.0},{"not_picked":["Endless Agony","Dagger Spray"],"picked":"Backflip","floor":13.0},{"not_picked":["Catalyst","Expertise"],"picked":"Bullet Time","floor":14.0},{"not_picked":["Die Die Die","Unload"],"picked":"Corpse Explosion","floor":16.0},{"not_picked":["Sucker Punch","Deflect"],"picked":"Underhanded Strike","floor":18.0},{"not_picked":["Escape Plan","Dodge and Roll+1"],"picked":"Eviscerate","floor":19.0},{"not_picked":["Prepared","Acrobatics"],"picked":"Outmaneuver+1","floor":20.0},{"not_picked":["Expertise+1","Deflect+1"],"picked":"Leg Sweep","floor":21.0},{"not_picked":["Dash+1","Bane"],"picked":"Poisoned Stab+1","floor":24.0},{"not_picked":["Flechettes","Slice+1"],"picked":"Quick Slash","floor":25.0},{"not_picked":["Poisoned Stab","Acrobatics"],"picked":"Crippling Poison","floor":30.0},{"not_picked":["Endless Agony","Crippling Poison"],"picked":"Bouncing Flask","floor":31.0},{"not_picked":["Unload","A Thousand Cuts"],"picked":"Malaise","floor":33.0},{"not_picked":["Bane","Dagger Spray+1"],"picked":"Distraction+1","floor":35.0},{"not_picked":["Prepared+1","Dagger Spray+1"],"picked":"Acrobatics+1","floor":36.0},{"not_picked":["Underhanded Strike+1","Slice+1"],"picked":"Prepared+1","floor":37.0},{"not_picked":["Dodge and Roll+1","Riddle With Holes+1"],"picked":"Bouncing Flask+1","floor":39.0}],"player_experience":41415,"relics_obtained":[{"floor":6.0,"key":"Thread and Needle"},{"floor":8.0,"key":"Smiling Mask"},{"floor":9.0,"key":"MawBank"},{"floor":13.0,"key":"Whetstone"},{"floor":24.0,"key":"Lantern"},{"floor":26.0,"key":"Sundial"},{"floor":31.0,"key":"Omamori"}],"event_choices":[{"damage_healed":0.0,"max_hp_gain":0.0,"max_hp_loss":0.0,"gold_gain":0.0,"event_name":"Scrap Ooze","player_choice":"Success","floor":2.0,"gold_loss":0.0,"damage_taken":18.0,"relics_obtained":["Juzu Bracelet"]},{"damage_healed":0.0,"max_hp_gain":0.0,"max_hp_loss":0.0,"gold_gain":75.0,"event_name":"World of Goop","player_choice":"Gather Gold","floor":4.0,"gold_loss":0.0,"damage_taken":11.0},{"damage_healed":0.0,"max_hp_gain":0.0,"max_hp_loss":0.0,"gold_gain":0.0,"cards_transformed":["Strike_G"],"event_name":"Transmorgrifier","player_choice":"Transformed","floor":12.0,"gold_loss":0.0,"damage_taken":0.0,"cards_obtained":["Expertise"]},{"damage_healed":0.0,"max_hp_gain":0.0,"max_hp_loss":0.0,"gold_gain":0.0,"event_name":"Addict","player_choice":"Stole Relic","floor":29.0,"gold_loss":0.0,"damage_taken":0.0,"relics_obtained":["Happy Flower"],"cards_obtained":["Shame"]}],"is_beta":false,"boss_relics":[{"not_picked":["Runic Pyramid","Velvet Choker"],"picked":"Empty Cage"},{"not_picked":["SacredBark","Pandora\u0027s Box"],"picked":"Coffee Dripper"}],"items_purged_floors":[3,22],"is_endless":false,"potions_floor_spawned":[5,6,13,16,19,20,24,25,31,33,36],"killed_by":"Reptomancer","ascension_level":5}}