{"host":"og6lam4kt3nibbw0","time":1610563423,"event":{"mods":["AchievementEnabler","BaseMod","Colored Map","DeckTracker","Highlight Path","Keyboard Shortcuts","Minty Spire (QoL Compilation)","Permanent Neow","Quick Restart","StSLib","SuperFastMode"],"gold_per_floor":[111,111,124,138,153,153,180,192,192,192,33,44,44,102,115,115,190,190,205,120,120,136,36,66,66,96,147,72,106,106,123,150,150,224,224,234,243,261,271,281,281,295,325,325,359,402,426,460,477,477,477,477,477,477,49,79,79],"floor_reached":58,"language":"KOR","playtime":3724,"items_purged":["Defend_P","Wallop","Defend_P"],"score":3193,"play_id":"a7860b6d-f6ae-470e-a303-779e04e8a8f4","local_time":"20210114034343","is_ascension_mode":true,"campfire_choices":[{"data":"Ragnarok","floor":6.0,"key":"SMITH"},{"data":"MentalFortress","floor":13.0,"key":"SMITH"},{"data":"Adaptation","floor":16.0,"key":"SMITH"},{"data":"Sanctity","floor":25.0,"key":"SMITH"},{"data":"FlurryOfBlows","floor":33.0,"key":"SMITH"},{"data":"MentalFortress","floor":41.0,"key":"SMITH"},{"data":"ConjureBlade","floor":50.0,"key":"SMITH"},{"data":"Crescendo","floor":54.0,"key":"SMITH"}],"circlet_count":0,"master_deck":["AscendersBane","Defend_P","Eruption+1","Vigilance","Ragnarok+1","FlyingSleeves+1","EmptyMind","MentalFortress+1","Sanctity+1","MentalFortress+1","Adaptation+1","ConjureBlade+1","Crescendo+1","FlurryOfBlows+1","ClearTheMind+1","InnerPeace","Impatience","Meditate+1","DeusExMachina","Indignation","MentalFortress"],"relics":["PureWater","FossilizedHelix","Mummified Hand","Akabeko","Empty Cage","Ice Cream","Bag of Preparation","CeramicFish","Toy Ornithopter","Red Mask","MealTicket","SlaversCollar","Centennial Puzzle","Whetstone","Mango","Kunai","PreservedInsect","Lee\u0027s Waffle","Ornamental Fan"],"acts_visited":["Exordium","TheCity","TheBeyond","TheEnding"],"potions_floor_usage":[57],"damage_taken":[{"damage":0.0,"enemies":"2 Louse","floor":1.0,"turns":3.0},{"damage":0.0,"enemies":"Cultist","floor":3.0,"turns":2.0},{"damage":0.0,"enemies":"Jaw Worm","floor":4.0,"turns":3.0},{"damage":10.0,"enemies":"Looter","floor":5.0,"turns":4.0},{"damage":0.0,"enemies":"Gremlin Nob","floor":7.0,"turns":2.0},{"damage":0.0,"enemies":"3 Louse","floor":8.0,"turns":2.0},{"damage":0.0,"enemies":"Looter","floor":12.0,"turns":1.0},{"damage":0.0,"enemies":"3 Sentries","floor":14.0,"turns":3.0},{"damage":0.0,"enemies":"Blue Slaver","floor":15.0,"turns":2.0},{"damage":0.0,"enemies":"Slime Boss","floor":17.0,"turns":4.0},{"damage":0.0,"enemies":"Shell Parasite","floor":19.0,"turns":1.0},{"damage":0.0,"enemies":"Chosen","floor":22.0,"turns":1.0},{"damage":12.0,"enemies":"Gremlin Leader","floor":24.0,"turns":4.0},{"damage":0.0,"enemies":"Slavers","floor":26.0,"turns":2.0},{"damage":0.0,"enemies":"Masked Bandits","floor":29.0,"turns":3.0},{"damage":0.0,"enemies":"Shelled Parasite and Fungi","floor":31.0,"turns":2.0},{"damage":0.0,"enemies":"Gremlin Leader","floor":32.0,"turns":3.0},{"damage":25.0,"enemies":"Automaton","floor":34.0,"turns":8.0},{"damage":0.0,"enemies":"3 Shapes","floor":36.0,"turns":4.0},{"damage":13.0,"enemies":"3 Darklings","floor":38.0,"turns":3.0},{"damage":23.0,"enemies":"Maw","floor":39.0,"turns":7.0},{"damage":0.0,"enemies":"4 Shapes","floor":40.0,"turns":3.0},{"damage":0.0,"enemies":"Writhing Mass","floor":42.0,"turns":2.0},{"damage":0.0,"enemies":"Nemesis","floor":43.0,"turns":3.0},{"damage":0.0,"enemies":"Mind Bloom Boss Battle","floor":45.0,"turns":3.0},{"damage":0.0,"enemies":"Giant Head","floor":46.0,"turns":5.0},{"damage":0.0,"enemies":"Maw","floor":47.0,"turns":5.0},{"damage":10.0,"enemies":"Nemesis","floor":48.0,"turns":3.0},{"damage":0.0,"enemies":"Sphere and 2 Shapes","floor":49.0,"turns":4.0},{"damage":11.0,"enemies":"Time Eater","floor":51.0,"turns":5.0},{"damage":48.0,"enemies":"Donu and Deca","floor":52.0,"turns":8.0},{"damage":0.0,"enemies":"Shield and Spear","floor":56.0,"turns":5.0},{"damage":79,"enemies":"The Heart","floor":57,"turns":7}],"seed_played":"8213047227248564329","potions_obtained":[{"floor":4.0,"key":"Regen Potion"},{"floor":5.0,"key":"SteroidPotion"},{"floor":7.0,"key":"SteroidPotion"},{"floor":12.0,"key":"StancePotion"},{"floor":17.0,"key":"FearPotion"},{"floor":19.0,"key":"Block Potion"},{"floor":24.0,"key":"StancePotion"},{"floor":34.0,"key":"SkillPotion"},{"floor":36.0,"key":"PowerPotion"},{"floor":39.0,"key":"Regen Potion"},{"floor":40.0,"key":"BlessingOfTheForge"},{"floor":43.0,"key":"Energy Potion"},{"floor":49.0,"key":"Fruit Juice"}],"is_trial":false,"path_per_floor":["M","?","M","M","M","R","E","M","M","T","$","M","R","?","M","R","B",null,"M","?","?","M","$","E","R","E","T","?","?","T","M","E","R","B",null,"M","?","M","M","M","R","M","E","T","?","E","M","E","M","R","B","B",null,"R","$","E","B",null],"character_chosen":"WATCHER","items_purchased":["Sanctity","Lee\u0027s Waffle","MentalFortress","Dexterity Potion"],"campfire_rested":0,"item_purchase_floors":[11,55,55,55],"current_hp_per_floor":[61,61,61,61,51,51,51,51,51,51,51,51,51,51,51,51,51,59,59,59,59,59,59,47,47,47,47,47,47,47,47,52,52,37,56,56,56,48,25,39,39,44,44,44,58,58,58,53,53,53,57,9,63,63,88,88,13],"gold":79,"neow_bonus":"TRANSFORM_TWO_CARDS","is_daily":false,"chose_seed":false,"campfire_upgraded":8,"win_rate":0.0,"timestamp":1610563423,"path_taken":["M","?","M","M","M","R","E","M","M","T","?","?","R","?","M","R","BOSS","M","?","?","M","$","E","R","E","T","?","?","?","M","E","R","BOSS","M","?","M","M","M","R","M","E","T","?","E","M","E","M","R","BOSS","BOSS","R","$","E","BOSS"],"items_purchased_type":["Card","Relic","Card","Potion"],"build_version":"2020-12-22","purchased_purges":3,"victory":true,"max_hp_per_floor":[62,62,62,62,62,62,62,62,62,62,62,62,62,62,62,62,62,62,62,62,62,62,62,62,62,62,62,62,62,62,62,62,62,62,62,62,62,62,62,62,62,62,62,62,76,76,76,76,76,76,81,81,81,81,88,88,88],"card_choices":[{"not_picked":["FollowUp","Crescendo"],"picked":"FlyingSleeves","floor":1.0},{"not_picked":["CarveReality","WheelKick"],"picked":"EmptyMind","floor":3.0},{"not_picked":["ThirdEye","FlyingSleeves"],"picked":"MentalFortress","floor":4.0},{"not_picked":["PathToVictory","ThirdEye","Consecrate"],"picked":"SKIP","floor":5.0},{"not_picked":["SashWhip","DevaForm","Blasphemy"],"picked":"SKIP","floor":7.0},{"not_picked":["FollowUp","CutThroughFate","ForeignInfluence"],"picked":"SKIP","floor":8.0},{"not_picked":["ClearTheMind","Crescendo","EmptyFist"],"picked":"SKIP","floor":12.0},{"not_picked":["SandsOfTime","BowlingBash"],"picked":"MentalFortress","floor":14.0},{"not_picked":["WaveOfTheHand","CutThroughFate"],"picked":"Adaptation","floor":15.0},{"not_picked":["Brilliance","Alpha"],"picked":"ConjureBlade","floor":17.0},{"not_picked":["WreathOfFlame","ThirdEye+1"],"picked":"Crescendo","floor":19.0},{"not_picked":["Evaluate+1","Worship"],"picked":"ClearTheMind+1","floor":22.0},{"not_picked":["Conclude","Protect","Omniscience"],"picked":"SKIP","floor":24.0},{"not_picked":["Conclude","Protect","Omniscience"],"picked":"SKIP","floor":24.0},{"not_picked":["EmptyMind+1","Halt","Crescendo"],"picked":"SKIP","floor":26.0},{"not_picked":["BowlingBash","Crescendo"],"picked":"InnerPeace","floor":29.0},{"not_picked":["EmptyBody+1","Protect","WreathOfFlame+1"],"picked":"SKIP","floor":31.0},{"not_picked":["CrushJoints","Wish","PathToVictory"],"picked":"SKIP","floor":32.0},{"not_picked":["FollowUp","PathToVictory","WindmillStrike"],"picked":"SKIP","floor":36.0},{"not_picked":["Dark Shackles","Swift Strike"],"picked":"Impatience","floor":37.0},{"not_picked":["Crescendo","BowlingBash+1","ThirdEye+1"],"picked":"SKIP","floor":38.0},{"not_picked":["Halt","LessonLearned","PathToVictory"],"picked":"SKIP","floor":39.0},{"not_picked":["Evaluate","ThirdEye","FollowUp"],"picked":"SKIP","floor":40.0},{"not_picked":["Halt","Evaluate","ThirdEye"],"picked":"SKIP","floor":42.0},{"not_picked":["Protect","WindmillStrike","Prostrate"],"picked":"SKIP","floor":43.0},{"not_picked":["Consecrate","Prostrate"],"picked":"Meditate+1","floor":45.0},{"not_picked":["SignatureMove","Prostrate+1"],"picked":"DeusExMachina","floor":46.0},{"not_picked":["SashWhip","ClearTheMind+1"],"picked":"Indignation","floor":47.0},{"not_picked":["Evaluate","SashWhip","Nirvana"],"picked":"SKIP","floor":48.0},{"not_picked":["FlurryOfBlows","Evaluate+1","DeceiveReality"],"picked":"SKIP","floor":49.0},{"not_picked":["JustLucky","BowlingBash","WaveOfTheHand"],"picked":"SKIP","floor":56.0}],"player_experience":852661,"relics_obtained":[{"floor":7.0,"key":"FossilizedHelix"},{"floor":10.0,"key":"Mummified Hand"},{"floor":14.0,"key":"Akabeko"},{"floor":24.0,"key":"Bag of Preparation"},{"floor":26.0,"key":"CeramicFish"},{"floor":27.0,"key":"Toy Ornithopter"},{"floor":29.0,"key":"Red Mask"},{"floor":32.0,"key":"MealTicket"},{"floor":43.0,"key":"Centennial Puzzle"},{"floor":44.0,"key":"Whetstone"},{"floor":45.0,"key":"Mango"},{"floor":46.0,"key":"Kunai"},{"floor":48.0,"key":"PreservedInsect"},{"floor":56.0,"key":"Ornamental Fan"}],"event_choices":[{"damage_healed":0.0,"max_hp_gain":0.0,"max_hp_loss":0.0,"gold_gain":0.0,"event_name":"Upgrade Shrine","player_choice":"Upgraded","floor":2.0,"gold_loss":0.0,"damage_taken":0.0,"cards_upgraded":["Eruption"]},{"damage_healed":0.0,"max_hp_gain":0.0,"max_hp_loss":0.0,"gold_gain":30.0,"event_name":"Dead Adventurer","player_choice":"Searched \u00273\u0027 times","floor":14.0,"gold_loss":0.0,"damage_taken":0.0},{"damage_healed":0.0,"max_hp_gain":0.0,"max_hp_loss":0.0,"gold_gain":0.0,"event_name":"Addict","player_choice":"Obtained Relic","floor":20.0,"gold_loss":85.0,"damage_taken":0.0,"relics_obtained":["Ice Cream"]},{"damage_healed":0.0,"max_hp_gain":0.0,"max_hp_loss":0.0,"gold_gain":0.0,"event_name":"The Library","player_choice":"Read","floor":21.0,"gold_loss":0.0,"damage_taken":0.0,"cards_obtained":["FlurryOfBlows"]},{"cards_removed":["Strike_P"],"damage_healed":0.0,"max_hp_gain":0.0,"max_hp_loss":0.0,"gold_gain":0.0,"event_name":"Beggar","player_choice":"Gave Gold","floor":28.0,"gold_loss":75.0,"damage_taken":0.0},{"damage_healed":0.0,"max_hp_gain":0.0,"max_hp_loss":0.0,"gold_gain":0.0,"event_name":"Masked Bandits","player_choice":"Fought Bandits","floor":29.0,"gold_loss":0.0,"damage_taken":0.0},{"damage_healed":0.0,"max_hp_gain":0.0,"max_hp_loss":0.0,"gold_gain":0.0,"event_name":"SensoryStone","player_choice":"Memory 1","floor":37.0,"gold_loss":0.0,"damage_taken":0.0},{"damage_healed":0.0,"max_hp_gain":0.0,"max_hp_loss":0.0,"gold_gain":0.0,"event_name":"MindBloom","player_choice":"Fight","floor":45.0,"gold_loss":0.0,"damage_taken":0.0}],"is_beta":false,"boss_relics":[{"not_picked":["Astrolabe","Coffee Dripper"],"picked":"Empty Cage"},{"not_picked":["Tiny House","Cursed Key"],"picked":"SlaversCollar"}],"items_purged_floors":[11,23,55],"is_endless":false,"potions_floor_spawned":[4,5,7,12,17,19,24,26,34,36,39,40,43,49],"ascension_level":20}}