{"host":"2ikxgthhm1pqb5gz","time":1610550348,"event":{"mods":["BaseMod","Colored Map","Minty Spire (QoL Compilation)","StSLib","SuperFastMode","slay the spire mod where everything is the same but ironclad has a cowboy hat"],"gold_per_floor":[513,563,613,679,729,761,761,377,377,405,455,523,536,262,262,339,339,355,209,227,239,289,318,318,343,343,375,375,425,442,456,456,529,529,543,603,731,747,762,762,791,841,841,867,464,839,851,901,901,901,901,901,901,95,130,130],"floor_reached":57,"language":"KOR","playtime":2544,"items_purged":["Strike_B","Strike_B+1","Dualcast","Consume","Zap"],"score":3956,"play_id":"12e9e53a-d594-495d-b82d-4ceedaf06c74","local_time":"20210114000548","is_ascension_mode":true,"campfire_choices":[{"floor":7.0,"key":"REST"},{"data":"Loop","floor":15.0,"key":"SMITH"},{"data":"Buffer","floor":24.0,"key":"SMITH"},{"data":"Defragment","floor":28.0,"key":"SMITH"},{"data":"Hologram","floor":32.0,"key":"SMITH"},{"data":"Heatsinks","floor":40.0,"key":"SMITH"},{"floor":49.0,"key":"RECALL"},{"data":"Capacitor","floor":53.0,"key":"SMITH"}],"circlet_count":1,"master_deck":["AscendersBane","Defend_B+1","Defend_B+1","Fission+1","Streamline+1","Loop+1","Buffer+1","Defragment+1","Ball Lightning+1","Self Repair","Thunder Strike+1","Electrodynamics+1","Core Surge+1","Chill","Hologram+1","Skim","Storm","Go for the Eyes+1","Echo Form","Turbo+1","Defragment+1","Cold Snap+1","Heatsinks+1","Panacea","Writhe","Capacitor+1","Loop","Force Field+1","Heatsinks","Heatsinks","Coolheaded"],"relics":["Cracked Core","Circlet","Membership Card","SsserpentHead","Regal Pillow","Pocketwatch","Gambling Chip","OrangePellets","Molten Egg 2","Centennial Puzzle","The Courier","War Paint","DataDisk","Bronze Scales","Tiny Chest","Lantern","HornCleat","Mercury Hourglass","Cursed Key","Omamori","Meat on the Bone","Bag of Preparation","Mango","Torii","Emotion Chip","Whetstone","Sundial","Bag of Marbles","Astrolabe","Bottled Tornado","Art of War","Smiling Mask","Anchor","MealTicket","Oddly Smooth Stone","Pantograph","Old Coin","ClockworkSouvenir","Vajra","Strawberry","Pear","Happy Flower","Gremlin Horn","Pen Nib","White Beast Statue","Cables","Mummified Hand","Du-Vu Doll","Nunchaku","Kunai"],"acts_visited":["Exordium","TheCity","TheBeyond","TheEnding"],"potions_floor_usage":[],"damage_taken":[{"damage":1.0,"enemies":"2 Louse","floor":1.0,"turns":3.0},{"damage":2.0,"enemies":"Small Slimes","floor":4.0,"turns":2.0},{"damage":21.0,"enemies":"Lagavulin","floor":6.0,"turns":5.0},{"damage":6.0,"enemies":"3 Sentries","floor":10.0,"turns":6.0},{"damage":0.0,"enemies":"Jaw Worm","floor":12.0,"turns":3.0},{"damage":6.0,"enemies":"Exordium Wildlife","floor":13.0,"turns":3.0},{"damage":7.0,"enemies":"The Guardian","floor":16.0,"turns":6.0},{"damage":0.0,"enemies":"Spheric Guardian","floor":18.0,"turns":3.0},{"damage":0.0,"enemies":"3 Byrds","floor":20.0,"turns":2.0},{"damage":0.0,"enemies":"Centurion and Healer","floor":21.0,"turns":4.0},{"damage":0.0,"enemies":"Book of Stabbing","floor":23.0,"turns":4.0},{"damage":0.0,"enemies":"Slavers","floor":25.0,"turns":3.0},{"damage":0.0,"enemies":"Gremlin Leader","floor":27.0,"turns":4.0},{"damage":0.0,"enemies":"Chosen and Byrds","floor":30.0,"turns":3.0},{"damage":7.0,"enemies":"Shelled Parasite and Fungi","floor":31.0,"turns":2.0},{"damage":0.0,"enemies":"Collector","floor":33.0,"turns":8.0},{"damage":0.0,"enemies":"Orb Walker","floor":35.0,"turns":3.0},{"damage":0.0,"enemies":"3 Darklings","floor":36.0,"turns":3.0},{"damage":9.0,"enemies":"Sphere and 2 Shapes","floor":38.0,"turns":3.0},{"damage":0.0,"enemies":"Maw","floor":39.0,"turns":5.0},{"damage":0.0,"enemies":"Reptomancer","floor":41.0,"turns":4.0},{"damage":0.0,"enemies":"Giant Head","floor":44.0,"turns":5.0},{"damage":0.0,"enemies":"Mind Bloom Boss Battle","floor":46.0,"turns":4.0},{"damage":0.0,"enemies":"4 Shapes","floor":47.0,"turns":2.0},{"damage":1.0,"enemies":"Time Eater","floor":50.0,"turns":5.0},{"damage":24.0,"enemies":"Awakened One","floor":51.0,"turns":5.0},{"damage":0.0,"enemies":"Shield and Spear","floor":55.0,"turns":2.0},{"damage":2,"enemies":"The Heart","floor":56,"turns":5}],"seed_played":"1730825255005253086","potions_obtained":[{"floor":1.0,"key":"Fire Potion"},{"floor":10.0,"key":"Fire Potion"},{"floor":13.0,"key":"Swift Potion"},{"floor":27.0,"key":"DuplicationPotion"},{"floor":36.0,"key":"PowerPotion"},{"floor":55.0,"key":"Strength Potion"}],"is_trial":false,"path_per_floor":["M","?","?","M","?","E","R","$","T","E","?","M","M","$","R","B",null,"M","$","M","M","?","E","R","E","T","E","R","?","M","M","R","B",null,"M","M","T","M","M","R","E","?","T","E","$","?","M","?","R","B","B",null,"R","$","E","B",null],"character_chosen":"DEFECT","items_purchased":["Defragment","Gambling Chip","OrangePellets","Explosive Potion","SkillPotion","Electrodynamics","War Paint","DataDisk","Bronze Scales","Tiny Chest","Lantern","HornCleat","Mercury Hourglass","Meat on the Bone","Bag of Preparation","Mango","Torii","Chill","Glacier","Capacitor","Loop","Anchor","MealTicket","Oddly Smooth Stone","Pantograph","ClockworkSouvenir","Heatsinks","Heatsinks","Vajra","Strawberry","Pear","Happy Flower","Gremlin Horn","Pen Nib","White Beast Statue","Cables","Mummified Hand","Du-Vu Doll","Nunchaku"],"campfire_rested":1,"item_purchase_floors":[8,8,8,8,8,14,14,14,14,14,14,14,14,19,19,19,19,19,19,45,45,45,45,45,45,54,54,54,54,54,54,54,54,54,54,54,54,54,54],"current_hp_per_floor":[63,58,39,37,37,16,50,50,50,44,37,37,38,38,38,38,58,64,78,78,78,56,63,63,63,63,70,70,70,77,77,77,83,83,83,83,83,74,83,83,83,73,73,80,80,83,83,83,83,83,59,77,77,100,100,100],"gold":130,"neow_bonus":"TRANSFORM_TWO_CARDS","is_daily":false,"chose_seed":false,"campfire_upgraded":6,"win_rate":0.0,"timestamp":1610550348,"path_taken":["M","?","?","?","?","E","R","$","T","E","?","?","M","?","R","BOSS","M","$","M","M","?","E","R","E","T","E","R","?","M","M","R","BOSS","M","?","?","M","M","R","E","?","T","E","$","?","M","?","R","BOSS","BOSS","R","$","E","BOSS"],"items_purchased_type":["Card","Relic","Relic","Potion","Potion","Card","Relic","Relic","Relic","Relic","Relic","Relic","Relic","Relic","Relic","Relic","Relic","Card","Card","Card","Card","Relic","Relic","Relic","Relic","Relic","Card","Card","Relic","Relic","Relic","Relic","Relic","Relic","Relic","Relic","Relic","Relic","Relic"],"build_version":"2020-12-22","purchased_purges":5,"victory":true,"max_hp_per_floor":[64,64,64,64,64,64,64,64,64,64,64,64,64,64,64,64,64,64,78,78,78,83,83,83,83,83,83,83,83,83,83,83,83,83,83,83,83,83,83,83,83,83,83,83,83,83,83,83,83,83,83,83,83,100,100,100],"card_choices":[{"not_picked":["Tempest","Steam"],"picked":"Streamline","floor":1.0},{"not_picked":["Static Discharge","Compile Driver"],"picked":"Loop","floor":4.0},{"not_picked":["Hologram","Ball Lightning"],"picked":"Buffer","floor":6.0},{"not_picked":["Force Field","Coolheaded"],"picked":"Ball Lightning+1","floor":10.0},{"not_picked":["Coolheaded","Scrape+1"],"picked":"Self Repair","floor":12.0},{"not_picked":["Conserve Battery","Coolheaded"],"picked":"Thunder Strike+1","floor":13.0},{"not_picked":["Amplify","Machine Learning"],"picked":"Core Surge+1","floor":16.0},{"not_picked":["Coolheaded","Compile Driver+1"],"picked":"Chill","floor":18.0},{"not_picked":["Steam","Barrage+1","Reprogram"],"picked":"SKIP","floor":20.0},{"not_picked":["Fusion","Sweeping Beam+1"],"picked":"Hologram","floor":21.0},{"not_picked":["Melter+1","Streamline+1"],"picked":"Consume","floor":23.0},{"not_picked":["Consume","Darkness"],"picked":"Skim","floor":25.0},{"not_picked":["Gash+1","Glacier","Multi-Cast"],"picked":"SKIP","floor":27.0},{"not_picked":["Hologram","Steam+1"],"picked":"Storm","floor":30.0},{"not_picked":["Cold Snap+1","Compile Driver+1"],"picked":"Go for the Eyes+1","floor":31.0},{"not_picked":["Reboot","Buffer"],"picked":"Echo Form","floor":33.0},{"not_picked":["Hologram+1","Turbo","Reprogram+1"],"picked":"SKIP","floor":35.0},{"not_picked":["Genetic Algorithm","Static Discharge","Turbo+1"],"picked":"SKIP","floor":36.0},{"not_picked":["Hello World","Multi-Cast"],"picked":"Heatsinks","floor":38.0},{"not_picked":["Ball Lightning+1","Steam","Cold Snap+1"],"picked":"SKIP","floor":39.0},{"not_picked":["Conserve Battery","Steam","Compile Driver+1"],"picked":"SKIP","floor":41.0},{"not_picked":["Finesse","Metamorphosis"],"picked":"Panacea","floor":42.0},{"not_picked":["Turbo+1","Fusion+1","Chill"],"picked":"SKIP","floor":44.0},{"not_picked":["Redo","Gash+1"],"picked":"Force Field+1","floor":47.0},{"not_picked":["Barrage+1","Heatsinks"],"picked":"Coolheaded","floor":55.0}],"player_experience":914128,"relics_obtained":[{"floor":6.0,"key":"Pocketwatch"},{"floor":9.0,"key":"Molten Egg 2"},{"floor":10.0,"key":"Centennial Puzzle"},{"floor":23.0,"key":"Emotion Chip"},{"floor":25.0,"key":"Whetstone"},{"floor":26.0,"key":"Sundial"},{"floor":27.0,"key":"Bag of Marbles"},{"floor":37.0,"key":"Bottled Tornado"},{"floor":41.0,"key":"Art of War"},{"floor":44.0,"key":"Smiling Mask"},{"floor":46.0,"key":"Old Coin"},{"floor":55.0,"key":"Kunai"}],"event_choices":[{"damage_healed":0.0,"max_hp_gain":0.0,"max_hp_loss":0.0,"gold_gain":0.0,"event_name":"Scrap Ooze","player_choice":"Success","floor":2.0,"gold_loss":0.0,"damage_taken":5.0,"relics_obtained":["Regal Pillow"]},{"damage_healed":0.0,"max_hp_gain":0.0,"max_hp_loss":0.0,"gold_gain":0.0,"event_name":"Shining Light","player_choice":"Entered Light","floor":3.0,"gold_loss":0.0,"damage_taken":19.0,"cards_upgraded":["Strike_B","Defend_B"]},{"damage_healed":0.0,"max_hp_gain":0.0,"max_hp_loss":0.0,"gold_gain":0.0,"event_name":"Living Wall","player_choice":"Grow","floor":5.0,"gold_loss":0.0,"damage_taken":0.0,"cards_upgraded":["Streamline"]},{"cards_removed":["Strike_B"],"damage_healed":0.0,"max_hp_gain":0.0,"max_hp_loss":0.0,"gold_gain":0.0,"event_name":"Golden Wing","player_choice":"Card Removal","floor":11.0,"gold_loss":0.0,"damage_taken":7.0},{"damage_healed":0.0,"max_hp_gain":5.0,"max_hp_loss":0.0,"gold_gain":0.0,"event_name":"Forgotten Altar","player_choice":"Shed Blood","floor":22.0,"gold_loss":0.0,"damage_taken":27.0},{"damage_healed":0.0,"max_hp_gain":0.0,"max_hp_loss":0.0,"gold_gain":0.0,"event_name":"Upgrade Shrine","player_choice":"Upgraded","floor":29.0,"gold_loss":0.0,"damage_taken":0.0,"cards_upgraded":["Electrodynamics"]},{"damage_healed":0.0,"max_hp_gain":0.0,"max_hp_loss":0.0,"gold_gain":0.0,"event_name":"SensoryStone","player_choice":"Memory 3","floor":42.0,"gold_loss":0.0,"damage_taken":10.0},{"damage_healed":0.0,"max_hp_gain":0.0,"max_hp_loss":0.0,"gold_gain":0.0,"event_name":"MindBloom","player_choice":"Fight","floor":46.0,"gold_loss":0.0,"damage_taken":0.0},{"cards_removed":["Glacier"],"damage_healed":0.0,"max_hp_gain":0.0,"max_hp_loss":0.0,"gold_gain":0.0,"event_name":"Falling","player_choice":"Removed Skill","floor":48.0,"gold_loss":0.0,"damage_taken":0.0}],"is_beta":false,"boss_relics":[{"not_picked":["Empty Cage","FrozenCore"],"picked":"Cursed Key"},{"not_picked":["Philosopher\u0027s Stone","Calling Bell"],"picked":"Astrolabe"}],"items_purged_floors":[8,14,19,45,54],"is_endless":false,"potions_floor_spawned":[1,10,13,27,30,33,36,38,39,41,44,47,55],"ascension_level":20}}