{"host":"0pl361p0raiipqb8","time":1610558082,"event":{"mods":["BaseMod","Downfall","Googly Eyes","Marisa????????","Minty Spire (QoL Compilation)","Replay The Spire","StSLib"],"gold_per_floor":[113,113,126,126,126,126,160,177,177,177,195,210,235,292,292,396,496,506,506,506,506,506,506,518,533,533,533,558,558,574,603,603,706,706,719,746,746,761,811,840,840,859,939,572,572,401,401,401,401,401,401],"floor_reached":50,"language":"ENG","playtime":3736,"items_purged":[],"score":773,"play_id":"42255f6b-5903-4a1d-853a-c7e0a0d89ecc","local_time":"20210113201442","is_ascension_mode":true,"campfire_choices":[{"floor":6,"key":"RECALL"},{"floor":15,"key":"REST"},{"data":"Bullet Time","floor":23,"key":"SMITH"},{"floor":27,"key":"REST"},{"floor":29,"key":"REST"},{"floor":32,"key":"REST"},{"floor":47,"key":"REST"}],"circlet_count":0,"master_deck":["Strike_G+1","Strike_G","Strike_G","Strike_G","Defend_G","Defend_G","Defend_G","Defend_G","Defend_G","Dodge and Roll","Flying Knee","Leap+1","Beam Cell","All Out Attack","Quick Slash","Underhanded Strike","Outmaneuver","Calculated Gamble","Malaise","Bullet Time+1","Dagger Throw+1","J.A.X.","Neutralize+1","Underhanded Strike+1","Quick Slash+1","Skewer+1","Outmaneuver+1","Distraction+1","Phantasmal Killer","Infinite Blades","Quick Slash+1","Choke+1","Acrobatics","Sneak Up+1","expansioncontent:DarkVoid+1","ReplayTheSpireMod:Brewmster","Caltrops","expansioncontent:AwakenDeath","Outmaneuver","Underhanded Strike+1"],"relics":["Honey Jar","StoneCalendar","Ancient Tea Set","Question Card","Mercury Hourglass","Molten Egg 2","Replay:Wanted Poster","Bottled Flame","Replay:Mystery Machine","Letter Opener","Philosopher\u0027s Stone","Juzu Bracelet","War Paint","Nunchaku","Kunai"],"acts_visited":["Exordium","TheCity","TheBeyond"],"potions_floor_usage":[13,14,18,30,31,38,42,50,50,50],"damage_taken":[{"damage":1,"enemies":"Cultist","floor":1,"turns":5},{"damage":3,"enemies":"2 Louse","floor":3,"turns":2},{"damage":34,"enemies":"Lagavulin","floor":7,"turns":7},{"damage":0,"enemies":"Jaw Worm","floor":8,"turns":3},{"damage":0,"enemies":"2 Fungi Beasts","floor":11,"turns":2},{"damage":8,"enemies":"Gremlin Gang","floor":12,"turns":3},{"damage":0,"enemies":"3 Sentries","floor":13,"turns":4},{"damage":12,"enemies":"Gremlin Nob","floor":14,"turns":4},{"damage":5,"enemies":"The Guardian","floor":16,"turns":8},{"damage":4,"enemies":"Chosen","floor":18,"turns":5},{"damage":3,"enemies":"3 Byrds","floor":24,"turns":4},{"damage":7,"enemies":"Centurion and Healer","floor":25,"turns":5},{"damage":19,"enemies":"Replay:Snechameleon","floor":28,"turns":5},{"damage":31,"enemies":"Shelled Parasite and Fungi","floor":30,"turns":3},{"damage":35,"enemies":"Gremlin Leader","floor":31,"turns":6},{"damage":30,"enemies":"Pondfish","floor":33,"turns":11},{"damage":6,"enemies":"3 Shapes","floor":35,"turns":3},{"damage":5,"enemies":"Orb Walker","floor":38,"turns":3},{"damage":12,"enemies":"Giant Head","floor":40,"turns":7},{"damage":0,"enemies":"3 Darklings","floor":42,"turns":2},{"damage":57,"enemies":"Time Eater","floor":50,"turns":7}],"seed_played":"-1805503215524844997","potions_obtained":[{"floor":11,"key":"Swift Potion"},{"floor":12,"key":"SkillPotion"},{"floor":13,"key":"hexamod:EctoCoolerPotion"},{"floor":14,"key":"sneckomod:MuddlingPotion"},{"floor":16,"key":"SpeedPotion"},{"floor":18,"key":"Regen Potion"},{"floor":31,"key":"Poison Potion"},{"floor":38,"key":"Swift Potion"},{"floor":39,"key":"Elixir"},{"floor":39,"key":"Reflective Coating"},{"floor":40,"key":"AttackPotion"}],"is_trial":false,"path_per_floor":["M","?","M","?","T","R","E","M","T","?","M","M","E","?","R","B",null,"M","?","?","?","?","R","M","M","T","R","E","R","M","E","R","B",null,"M","T","?","M","?","E","?","M","T","$","T","$","R","?","R","B"],"character_chosen":"THE_SILENT","items_purchased":["expansioncontent:DarkVoid+1","ReplayTheSpireMod:Brewmster","Deflect+1","Caltrops","expansioncontent:AwakenDeath","Outmaneuver","Underhanded Strike+1"],"campfire_rested":5,"item_purchase_floors":[44,44,44,44,46,46,46],"current_hp_per_floor":[69,69,66,66,66,66,32,32,32,32,32,24,24,12,33,28,70,66,66,66,66,66,66,63,56,56,70,51,70,46,11,32,2,70,64,64,64,59,31,19,19,19,19,19,19,19,40,45,42,0,0],"gold":401,"neow_bonus":"BOSS_RELIC","is_daily":false,"chose_seed":false,"campfire_upgraded":1,"win_rate":0.0,"timestamp":1610558082,"path_taken":["M","?","M","?","?","R","E","M","T","?","M","?","E","?","R","BOSS","M","?","?","?","?","R","M","M","T","R","E","R","M","E","R","BOSS","M","?","?","M","?","E","?","M","T","$","?","$","R","?","R","BOSS"],"items_purchased_type":["Card","Card","Card","Card","Card","Card","Card"],"build_version":"2020-12-22","purchased_purges":0,"victory":false,"max_hp_per_floor":[70,70,70,70,70,70,70,70,70,70,70,70,70,70,70,70,70,70,70,70,70,70,70,70,70,70,70,70,70,70,70,70,70,70,70,70,70,70,70,70,70,70,70,70,70,70,70,70,70,70,70],"card_choices":[{"not_picked":["Hidden Blade","Dagger Spray","PiercingWail"],"picked":"Dodge and Roll","floor":1},{"not_picked":["Deflect","Replay:Poison Smokescreen","Quick Slash"],"picked":"Flying Knee","floor":3},{"not_picked":["Choke","Acrobatics","Bane"],"picked":"All Out Attack","floor":7},{"not_picked":["ReplayTheSpireMod:Speed Training","Leg Sweep","Expertise"],"picked":"Quick Slash","floor":8},{"not_picked":["Terror","A Thousand Cuts","ReplayTheSpireMod:Scrap Shanks","Slice"],"picked":"Underhanded Strike","floor":11},{"not_picked":["Terror","Quick Slash","Sucker Punch","Slice"],"picked":"Outmaneuver","floor":12},{"not_picked":["PiercingWail","Deflect","ReplayTheSpireMod:Tripwire","Dodge and Roll"],"picked":"Calculated Gamble","floor":13},{"not_picked":["Escape Plan","Endless Agony+1","PiercingWail","All Out Attack+1"],"picked":"Malaise","floor":14},{"not_picked":["ReplayTheSpireMod:From All Sides+1","Tools of the Trade","Envenom","Phantasmal Killer"],"picked":"Bullet Time","floor":16},{"not_picked":["Blade Dance","Dagger Spray+1","Acrobatics","Deflect"],"picked":"Dagger Throw+1","floor":18},{"not_picked":["Corpse Explosion","Noxious Fumes+1","Poisoned Stab+1","Dagger Spray+1"],"picked":"Underhanded Strike+1","floor":24},{"not_picked":["PiercingWail","ReplayTheSpireMod:Speed Training+1","Flying Knee+1","Dodge and Roll"],"picked":"Quick Slash+1","floor":25},{"not_picked":["Noxious Fumes","Eviscerate+1","Prepared","Acrobatics"],"picked":"Skewer+1","floor":28},{"not_picked":["Acrobatics","Backflip","Dodge and Roll","Quick Slash+1"],"picked":"Outmaneuver+1","floor":30},{"not_picked":["Corpse Explosion","Toxin Wave","Well Laid Plans","Crippling Poison+1"],"picked":"Distraction","floor":31},{"not_picked":["Tools of the Trade","Doppelganger","Envenom","Burst"],"picked":"Phantasmal Killer","floor":33},{"not_picked":["Dagger Spray+1","Underhanded Strike+1","Sucker Punch+1","Acrobatics+1"],"picked":"Infinite Blades","floor":35},{"not_picked":["ReplayTheSpireMod:Exploit Weakness+1","Blade Dance+1","Slice+1","Sucker Punch+1"],"picked":"Quick Slash+1","floor":38},{"not_picked":["Poisoned Stab+1","Slice+1","Acrobatics+1","Quick Slash+1"],"picked":"Choke+1","floor":39},{"not_picked":["Bullet Time","PiercingWail+1","Prepared","Poisoned Stab+1"],"picked":"Acrobatics","floor":40},{"not_picked":["Deflect","Dodge and Roll+1","Distraction+1","Crippling Poison+1"],"picked":"Sneak Up+1","floor":42}],"player_experience":230702,"relics_obtained":[{"floor":5,"key":"StoneCalendar"},{"floor":7,"key":"Ancient Tea Set"},{"floor":9,"key":"Question Card"},{"floor":13,"key":"Mercury Hourglass"},{"floor":14,"key":"Molten Egg 2"},{"floor":26,"key":"Bottled Flame"},{"floor":28,"key":"Replay:Mystery Machine"},{"floor":31,"key":"Letter Opener"},{"floor":36,"key":"Juzu Bracelet"},{"floor":39,"key":"War Paint"},{"floor":40,"key":"Nunchaku"},{"floor":45,"key":"Kunai"}],"event_choices":[{"cards_removed":["Strike_G"],"damage_healed":0,"gold_gain":0,"player_choice":"Purged","damage_taken":0,"max_hp_gain":0,"max_hp_loss":0,"event_name":"Purifier","floor":10,"gold_loss":0},{"damage_healed":0,"gold_gain":0,"player_choice":"Searched \u00271\u0027 times","damage_taken":0,"max_hp_gain":0,"max_hp_loss":0,"event_name":"Dead Adventurer","floor":14,"gold_loss":0},{"damage_healed":0,"gold_gain":0,"player_choice":"Ignored","damage_taken":0,"max_hp_gain":0,"max_hp_loss":0,"event_name":"Vampires","floor":20,"gold_loss":0},{"damage_healed":0,"gold_gain":0,"player_choice":"Obtain J.A.X.","damage_taken":0,"max_hp_gain":0,"max_hp_loss":0,"event_name":"Drug Dealer","floor":21,"gold_loss":0,"cards_obtained":["J.A.X."]},{"damage_healed":0,"gold_gain":0,"player_choice":"1 cards matched","damage_taken":0,"max_hp_gain":0,"max_hp_loss":0,"event_name":"Match and Keep!","floor":22,"gold_loss":0,"cards_obtained":["Neutralize"]},{"damage_healed":0,"gold_gain":0,"player_choice":"Ignored","damage_taken":0,"max_hp_gain":0,"max_hp_loss":0,"event_name":"Tomb of Lord Red Mask","floor":37,"gold_loss":0},{"damage_healed":0,"gold_gain":0,"player_choice":"Ignored","damage_taken":0,"max_hp_gain":0,"max_hp_loss":0,"event_name":"SecretPortal","floor":41,"gold_loss":0},{"cards_removed":["Deflect"],"damage_healed":5,"gold_gain":0,"player_choice":"Offered Common","damage_taken":0,"max_hp_gain":0,"max_hp_loss":0,"event_name":"Bonfire Elementals","floor":48,"gold_loss":0},{"cards_removed":["Deflect"],"damage_healed":5,"gold_gain":0,"player_choice":"Offered Special","damage_taken":0,"max_hp_gain":0,"max_hp_loss":0,"event_name":"Bonfire Elementals","floor":48,"gold_loss":0},{"damage_healed":0,"gold_gain":0,"player_choice":"Punched","damage_taken":3,"max_hp_gain":0,"max_hp_loss":0,"event_name":"Designer","floor":49,"gold_loss":0}],"is_beta":false,"boss_relics":[{"not_picked":["Sozu","SacredBark"],"picked":"Replay:Wanted Poster"},{"not_picked":["Kintsugi","Busted Crown"],"picked":"Philosopher\u0027s Stone"}],"items_purged_floors":[],"is_endless":false,"potions_floor_spawned":[11,12,13,14,16,18,31,38,40],"killed_by":"Time Eater","ascension_level":1}}