{"host":"fkig9nrckec4xsh0","time":1610505811,"event":{"mods":["BaseMod","Colored Map","Minty Spire (QoL Compilation)","Quick Restart","Replay The Spire","StSLib"],"gold_per_floor":[114,130,130,4,4,30,30,60,60,89,102,102,102,122,122,227,227,239,239,239],"floor_reached":19,"language":"ENG","playtime":713,"items_purged":["Strike_G"],"score":242,"play_id":"b1694634-ee98-402f-8769-85c6259cdc1f","local_time":"20210112214331","is_ascension_mode":true,"campfire_choices":[{"data":"Bouncing Flask","floor":7,"key":"SMITH"},{"data":"Unload","floor":13,"key":"SMITH"},{"data":"Burst","floor":15,"key":"SMITH"}],"circlet_count":0,"master_deck":["Strike_G","Strike_G","Strike_G","Defend_G","Defend_G","Defend_G","Defend_G","Defend_G","Survivor","Neutralize","Bouncing Flask+1","Bouncing Flask+1","Poisoned Stab","Slice","ReplayTheSpireMod:Speed Training","Replay:Poison Smokescreen","Slice","Unload+1","Burst+1","Glass Knife","CommonCold","Writhe","Languid","Catalyst","Draining Mist"],"relics":["Ring of the Snake","NeowsBlessing","Turnip","Blue Candle","Prayer Wheel","Centennial Puzzle","Replay:Ancient Bell","ReplayTheSpireMod:TigerMarble","Replay:Bottled Steam","The Specimen"],"acts_visited":["Exordium","TheCity"],"potions_floor_usage":[8,8,16],"damage_taken":[{"damage":0,"enemies":"2 Louse","floor":1,"turns":1},{"damage":0,"enemies":"Small Slimes","floor":2,"turns":1},{"damage":0,"enemies":"Lagavulin","floor":6,"turns":1},{"damage":4,"enemies":"Gremlin Nob","floor":8,"turns":3},{"damage":22,"enemies":"Lagavulin","floor":10,"turns":4},{"damage":0,"enemies":"Cultist","floor":11,"turns":3},{"damage":3,"enemies":"Exordium Wildlife","floor":14,"turns":3},{"damage":6,"enemies":"Slime Boss","floor":16,"turns":7},{"damage":26,"enemies":"2 Thieves","floor":18,"turns":4},{"damage":51,"enemies":"Masked Bandits","floor":19,"turns":3}],"seed_played":"3285836867812751068","potions_obtained":[{"floor":1,"key":"Strength Potion"},{"floor":6,"key":"Swift Potion"},{"floor":14,"key":"DistilledChaos"}],"is_trial":false,"path_per_floor":["M","M","?","$","?","E","R","E","T","E","M","?","R","M","R","B",null,"M","?"],"character_chosen":"THE_SILENT","items_purchased":["Poisoned Stab"],"campfire_rested":0,"item_purchase_floors":[4],"current_hp_per_floor":[70,70,56,56,56,56,56,52,52,30,30,30,30,27,27,21,70,44,0,0],"gold":239,"neow_bonus":"THREE_ENEMY_KILL","is_daily":false,"chose_seed":false,"campfire_upgraded":3,"win_rate":0.0,"timestamp":1610505811,"path_taken":["M","M","?","$","?","E","R","E","T","E","M","?","R","?","R","BOSS","M","?"],"items_purchased_type":["Card"],"build_version":"2020-12-22","purchased_purges":1,"victory":false,"max_hp_per_floor":[70,70,70,70,70,70,70,70,70,70,70,70,70,70,70,70,70,70,70,70],"card_choices":[{"not_picked":["Outmaneuver","PiercingWail"],"picked":"Bouncing Flask","floor":1},{"not_picked":["Quick Slash","Dodge and Roll"],"picked":"Bouncing Flask","floor":2},{"not_picked":["Acrobatics","Choke"],"picked":"Slice","floor":6},{"not_picked":["Noxious Fumes","Sucker Punch"],"picked":"ReplayTheSpireMod:Speed Training","floor":8},{"not_picked":["PiercingWail","Choke"],"picked":"Replay:Poison Smokescreen","floor":10},{"not_picked":["Outmaneuver","Riddle With Holes"],"picked":"Slice","floor":11},{"not_picked":["Sucker Punch","Blade Dance","Underhanded Strike"],"picked":"SKIP","floor":11},{"not_picked":["Deflect","Deadly Poison"],"picked":"Burst","floor":14},{"not_picked":["Blade Dance","Well Laid Plans","Underhanded Strike"],"picked":"SKIP","floor":14},{"not_picked":["Unload","Phantasmal Killer"],"picked":"Glass Knife","floor":16},{"not_picked":["Voices","AbeCurse"],"picked":"CommonCold","floor":17},{"not_picked":["Normality","Amnesia"],"picked":"Writhe","floor":17},{"not_picked":["Hallucinations","Shame"],"picked":"Languid","floor":17},{"not_picked":["Reflex","Accuracy+1"],"picked":"Catalyst","floor":18},{"not_picked":["Blade Dance+1","Well Laid Plans"],"picked":"Draining Mist","floor":18}],"player_experience":299536,"relics_obtained":[{"floor":6,"key":"Turnip"},{"floor":8,"key":"Blue Candle"},{"floor":9,"key":"Prayer Wheel"},{"floor":10,"key":"Centennial Puzzle"}],"event_choices":[{"damage_healed":0,"gold_gain":0,"player_choice":"Entered Light","damage_taken":14,"max_hp_gain":0,"max_hp_loss":0,"event_name":"Shining Light","floor":3,"gold_loss":0,"cards_upgraded":["Strike_G","Bouncing Flask"]},{"cards_removed":["Strike_G"],"damage_healed":0,"gold_gain":0,"player_choice":"Forget","damage_taken":0,"max_hp_gain":0,"max_hp_loss":0,"event_name":"Living Wall","floor":5,"gold_loss":0},{"damage_healed":0,"gold_gain":0,"player_choice":"1 cards matched","damage_taken":0,"max_hp_gain":0,"max_hp_loss":0,"event_name":"Match and Keep!","floor":12,"gold_loss":0,"cards_obtained":["Unload"]},{"damage_healed":0,"gold_gain":0,"player_choice":"Fought Bandits","damage_taken":0,"max_hp_gain":0,"max_hp_loss":0,"event_name":"Masked Bandits","floor":19,"gold_loss":0}],"is_beta":false,"boss_relics":[{"not_picked":["ChewingGum","Pandora\u0027s Box"],"picked":"Replay:Ancient Bell"},{"not_picked":["Simple Rune","Gremlin Food"],"picked":"ReplayTheSpireMod:TigerMarble"},{"not_picked":["Frozen Egg 2","Mummified Hand"],"picked":"Replay:Bottled Steam"},{"not_picked":["Shovel","Thread and Needle"],"picked":"The Specimen"}],"items_purged_floors":[4],"is_endless":false,"potions_floor_spawned":[1,6,14],"killed_by":"Masked Bandits","ascension_level":3}}