{"host":"dk10vuzdqf3wivcv","time":1610499443,"event":{"mods":["Aspiration","Astrologer","BaseMod","Colored Map","Conspire","Downfall","Friendly Minions","Hermit","Hubris","Infinite Spire","Minty Spire (QoL Compilation)","Replay The Spire","StSLib","SuperFastMode","Td1madao Mod","The Animator","The Gatherer","The Jungle"],"gold_per_floor":[99,112,112,132,145,145,170,270,286,436,446,471,246,246,246,279,314,326,326,326],"floor_reached":18,"language":"ENG","playtime":704,"items_purged":[],"score":147,"play_id":"467497d5-b0c3-495c-8530-5201667785e9","local_time":"20210113015723","is_ascension_mode":false,"campfire_choices":[{"floor":1,"key":"RECALL"},{"data":"hexamod:EmpoweredFlame","floor":6,"key":"SMITH"},{"data":"hexamod:HexaLevel","floor":13,"key":"SMITH"}],"circlet_count":0,"master_deck":["hexamod:Strike","hexamod:Strike+1","hexamod:Strike+1","hexamod:Strike","hexamod:Defend","hexamod:Defend+1","hexamod:Defend","hexamod:Defend","hexamod:Sear","hexamod:Float","hexamod:FirstSeal","Regret","hexamod:HauntingEcho","hexamod:EmpoweredFlame+1","Slimebound:Icky","hexamod:HexaLevel+1","hexamod:SecondSeal","hexamod:GhostOfSpireFuture"],"relics":["hexamod:SpiritBrand","hubris:Metronome","downfall:HeartBlessingRed","downfall:HeartBlessingGreen","downfall:HeartBlessingBlue","MawBank"],"acts_visited":["Exordium"],"potions_floor_usage":[12,16,18,18],"damage_taken":[{"damage":0,"enemies":"2 Louse","floor":2,"turns":2},{"damage":2,"enemies":"Small Slimes","floor":4,"turns":4},{"damage":2,"enemies":"Jaw Worm","floor":5,"turns":3},{"damage":2,"enemies":"Blue Slaver","floor":9,"turns":3},{"damage":10,"enemies":"Red Slaver","floor":11,"turns":4},{"damage":61,"enemies":"3 Sentries","floor":12,"turns":15},{"damage":17,"enemies":"Lagavulin","floor":16,"turns":5},{"damage":9,"enemies":"2 Fungi Beasts","floor":17,"turns":5},{"damage":18,"enemies":"downfall:Watcher","floor":18,"turns":7}],"seed_played":"7482221863806023880","potions_obtained":[{"floor":4,"key":"Weak Potion"},{"floor":5,"key":"Energy Potion"},{"floor":11,"key":"LifebloodPotion"},{"floor":12,"key":"Dexterity Potion"},{"floor":17,"key":"SkillPotion"}],"is_trial":false,"path_per_floor":["R","M","?","M","M","R","T","?","M","?","M","E","R","PTL","PTL","E","M","B"],"character_chosen":"THE_SPIRIT","items_purchased":[],"campfire_rested":0,"item_purchase_floors":[],"current_hp_per_floor":[77,77,77,77,77,77,77,77,77,77,74,20,30,30,30,20,18,0,0,0],"gold":326,"neow_bonus":"TEN_PERCENT_HP_BONUS","is_daily":false,"chose_seed":false,"campfire_upgraded":2,"win_rate":0.0,"timestamp":1610499443,"path_taken":["R","M","?","M","M","R","T","?","M","?","M","E","R","PTL","PTL","E","M","BOSS"],"items_purchased_type":[],"build_version":"2020-12-22","purchased_purges":0,"victory":false,"max_hp_per_floor":[77,77,77,77,77,77,77,77,77,77,77,77,87,87,87,87,87,87,87,87],"card_choices":[{"not_picked":["hexamod:NightmareStrike","hexamod:HeatMetal"],"picked":"hexamod:FirstSeal","floor":2},{"not_picked":["hexamod:NightmareStrike","hexamod:Haunt"],"picked":"hexamod:HauntingEcho","floor":4},{"not_picked":["hexamod:InspiringFlames","hexamod:Hexaguard"],"picked":"hexamod:EmpoweredFlame","floor":5},{"not_picked":["hexamod:NightmareGuise","hexamod:ShieldOfDarkness","hexamod:NightmareStrike"],"picked":"SKIP","floor":9},{"not_picked":["hexamod:Firestarter","hexamod:BurningTouch","hexamod:NightmareStrike"],"picked":"SKIP","floor":11},{"not_picked":["hexamod:SpectersWail","hexamod:InspiringFlames"],"picked":"hexamod:HexaLevel","floor":12},{"not_picked":["hexamod:PhantomCloak","hexamod:GhostLash"],"picked":"hexamod:SecondSeal","floor":16},{"not_picked":["hexamod:DynamicBlow","hexamod:SwordOfDarkness"],"picked":"hexamod:GhostOfSpireFuture","floor":17}],"player_experience":170057,"relics_obtained":[{"floor":12,"key":"hubris:Metronome"},{"floor":16,"key":"MawBank"}],"event_choices":[],"is_beta":false,"boss_relics":[],"items_purged_floors":[],"is_endless":false,"potions_floor_spawned":[4,5,11,12,17],"killed_by":"downfall:Watcher","ascension_level":0}}