{"host":"9j9ju8r45kuhshxi","time":1610579120,"event":{"mods":["BaseMod","Colored Map","Colored Powertips","Highlight Path","Marisa（F雨　魔理沙）","Minty Spire (QoL Compilation)","Replay The Spire","Ryuuou龙王","StSLib","[功能]功能增强和修复MOD"],"gold_per_floor":[110,75,75,113,188,238,252,297,297,297,347,382,382,421,421,540,540,550,569,569,584,584,609,609,659,659,629,649,679,679,712,712,809,809,827,840,850,800,1009,1040,1040,1040,1067,1109,1173,1235,1235,1311,1311,1351,1351,1351,1336,1380,1422],"floor_reached":56,"language":"ZHS","playtime":5526,"items_purged":["Strike_G","Strike_G","Strike_G","Defend_G","Defend_G","Defend_G","Strike_G","Survivor","Defend_G","Defend_G","Strike_G","Finisher","Leg Sweep","HandOfGreed","Dagger Throw","Tools of the Trade","ReplayTheSpireMod:From All Sides","Poisoned Stab","Flechettes+1","Blade Dance","Backflip","Draining Mist+1","Neutralize","Dodge and Roll","Hidden Blade+1","Venomology"],"score":1762,"play_id":"d845a932-676a-4c4d-b515-a140b3b3360b","local_time":"20210114070520","is_ascension_mode":true,"campfire_choices":[{"floor":13.0,"key":"RECALL"},{"data":"After Image","floor":15.0,"key":"SMITH"},{"data":"RitualDagger","floor":30.0,"key":"SMITH"},{"data":"ReplayTheSpireMod:Scrap Shanks","floor":32.0,"key":"SMITH"},{"data":"Expertise","floor":41,"key":"SMITH"},{"data":"Accuracy","floor":42,"key":"SMITH"},{"data":"ReplayTheSpireMod:Scrap Shanks","floor":47,"key":"SMITH"},{"data":"Catalyst","floor":49,"key":"SMITH"},{"data":"ReplayUltimateDefense","floor":52,"key":"SMITH"}],"circlet_count":0,"master_deck":["After Image+1","Catalyst+1","Quick Slash","Expertise+1","Accuracy+1","Adrenaline","Draining Mist+1","Deadly Poison+1","RitualDagger+1","ReplayUltimateDefense+1","Night Terror","Acrobatics+1","Noxious Fumes+1","ReplayTheSpireMod:Necrosis+1","Terror","ReplayTheSpireMod:From All Sides","Acrobatics+1","ReplayTheSpireMod:Shiv Toss+1","Draining Mist+1","ReplayTheSpireMod:Shiv Toss+1","ReplayTheSpireMod:Scrap Shanks+1","Infinite Blades"],"relics":["Ring of the Snake","HandDrill","Singing Bowl","ReplayTheSpireMod:Lightbulb","Snake Skull","Paper Crane","Dream Catcher","Snecko Scales","DollysMirror","Calipers","Bronze Scales","Question Card","Blue Doll","Replay:Ringing Soul","Strange Spoon","StrikeDummy","Pantograph","Bag of Preparation","White Beast Statue","Painkiller Herb","ClockworkSouvenir","WingedGreaves","Torii","Replay:Bandana","Pet Ghost","Orichalcum","Bottled Lightning","Replay:PocketPolymizer","OrangePellets","Lantern","Divine Protection","Mirror"],"acts_visited":["Exordium","TheCity","TheBeyond","TheEnding"],"potions_floor_usage":[33,33,36,45,50,55,55,55,55],"damage_taken":[{"damage":0.0,"enemies":"Small Slimes","floor":1.0,"turns":4.0},{"damage":0.0,"enemies":"Cultist","floor":4.0,"turns":2.0},{"damage":0.0,"enemies":"Lagavulin","floor":6.0,"turns":2.0},{"damage":0.0,"enemies":"Jaw Worm","floor":7.0,"turns":1.0},{"damage":0.0,"enemies":"3 Sentries","floor":8.0,"turns":3.0},{"damage":0.0,"enemies":"Lagavulin","floor":11.0,"turns":2.0},{"damage":0.0,"enemies":"3 Louse","floor":12.0,"turns":1.0},{"damage":0.0,"enemies":"Exordium Thugs","floor":14.0,"turns":2.0},{"damage":0.0,"enemies":"Slime Boss","floor":16.0,"turns":2.0},{"damage":0.0,"enemies":"Chosen","floor":18.0,"turns":2.0},{"damage":0.0,"enemies":"Shell Parasite","floor":19.0,"turns":1.0},{"damage":0.0,"enemies":"Snake Plant","floor":21.0,"turns":1.0},{"damage":0.0,"enemies":"Gremlin Leader","floor":23.0,"turns":2.0},{"damage":22.0,"enemies":"Slavers","floor":25.0,"turns":3.0},{"damage":0.0,"enemies":"Shelled Parasite and Fungi","floor":28.0,"turns":2.0},{"damage":0.0,"enemies":"Book of Stabbing","floor":29.0,"turns":2.0},{"damage":0.0,"enemies":"Replay:Snechameleon","floor":31.0,"turns":1.0},{"damage":5,"enemies":"Pondfish","floor":33,"turns":4},{"damage":14,"enemies":"3 Darklings","floor":35,"turns":3},{"damage":12,"enemies":"3 Shapes","floor":36,"turns":2},{"damage":0,"enemies":"Jaw Worm Horde","floor":37,"turns":3},{"damage":0,"enemies":"R_Hoarder","floor":40,"turns":3},{"damage":0,"enemies":"Giant Head","floor":44,"turns":1},{"damage":0,"enemies":"Nemesis","floor":45,"turns":3},{"damage":0,"enemies":"2 Orb Walkers","floor":46,"turns":2},{"damage":0,"enemies":"Transient","floor":48,"turns":3},{"damage":0,"enemies":"Replay:Hell Engine","floor":50,"turns":1},{"damage":0,"enemies":"Shield and Spear","floor":54,"turns":2},{"damage":0,"enemies":"The Heart","floor":55,"turns":3}],"seed_played":"976025930587973741","potions_obtained":[{"floor":1.0,"key":"Ancient Potion"},{"floor":6.0,"key":"Dexterity Potion"},{"floor":7.0,"key":"BlessingOfTheForge"},{"floor":8.0,"key":"Explosive Potion"},{"floor":11.0,"key":"Block Potion"},{"floor":11.0,"key":"FairyPotion"},{"floor":12.0,"key":"Flashbang"},{"floor":14.0,"key":"SpeedPotion"},{"floor":16.0,"key":"AttackPotion"},{"floor":18.0,"key":"Weak Potion"},{"floor":21.0,"key":"Adrenaline Potion"},{"floor":21.0,"key":"LiquidBronze"},{"floor":23.0,"key":"Poison Potion"},{"floor":23.0,"key":"Weak Potion"},{"floor":28.0,"key":"Adrenaline Potion"},{"floor":33,"key":"Toxic Potion"},{"floor":33,"key":"LiquidMemories"},{"floor":35,"key":"DistilledChaos"},{"floor":36,"key":"Swift Potion"},{"floor":40,"key":"SteroidPotion"},{"floor":44,"key":"SkillPotion"},{"floor":45,"key":"BlessingOfTheForge"},{"floor":48,"key":"Doom Potion"},{"floor":54,"key":"EntropicBrew"}],"is_trial":false,"path_per_floor":["M","$","?","M","?","E","M","E","T","?","E","M","R","M","R","B",null,"M","M","$","M","?","E","?","E","T","$","M","E","R","E","R","B",null,"?","?","?","T","?","E","T","T","T","E","E","?","T","?","T","B",null,"T","T","E","B",null],"character_chosen":"THE_SILENT","items_purchased":["HandDrill","Singing Bowl","ReplayTheSpireMod:Lightbulb","Catalyst","Deflect","Finisher","Dagger Throw","Explosive Potion","LiquidMemories","HandOfGreed","DollysMirror","Calipers","Bronze Scales","ReplayTheSpireMod:Scrap Shanks","Strange Spoon","StrikeDummy","Pantograph","Poisoned Stab","ReplayTheSpireMod:From All Sides","ReplayUltimateDefense","ClockworkSouvenir","WingedGreaves","Torii","ReplayTheSpireMod:Necrosis+1","Terror","ReplayTheSpireMod:From All Sides","OrangePellets","Lantern","Divine Protection","Infinite Blades","Dexterity Potion"],"campfire_rested":0,"item_purchase_floors":[2,2,2,2,2,2,2,2,2,2,20,20,20,20,27,27,27,27,27,27,38,38,38,38,38,38,53,53,53,53,53],"current_hp_per_floor":[70,70,70,70,59,59,59,61,61,61,61,61,61,61,61,61,72,74,74,74,74,68,70,70,48,48,51,54,57,57,59,59,82,90,79,70,72,75,53,56,56,56,56,58,61,64,67,69,72,97,123,126,129,131,131],"gold":1422,"neow_bonus":"ONE_RANDOM_RARE_CARD","is_daily":false,"chose_seed":false,"campfire_upgraded":8,"win_rate":0.0,"timestamp":1610579120,"path_taken":["M","$","?","?","?","E","M","E","T","?","E","?","R","M","R","BOSS","M","M","$","M","?","E","?","E","T","?","M","E","R","E","R","BOSS","?","?","?","T","?","E","T","T","T","E","E","?","T","?","T","BOSS","T","T","E","BOSS"],"items_purchased_type":["Relic","Relic","Relic","Card","Card","Card","Card","Potion","Potion","Card","Relic","Relic","Relic","Card","Relic","Relic","Relic","Card","Card","Card","Relic","Relic","Relic","Card","Card","Card","Relic","Relic","Relic","Card","Potion"],"build_version":"2020-12-22","purchased_purges":26,"victory":true,"max_hp_per_floor":[70,70,70,70,70,70,70,72,72,72,72,72,72,72,72,72,72,74,74,74,74,74,76,76,76,76,79,82,85,85,87,87,90,90,93,96,98,101,104,107,107,107,107,109,112,115,118,120,123,123,123,126,129,131,131],"card_choices":[{"not_picked":["Underhanded Strike","Bane"],"picked":"Draining Mist","floor":1.0},{"not_picked":["Prepared","After Image"],"picked":"Quick Slash","floor":4.0},{"not_picked":["Prepared","Flying Knee"],"picked":"Expertise","floor":6.0},{"not_picked":["Dodge and Roll","Flying Knee"],"picked":"Accuracy","floor":7.0},{"not_picked":["Dagger Spray","Dagger Throw","Accuracy"],"picked":"Singing Bowl","floor":8.0},{"not_picked":["Dagger Spray","Endless Agony"],"picked":"Adrenaline","floor":11.0},{"not_picked":["Deflect","Underhanded Strike"],"picked":"Backflip","floor":12.0},{"not_picked":["Distraction","Escape Plan"],"picked":"Leg Sweep","floor":14.0},{"not_picked":["Venomology","Malaise"],"picked":"Tools of the Trade","floor":16.0},{"not_picked":["Leg Sweep","Dagger Spray+1","PiercingWail"],"picked":"Singing Bowl","floor":18.0},{"not_picked":["Acrobatics","Die Die Die"],"picked":"Deadly Poison","floor":19.0},{"not_picked":["Flechettes+1","Underhanded Strike+1"],"picked":"Deadly Poison+1","floor":21.0},{"not_picked":["Prepared","Heel Hook+1","Slice+1"],"picked":"Singing Bowl","floor":23.0},{"not_picked":["Quick Slash","Flying Knee+1","Underhanded Strike"],"picked":"Flechettes+1","floor":25.0},{"not_picked":["ReplayTheSpireMod:Speed Training+1","Slice","Distraction"],"picked":"Hidden Blade+1","floor":28.0},{"not_picked":["Predator","Dodge and Roll+1","Endless Agony"],"picked":"Blade Dance","floor":29.0},{"not_picked":["Dodge and Roll","Cloak And Dagger","Escape Plan","Bane"],"picked":"Singing Bowl","floor":31.0},{"not_picked":["Die Die Die","Phantasmal Killer","ReplayTheSpireMod:Necrosis"],"picked":"Night Terror","floor":33},{"not_picked":["Poisoned Stab","Bane+1","Outmaneuver"],"picked":"Acrobatics+1","floor":35},{"not_picked":["Wraith Form v2","Dagger Throw","Deadly Poison"],"picked":"Noxious Fumes+1","floor":36},{"not_picked":["All Out Attack","ReplayTheSpireMod:The Works","Outmaneuver","Dagger Throw"],"picked":"Singing Bowl","floor":37},{"not_picked":["Blur","Endless Agony","Cloak And Dagger"],"picked":"Acrobatics+1","floor":39},{"not_picked":["Well Laid Plans","Noxious Fumes","ReplayTheSpireMod:Tripwire+1"],"picked":"ReplayTheSpireMod:Shiv Toss+1","floor":40},{"not_picked":["Quick Slash","Replay:Poison Smokescreen+1","Expertise","Die Die Die"],"picked":"Singing Bowl","floor":44},{"not_picked":["Burst","Underhanded Strike","Bouncing Flask"],"picked":"Draining Mist+1","floor":45},{"not_picked":["Flying Knee","PiercingWail","Dagger Spray"],"picked":"ReplayTheSpireMod:Shiv Toss+1","floor":46},{"not_picked":["Acrobatics+1","Dagger Throw","Prepared+1","ReplayTheSpireMod:Scrap Shanks"],"picked":"Singing Bowl","floor":48},{"not_picked":["Hidden Blade","Outmaneuver","Prepared","Cloak And Dagger+1"],"picked":"Singing Bowl","floor":54}],"player_experience":102275,"relics_obtained":[{"floor":6.0,"key":"Snake Skull"},{"floor":8.0,"key":"Paper Crane"},{"floor":11.0,"key":"Dream Catcher"},{"floor":23.0,"key":"Question Card"},{"floor":25.0,"key":"Blue Doll"},{"floor":26.0,"key":"Replay:Ringing Soul"},{"floor":29.0,"key":"Bag of Preparation"},{"floor":31.0,"key":"White Beast Statue"},{"floor":40,"key":"Replay:Bandana"},{"floor":43,"key":"Pet Ghost"},{"floor":44,"key":"Orichalcum"},{"floor":45,"key":"Bottled Lightning"},{"floor":46,"key":"Replay:PocketPolymizer"},{"floor":54,"key":"Mirror"}],"event_choices":[{"damage_healed":0.0,"max_hp_gain":0.0,"max_hp_loss":0.0,"gold_gain":0.0,"event_name":"The Woman in Blue","player_choice":"Bought 0 Potions","floor":3.0,"gold_loss":0.0,"damage_taken":0.0},{"damage_healed":0.0,"max_hp_gain":0.0,"max_hp_loss":0.0,"gold_gain":75.0,"event_name":"World of Goop","player_choice":"Gather Gold","floor":5.0,"gold_loss":0.0,"damage_taken":11.0},{"damage_healed":0.0,"max_hp_gain":0.0,"max_hp_loss":0.0,"gold_gain":0.0,"event_name":"Accursed Blacksmith","player_choice":"Forge","floor":10.0,"gold_loss":0.0,"damage_taken":0.0,"cards_upgraded":["Draining Mist"]},{"damage_healed":0.0,"max_hp_gain":0.0,"max_hp_loss":0.0,"gold_gain":0.0,"event_name":"Nest","player_choice":"Joined the Cult","floor":22.0,"gold_loss":0.0,"damage_taken":6.0,"cards_obtained":["RitualDagger"]},{"damage_healed":0.0,"max_hp_gain":0.0,"max_hp_loss":0.0,"gold_gain":0.0,"event_name":"Ghosts","player_choice":"Ignored","floor":24.0,"gold_loss":0.0,"damage_taken":0.0},{"damage_healed":0,"gold_gain":0,"player_choice":"Fight","damage_taken":0,"max_hp_gain":0,"max_hp_loss":0,"event_name":"Mysterious Sphere","floor":46,"gold_loss":0}],"is_beta":false,"boss_relics":[{"not_picked":["Coffee Dripper","ChewingGum"],"picked":"Snecko Scales"},{"not_picked":["Sozu","Cursed Key"],"picked":"Painkiller Herb"}],"items_purged_floors":[2,2,2,2,2,2,2,27,27,27,27,27,27,38,38,38,38,38,38,38,38,38,38,53,53,53],"is_endless":false,"potions_floor_spawned":[1,4,6,6,6,7,7,8,11,11,12,14,14,16,18,19,21,21,23,23,25,28,28,31,31,33,33,33,35,35,35,36,36,36,37,37,37,40,40,44,44,44,44,45,45,45,46,48,48,48,54,54,54,54],"ascension_level":3}}