{"host":"3x36qx7z3zqcvkt0","time":1610538092,"event":{"mods":["Act Like it!","Arknights The Spire","BaseMod","Colored Map","Colored Powertips","Downfall","Friendly Minions","Gensokyo","Koishi","LagranYue(拉格朗・月)","Marisa（F雨　魔理沙）","Minty Spire (QoL Compilation)","Prisma Mod","Replay The Spire","Shop Mod","StSLib","The Cursed","The Servant 0.9.4","Yuyuko","【功能Mod】聪明的最终Boss"],"gold_per_floor":[119,138,138,155,172,199,199,199,199],"floor_reached":8,"language":"ZHS","playtime":1721,"items_purged":[],"score":58,"play_id":"8c41843b-2501-4a27-9f94-ae8f37baa969","local_time":"20210113194132","is_ascension_mode":false,"campfire_choices":[],"circlet_count":0,"master_deck":["ats:Strike C","ats:Strike G","ats:Strike S","ats:Strike V","ats:Armor Crushing Shot","ats:Defend","ats:Defend","ats:Defend","ats:Defend","ats:Emotion Absorption","ats:Charging Defense","ats:Cat Scratch","ats:Thorns","ats:Beaten Up","ats:Calcification"],"relics":["ats:Sanity","LagranYue:RandomDrawCardRelic","NeowsBlessing","ats:Originium","Eternal Feather"],"acts_visited":["Exordium"],"potions_floor_usage":[6,6],"damage_taken":[{"damage":0,"enemies":"Cultist","floor":1,"turns":1},{"damage":0,"enemies":"2 Louse","floor":2,"turns":1},{"damage":0,"enemies":"Small Slimes","floor":4,"turns":1},{"damage":16,"enemies":"3 Louse","floor":5,"turns":4},{"damage":31,"enemies":"Lagavulin","floor":6,"turns":10},{"damage":32,"enemies":"3 Sentries","floor":8,"turns":5}],"seed_played":"4956845847322922997","potions_obtained":[{"floor":2,"key":"Dexterity Potion"},{"floor":4,"key":"ColorlessPotion"},{"floor":5,"key":"SpeedPotion"}],"is_trial":false,"path_per_floor":["M","M","?","M","M","E","?","E"],"character_chosen":"DOCTOR_CLASS","items_purchased":[],"campfire_rested":0,"item_purchase_floors":[],"current_hp_per_floor":[72,72,72,72,56,25,25,0,0],"gold":199,"neow_bonus":"THREE_ENEMY_KILL","is_daily":false,"chose_seed":false,"campfire_upgraded":0,"win_rate":0.0,"timestamp":1610538092,"path_taken":["M","?","?","?","M","E","?","E"],"items_purchased_type":[],"build_version":"2020-12-22","purchased_purges":0,"victory":false,"max_hp_per_floor":[72,72,72,72,72,72,72,72,72],"card_choices":[{"not_picked":["ats:Revitalization","ats:Spore Proliferation"],"picked":"ats:Charging Defense","floor":1},{"not_picked":["ats:Ignite","ats:Revitalization"],"picked":"ats:Cat Scratch","floor":2},{"not_picked":["ats:Consecutive Shot Auto","ats:Curse Doll"],"picked":"ats:Thorns","floor":4},{"not_picked":["ats:Assault Order","ats:Part Time Job"],"picked":"ats:Beaten Up","floor":5},{"not_picked":["ats:Thermite Blade","ats:Counter Healing Mode"],"picked":"ats:Calcification","floor":6}],"player_experience":262861,"relics_obtained":[{"floor":6,"key":"ats:Originium"},{"floor":6,"key":"Eternal Feather"}],"event_choices":[{"damage_healed":0,"gold_gain":0,"player_choice":"Ignored","damage_taken":0,"max_hp_gain":0,"max_hp_loss":0,"event_name":"NoteForYourself","floor":3,"gold_loss":0}],"is_beta":false,"boss_relics":[],"items_purged_floors":[],"is_endless":false,"potions_floor_spawned":[2,4,5],"killed_by":"3 Sentries","ascension_level":0}}