{"host":"i0avyit1s6jb1siw","time":1610557352,"event":{"mods":["BaseMod","DeckTracker","Dota2Spire","Highlight Path","Minty Spire (QoL Compilation)","Quick Restart","StSLib","SuperFastMode"],"gold_per_floor":[110,35,35,56,56,56,74,74,74,94,132,148,186,204,204,300,300,319,244,267,141,141,141],"floor_reached":22,"language":"ENG","playtime":418,"items_purged":["Strike_P","Strike_P"],"score":392,"play_id":"4adf6074-7f4e-4069-af68-e3de1ce117e0","local_time":"20210113180232","is_ascension_mode":true,"campfire_choices":[{"data":"Judgement","floor":6,"key":"SMITH"},{"data":"EmptyFist","floor":8,"key":"SMITH"},{"floor":15,"key":"REST"}],"circlet_count":0,"master_deck":["AscendersBane","Strike_P+1","Strike_P","Defend_P","Defend_P","Defend_P","Eruption+1","Vigilance","Judgement+1","EmptyFist+1","Study","SandsOfTime","MasterReality","CrushJoints","TalkToTheHand","LessonLearned","Prostrate","Tantrum","InnerPeace","Prostrate"],"relics":["PureWater","Golden Idol","Dota2Spire:Satanic","Prayer Wheel","Dota2Spire:AghanimScepter","Dota2Spire:RefresherOrb"],"acts_visited":["Exordium","TheCity"],"potions_floor_usage":[],"damage_taken":[{"damage":0,"enemies":"Cultist","floor":1,"turns":3},{"damage":2,"enemies":"2 Louse","floor":4,"turns":3},{"damage":0,"enemies":"Small Slimes","floor":7,"turns":2},{"damage":0,"enemies":"Exordium Wildlife","floor":10,"turns":2},{"damage":12,"enemies":"3 Sentries","floor":11,"turns":6},{"damage":0,"enemies":"3 Louse","floor":12,"turns":1},{"damage":15,"enemies":"Lagavulin","floor":13,"turns":5},{"damage":7,"enemies":"Exordium Thugs","floor":14,"turns":2},{"damage":16,"enemies":"The Guardian","floor":16,"turns":8},{"damage":30,"enemies":"Shell Parasite","floor":18,"turns":4},{"damage":17,"enemies":"2 Thieves","floor":20,"turns":4},{"damage":6,"enemies":"Snake Plant","floor":22,"turns":1}],"seed_played":"7529391802575011505","potions_obtained":[{"floor":10,"key":"CultistPotion"},{"floor":12,"key":"AttackPotion"},{"floor":14,"key":"DuplicationPotion"}],"is_trial":false,"path_per_floor":["M","?","?","M","?","R","M","R","T","M","E","M","E","M","R","B",null,"M","$","M","$","M"],"character_chosen":"WATCHER","items_purchased":["Prostrate"],"campfire_rested":1,"item_purchase_floors":[21],"current_hp_per_floor":[43,43,43,41,41,41,41,41,41,41,29,29,14,7,25,9,49,19,19,2,2,0,0],"gold":141,"neow_bonus":"THREE_RARE_CARDS","is_daily":false,"chose_seed":false,"campfire_upgraded":2,"win_rate":0.0,"timestamp":1610557352,"path_taken":["M","?","?","M","?","R","M","R","T","M","E","M","E","M","R","BOSS","M","$","M","$","M"],"items_purchased_type":["Card"],"build_version":"2020-12-22","purchased_purges":2,"victory":false,"max_hp_per_floor":[68,68,62,62,62,62,62,62,62,62,62,62,62,62,62,62,62,62,62,62,62,62,62],"card_choices":[{"not_picked":["ConjureBlade","Omniscience"],"picked":"Judgement","floor":0},{"not_picked":["Prostrate","FlurryOfBlows","Evaluate"],"picked":"SKIP","floor":1},{"not_picked":["Halt","EmptyMind"],"picked":"EmptyFist","floor":4},{"not_picked":["EmptyBody","Crescendo","JustLucky"],"picked":"SKIP","floor":7},{"not_picked":["Prostrate","FlurryOfBlows"],"picked":"Study","floor":10},{"not_picked":["Collect","Study"],"picked":"SandsOfTime","floor":11},{"not_picked":["JustLucky","Halt"],"picked":"MasterReality","floor":12},{"not_picked":["SandsOfTime","Study"],"picked":"CrushJoints","floor":12},{"not_picked":["Consecrate","CrushJoints"],"picked":"TalkToTheHand","floor":13},{"not_picked":["EmptyBody","Meditate","ForeignInfluence"],"picked":"SKIP","floor":14},{"not_picked":["PathToVictory","Halt","Fasting2"],"picked":"SKIP","floor":14},{"not_picked":["SpiritShield","Blasphemy"],"picked":"LessonLearned","floor":16},{"not_picked":["SandsOfTime","Pray"],"picked":"Prostrate","floor":18},{"not_picked":["SignatureMove+1","EmptyBody","SandsOfTime"],"picked":"SKIP","floor":18},{"not_picked":["BattleHymn","Halt"],"picked":"Tantrum","floor":20},{"not_picked":["FollowUp","ClearTheMind+1"],"picked":"InnerPeace","floor":20}],"player_experience":2227280,"relics_obtained":[{"floor":9,"key":"Dota2Spire:Satanic"},{"floor":11,"key":"Prayer Wheel"},{"floor":13,"key":"Dota2Spire:AghanimScepter"}],"event_choices":[{"cards_removed":["Defend_P"],"damage_healed":0,"gold_gain":0,"player_choice":"Card Removal","damage_taken":0,"max_hp_gain":0,"max_hp_loss":0,"event_name":"The Cleric","floor":2,"gold_loss":75},{"damage_healed":0,"gold_gain":0,"player_choice":"Lose Max HP","damage_taken":0,"relics_obtained":["Golden Idol"],"max_hp_gain":0,"max_hp_loss":6,"event_name":"Golden Idol","floor":3,"gold_loss":0},{"damage_healed":0,"gold_gain":0,"player_choice":"Grow","damage_taken":0,"max_hp_gain":0,"max_hp_loss":0,"event_name":"Living Wall","floor":5,"gold_loss":0,"cards_upgraded":["Eruption"]}],"is_beta":false,"boss_relics":[{"not_picked":["Astrolabe","VioletLotus"],"picked":"Dota2Spire:RefresherOrb"}],"items_purged_floors":[19,21],"is_endless":false,"potions_floor_spawned":[10,12,14,16,20],"killed_by":"Snake Plant","ascension_level":20}}