{"host":"eemx8njkng76fu5x","time":1610579452,"event":{"mods":["2.2 Compatiblity","BaseMod","Downfall","Minty Spire (QoL Compilation)","Permanent Neow","StSLib","Unceasing Turn Reminder","Unknown Chances"],"gold_per_floor":[99,114,132,143,143,154,154,154,79,64,84,69,69,102,122,199,199,199,214,214,214,214],"floor_reached":20,"language":"ENG","playtime":1056,"items_purged":[],"score":331,"play_id":"45fbfe26-fdca-4449-88f4-c26d30581220","local_time":"20210114071052","is_ascension_mode":true,"campfire_choices":[{"floor":1.0,"key":"RECALL"},{"data":"Slimebound:SamplingLick","floor":9.0,"key":"SMITH"},{"data":"Slimebound:GrowthPunch","floor":13.0,"key":"SMITH"},{"data":"Slimebound:RollThrough","floor":18,"key":"SMITH"}],"circlet_count":0,"master_deck":["AscendersBane","Slimebound:Strike_Slimebound","Slimebound:Strike_Slimebound","Slimebound:Defend_Slimebound","Slimebound:Defend_Slimebound","Slimebound:Defend_Slimebound","Slimebound:Split","Slimebound:CorrosiveSpit+1","Slimebound:SamplingLick+1","Slimebound:RollThrough+1","Slimebound:GrowthPunch+1","Slimebound:Nibble","Slimebound:FinishingTackle","Slimebound:SlimeSpikes","Slimebound:Dissolve","Slimebound:OozeBath","Slimebound:DuplicatedForm+1","Slimebound:DivideAndConquer+1","Slimebound:Recycling+1"],"relics":["Slimebound:AbsorbEndCombat","Slimebound:MaxSlimesRelic","Juzu Bracelet","downfall:HeartBlessingRed","WingedGreaves","Astrolabe"],"acts_visited":["Exordium","TheCity"],"potions_floor_usage":[16],"damage_taken":[{"damage":16.0,"enemies":"Jaw Worm","floor":2.0,"turns":4.0},{"damage":8.0,"enemies":"2 Louse","floor":3.0,"turns":3.0},{"damage":10.0,"enemies":"Cultist","floor":4.0,"turns":4.0},{"damage":25.0,"enemies":"Exordium Wildlife","floor":6.0,"turns":7.0},{"damage":12.0,"enemies":"downfall:FleeingMerchant","floor":10.0,"turns":4.0},{"damage":11.0,"enemies":"Large Slime","floor":11.0,"turns":4.0},{"damage":8.0,"enemies":"downfall:FleeingMerchant","floor":12.0,"turns":4.0},{"damage":25.0,"enemies":"Lagavulin","floor":14.0,"turns":6.0},{"damage":15.0,"enemies":"Exordium Thugs","floor":15.0,"turns":3.0},{"damage":18,"enemies":"downfall:Watcher","floor":16,"turns":12},{"damage":29,"enemies":"Shell Parasite","floor":19,"turns":5},{"damage":57,"enemies":"downfall:Defect","floor":20,"turns":6}],"seed_played":"2613859379752913199","potions_obtained":[{"floor":2.0,"key":"PowerPotion"},{"floor":3.0,"key":"ColorlessPotion"},{"floor":15.0,"key":"EssenceOfSteel"},{"floor":16,"key":"Slimebound:SlimedPotion"}],"is_trial":false,"path_per_floor":["R","M","M","M","?","M","T","?","R","$","M","$","R","E","M","B",null,"R","M","?"],"character_chosen":"SLIMEBOUND","items_purchased":[],"campfire_rested":0,"item_purchase_floors":[],"current_hp_per_floor":[49,41,45,45,45,30,30,12,12,24,31,41,41,42,43,54,54,54,43,0,0,0],"gold":214,"neow_bonus":"UPGRADE_CARD","is_daily":false,"chose_seed":false,"campfire_upgraded":3,"win_rate":0.0,"timestamp":1610579452,"path_taken":["R","M","M","M","?","M","T","?","R","?","M","$","R","E","M","BOSS","R","M","?"],"items_purchased_type":[],"build_version":"2020-12-22","purchased_purges":0,"victory":false,"max_hp_per_floor":[54,54,54,54,54,54,54,54,54,54,54,54,54,54,54,54,54,54,54,54,54,54],"card_choices":[{"not_picked":["Slimebound:Prepare","Slimebound:LeechEnergy"],"picked":"Slimebound:SamplingLick","floor":2.0},{"not_picked":["Slimebound:FlameTackle","Slimebound:LeechEnergy"],"picked":"Slimebound:RollThrough","floor":3.0},{"not_picked":["Slimebound:SlimeSlap","Slimebound:HungryTackle"],"picked":"Slimebound:GrowthPunch","floor":4.0},{"not_picked":["Slimebound:SplitLeeching","Slimebound:ViciousTackle"],"picked":"Slimebound:Nibble","floor":6.0},{"not_picked":["Slimebound:RollThrough","Slimebound:ServeAndProtect"],"picked":"Slimebound:FinishingTackle","floor":10.0},{"not_picked":["Slimebound:SelfFormingGoo","Slimebound:Equalize"],"picked":"Slimebound:SlimeSpikes","floor":11.0},{"not_picked":["Slimebound:ViciousTackle","Slimebound:FinishingTackle"],"picked":"Slimebound:Dissolve","floor":12.0},{"not_picked":["Slimebound:ServeAndProtect","Slimebound:RollThrough","Slimebound:Prepare"],"picked":"SKIP","floor":14.0},{"not_picked":["Slimebound:GoopSpray","Slimebound:LeechingTouch","Slimebound:Nibble"],"picked":"SKIP","floor":15.0},{"not_picked":["Slimebound:SlimeSlap","Slimebound:WasteNot"],"picked":"Slimebound:OozeBath","floor":16},{"not_picked":["Slimebound:ItLooksTasty","Slimebound:RollThrough","Slimebound:Schlurp"],"picked":"SKIP","floor":19}],"player_experience":481086,"relics_obtained":[{"floor":7.0,"key":"Slimebound:MaxSlimesRelic"},{"floor":14.0,"key":"WingedGreaves"}],"event_choices":[{"damage_healed":0.0,"max_hp_gain":0.0,"max_hp_loss":0.0,"gold_gain":0.0,"event_name":"Scrap Ooze","player_choice":"Success","floor":8.0,"gold_loss":0.0,"damage_taken":18.0,"relics_obtained":["Juzu Bracelet"]}],"is_beta":false,"boss_relics":[{"not_picked":["Pandora\u0027s Box","Black Star"],"picked":"Astrolabe"}],"items_purged_floors":[],"is_endless":false,"potions_floor_spawned":[2,3,6,15,16,19],"killed_by":"downfall:Defect","ascension_level":18}}