{"host":"c5slkkw8hp42e20v","time":1610516857,"event":{"mods":["AchievementEnabler","BaseMod","Better Note","BetterRewards","Colored Powertips","DeckTracker","Friendly Minions","GifTheSpireLib","Hermit","Highlight Path","Minty Spire (QoL Compilation)","Quick Restart","Rare Cards Sparkle","Replay The Spire","Spicy Shops","StSLib","The Animator","The Hierophant","The Poker Player","????"],"gold_per_floor":[117,135,310,260,260,14,57,136,136,136,179,199,48,63,63,183,183,208,221,246,246,265,265,308,308,308],"floor_reached":25,"language":"ENG","playtime":1937,"items_purged":[],"score":243,"play_id":"24d01cbb-1cb9-4fd3-bfe5-c22d3e12b596","local_time":"20210112234737","is_ascension_mode":true,"campfire_choices":[{"floor":15,"key":"RECALL"},{"floor":23,"key":"REST"}],"circlet_count":0,"master_deck":["Strike_R","Strike_R","Strike_R","Strike_R","Strike_R","Defend_R","Defend_R","Defend_R","Defend_R","Bash","Heavy Blade","Headbutt","Injury","Bludgeon+1","Cleave","Shrug It Off","Spot Weakness+1","ReplayTheSpireMod:LeadingStrike","Feed","Heavy Blade","Combust","Body Slam+1","Body Slam","Havoc+1","Shrug It Off+1"],"relics":["Burning Blood","Bag of Marbles","Golden Idol","Mercury Hourglass","Strawberry","Darkstone Periapt","HornCleat","Replay:WaspNest","Guide Book","SlaversCollar","ReplayTheSpireMod:Spearhead"],"acts_visited":["Exordium","TheCity"],"potions_floor_usage":[],"damage_taken":[{"damage":2,"enemies":"2 Louse","floor":1,"turns":2},{"damage":3,"enemies":"Jaw Worm","floor":2,"turns":4},{"damage":19,"enemies":"Gremlin Nob","floor":7,"turns":4},{"damage":6,"enemies":"Gremlin Nob","floor":8,"turns":3},{"damage":9,"enemies":"3 Sentries","floor":11,"turns":4},{"damage":0,"enemies":"Small Slimes","floor":12,"turns":1},{"damage":7,"enemies":"3 Louse","floor":14,"turns":2},{"damage":46,"enemies":"Fading Forest","floor":16,"turns":11},{"damage":8,"enemies":"3 Byrds","floor":18,"turns":3},{"damage":21,"enemies":"Chosen","floor":19,"turns":4},{"damage":16,"enemies":"Snecko","floor":20,"turns":4},{"damage":41,"enemies":"Centurion and Healer","floor":22,"turns":5},{"damage":37,"enemies":"Gremlin Leader","floor":24,"turns":5},{"damage":29,"enemies":"Cultist and Chosen","floor":25,"turns":5}],"seed_played":"-3039889231797455910","potions_obtained":[{"floor":1,"key":"Venom Potion"},{"floor":2,"key":"GamblersBrew"},{"floor":11,"key":"Energy Potion"},{"floor":19,"key":"BlessingOfTheForge"}],"is_trial":false,"path_per_floor":["M","M","?","?","?","R","E","?","T","T","E","M","R","M","R","B",null,"M","M","M","?","M","R","E","M"],"character_chosen":"IRONCLAD","items_purchased":["Mercury Hourglass","Guide Book"],"campfire_rested":1,"item_purchase_floors":[6,13],"current_hp_per_floor":[80,80,80,80,80,80,74,74,74,74,71,77,77,76,76,46,87,85,70,60,60,25,51,20,0,0],"gold":308,"neow_bonus":"RANDOM_COMMON_RELIC","is_daily":false,"chose_seed":false,"campfire_upgraded":0,"win_rate":0.0,"timestamp":1610516857,"path_taken":["M","M","?","?","?","R","E","?","T","?","E","M","R","M","R","BOSS","M","M","M","?","M","R","E","M"],"items_purchased_type":["Relic","Relic"],"build_version":"2020-12-22","purchased_purges":0,"victory":false,"max_hp_per_floor":[80,80,80,80,80,80,87,87,87,87,87,87,87,87,87,87,87,87,87,87,87,87,87,87,87,87],"card_choices":[{"not_picked":["Sever Soul","Clash"],"picked":"Heavy Blade","floor":1},{"not_picked":["True Grit","Evolve"],"picked":"Headbutt","floor":2},{"not_picked":["Clothesline","Headbutt"],"picked":"Bludgeon","floor":7},{"not_picked":["Anger","True Grit"],"picked":"Cleave","floor":8},{"not_picked":["Pummel","Dropkick"],"picked":"Shrug It Off","floor":11},{"not_picked":["ReplayTheSpireMod:Limb From Limb","Flex"],"picked":"Spot Weakness","floor":12},{"not_picked":["Anger","Body Slam"],"picked":"ReplayTheSpireMod:LeadingStrike","floor":14},{"not_picked":["Immolate","Corruption"],"picked":"Feed","floor":16},{"not_picked":["Havoc","Shrug It Off"],"picked":"Heavy Blade","floor":18},{"not_picked":["Life Link","Clash"],"picked":"Combust","floor":19},{"not_picked":["Twin Strike","Clash"],"picked":"Body Slam+1","floor":20},{"not_picked":["Abandon","Heavy Blade"],"picked":"Havoc+1","floor":22},{"not_picked":["Immolate","Warcry"],"picked":"Shrug It Off+1","floor":24}],"player_experience":44465,"relics_obtained":[{"floor":7,"key":"Strawberry"},{"floor":8,"key":"Darkstone Periapt"},{"floor":10,"key":"HornCleat"},{"floor":11,"key":"Replay:WaspNest"},{"floor":24,"key":"ReplayTheSpireMod:Spearhead"}],"event_choices":[{"damage_healed":0,"gold_gain":175,"player_choice":"AGREE","damage_taken":0,"max_hp_gain":0,"max_hp_loss":0,"event_name":"Liars Game","floor":3,"gold_loss":0,"cards_obtained":["Doubt"]},{"cards_removed":["Doubt"],"damage_healed":0,"gold_gain":0,"player_choice":"Card Removal","damage_taken":0,"max_hp_gain":0,"max_hp_loss":0,"event_name":"The Cleric","floor":4,"gold_loss":50},{"damage_healed":0,"gold_gain":0,"player_choice":"Take Wound","damage_taken":0,"relics_obtained":["Golden Idol"],"max_hp_gain":0,"max_hp_loss":0,"event_name":"Golden Idol","floor":5,"gold_loss":0,"cards_obtained":["Injury"]},{"damage_healed":0,"gold_gain":0,"player_choice":"Searched \u00271\u0027 times","damage_taken":0,"max_hp_gain":0,"max_hp_loss":0,"event_name":"Dead Adventurer","floor":8,"gold_loss":0},{"damage_healed":0,"gold_gain":0,"player_choice":"Take","damage_taken":0,"max_hp_gain":0,"max_hp_loss":0,"event_name":"betterNote:BetterNote","floor":21,"gold_loss":0,"cards_obtained":["Body Slam"]}],"is_beta":false,"boss_relics":[{"not_picked":["Abe\u0027s Treasure","Cursed Key"],"picked":"SlaversCollar"}],"items_purged_floors":[],"is_endless":false,"potions_floor_spawned":[1,2,11,16,19,20,24],"killed_by":"Cultist and Chosen","ascension_level":1}}