{"host":"0cm5wy4nhuju7tij","time":1610565207,"event":{"mods":["100% Spire Juice","2.2 Compatiblity","AchievementEnabler","Aspiration","BaseMod","Better Third Choice","BetterRewards","CCEM","CapriCore","Chen","Colored Powertips","Curses Come First","Custom Start","Displayed Cursed Tome","Downfall","Energized Spire","Evolution","Filter the Spire","Fireblade Mod","Highlight Path","Jess\u0027s Bottle","Minty Spire (QoL Compilation)","Onozuka Komachi Mod","Permanent Neow","Relic Stats","Shop Mod","Spicy Shops","StSLib","The Caster","The Cursed","The Fake Hero","The Juggle","The Sage","TheFirefly","thorton"],"gold_per_floor":[119,138,150,163,163,163,163],"floor_reached":6,"language":"ENG","playtime":615,"items_purged":[],"score":38,"play_id":"3238be92-a1fd-4574-afc4-f1cac19287ce","local_time":"20210113141327","is_ascension_mode":false,"campfire_choices":[],"circlet_count":0,"master_deck":["Moonworks:Strike","Moonworks:Strike","Moonworks:Strike","Moonworks:Strike","Moonworks:Defend","Moonworks:Defend","Moonworks:Defend","Moonworks:Defend","Moonworks:Ambush","Moonworks:LongDistanceShot","Moonworks:SakisCookie","Moonworks:ImOnFire","Moonworks:SakisCookie","Moonworks:ImOnFire","Moonworks:LulusLuckyEgg"],"relics":["Moonworks:BrokenBomb","Moonworks:Homemark","EVO:Axolotl"],"acts_visited":["Exordium"],"potions_floor_usage":[],"damage_taken":[{"damage":7,"enemies":"Cultist","floor":1,"turns":5},{"damage":1,"enemies":"Jaw Worm","floor":2,"turns":4},{"damage":10,"enemies":"Small Slimes","floor":3,"turns":3},{"damage":40,"enemies":"Gremlin Gang","floor":4,"turns":5},{"damage":44,"enemies":"Gremlin Nob","floor":6,"turns":3}],"seed_played":"1269519506815832464","potions_obtained":[{"floor":3,"key":"sneckomod:MuddlingPotion"},{"floor":4,"key":"Dexterity Potion"}],"is_trial":false,"path_per_floor":["M","M","M","M","?","E"],"character_chosen":"THE_STARBREAKER","items_purchased":[],"campfire_rested":0,"item_purchase_floors":[],"current_hp_per_floor":[53,54,46,8,8,0,0],"gold":163,"neow_bonus":"THREE_CARDS","is_daily":false,"chose_seed":false,"campfire_upgraded":0,"win_rate":0.0,"timestamp":1610565207,"path_taken":["M","?","M","M","?","E"],"items_purchased_type":[],"build_version":"2020-12-22","purchased_purges":0,"victory":false,"max_hp_per_floor":[60,60,60,60,60,60,60],"relic_stats":{"counters":[5,20],"obtain_stats":[{"Moonworks:Homemark":0,"EVO:Axolotl":0,"Moonworks:BrokenBomb":0},{"Moonworks:Homemark":0,"EVO:Axolotl":0,"Moonworks:BrokenBomb":0},{"Moonworks:Homemark":0,"EVO:Axolotl":0,"Moonworks:BrokenBomb":0}]},"card_choices":[{"not_picked":["Moonworks:BigBangBell","Moonworks:ImOnFire"],"picked":"Moonworks:SakisCookie","floor":0},{"not_picked":["Moonworks:Assault","Moonworks:SelfDestruct"],"picked":"Moonworks:ImOnFire","floor":1},{"not_picked":["Moonworks:Assault","Moonworks:NicePresent"],"picked":"Moonworks:SakisCookie","floor":2},{"not_picked":["Moonworks:NicePresent","Moonworks:Heat300Percent"],"picked":"Moonworks:ImOnFire","floor":3},{"not_picked":["Moonworks:Dash","Moonworks:Flamethrower"],"picked":"Moonworks:LulusLuckyEgg","floor":4}],"player_experience":230993,"relics_obtained":[],"event_choices":[{"damage_healed":0,"gold_gain":0,"player_choice":"Ignored","damage_taken":0,"max_hp_gain":0,"max_hp_loss":0,"event_name":"Golden Wing","floor":5,"gold_loss":0}],"is_beta":false,"boss_relics":[],"items_purged_floors":[],"is_endless":false,"potions_floor_spawned":[3,4],"killed_by":"Gremlin Nob","ascension_level":0}}