{"host":"wqsqub3crsxqknzv","time":1610547257,"event":{"mods":["BaseMod","Colored Powertips","Downfall","Minty Spire (QoL Compilation)","StSLib"],"gold_per_floor":[99,110,129,147,247,263,263,263,275,310,325,337,337,39,56,56,56,56],"floor_reached":16,"playtime":769,"items_purged":[],"score":131,"play_id":"5e007adf-a8b4-4a67-a13c-14886683025f","local_time":"20210113161417","is_ascension_mode":false,"campfire_choices":[{"data":"hexamod:Sear","floor":1,"key":"SMITH"},{"floor":8,"key":"REST"},{"data":"hexamod:BurningTouch","floor":13,"key":"SMITH"}],"circlet_count":0,"master_deck":["hexamod:Strike","hexamod:Strike","hexamod:Strike","hexamod:Strike","hexamod:Defend","hexamod:Defend","hexamod:Defend","hexamod:Defend","hexamod:Sear+1","hexamod:Float","Normality","hexamod:Firestarter","hexamod:ThirdSeal","hexamod:ExtraCrispy","hexamod:RadiantFlame","hexamod:SecondSeal","hexamod:FirstSeal","hexamod:BurningTouch+1","hexamod:FifthSeal","hexamod:FourthSeal","hexamod:WildfireWeapon"],"relics":["hexamod:SpiritBrand","White Beast Statue","Bottled Flame","Letter Opener","Incense Burner"],"acts_visited":["Exordium"],"potions_floor_usage":[5,9,10,10,12,12,15,16,16],"damage_taken":[{"damage":0,"enemies":"Cultist","floor":2,"turns":3},{"damage":0,"enemies":"Small Slimes","floor":3,"turns":5},{"damage":0,"enemies":"2 Louse","floor":4,"turns":3},{"damage":37,"enemies":"downfall:LadyInBlue","floor":5,"turns":9},{"damage":18,"enemies":"2 Fungi Beasts","floor":6,"turns":4},{"damage":28,"enemies":"Gremlin Gang","floor":9,"turns":4},{"damage":8,"enemies":"Gremlin Nob","floor":10,"turns":3},{"damage":10,"enemies":"Blue Slaver","floor":11,"turns":4},{"damage":14,"enemies":"Exordium Thugs","floor":12,"turns":4},{"damage":0,"enemies":"downfall:FleeingMerchant","floor":14,"turns":4},{"damage":7,"enemies":"2 Fungi Beasts","floor":15,"turns":5},{"damage":21,"enemies":"downfall:Defect","floor":16,"turns":4}],"seed_played":"-873737905405495850","potions_obtained":[{"floor":4,"key":"GamblersBrew"},{"floor":5,"key":"Ancient Potion"},{"floor":5,"key":"SneckoOil"},{"floor":5,"key":"EssenceOfSteel"},{"floor":9,"key":"ColorlessPotion"},{"floor":10,"key":"Fruit Juice"},{"floor":11,"key":"LiquidMemories"},{"floor":12,"key":"SkillPotion"},{"floor":14,"key":"PowerPotion"},{"floor":15,"key":"Block Potion"}],"is_trial":false,"path_per_floor":["R","M","M","M","?","M","T","R","M","E","M","M","R","$","M","B"],"character_chosen":"THE_SPIRIT","items_purchased":["Incense Burner"],"campfire_rested":1,"item_purchase_floors":[14],"current_hp_per_floor":[84,84,84,84,47,29,29,54,26,18,15,13,13,20,20,0,0,0],"gold":56,"neow_bonus":"TWENTY_PERCENT_HP_BONUS","is_daily":false,"chose_seed":false,"campfire_upgraded":2,"win_rate":0.0,"timestamp":1610547257,"path_taken":["R","M","M","M","?","M","T","R","M","E","?","M","R","$","M","BOSS"],"items_purchased_type":["Relic"],"build_version":"2020-11-29","purchased_purges":0,"victory":false,"max_hp_per_floor":[84,84,84,84,84,84,84,84,84,84,84,89,89,89,89,89,89,89],"card_choices":[{"not_picked":["hexamod:InspiringFlames","hexamod:Hexaguard"],"picked":"hexamod:Firestarter","floor":2},{"not_picked":["hexamod:GhostflameBarrier","hexamod:SpectersWail"],"picked":"hexamod:ThirdSeal","floor":3},{"not_picked":["hexamod:PhantomFireball","hexamod:InspiringFlames"],"picked":"hexamod:ExtraCrispy","floor":4},{"not_picked":["hexamod:SpectersWail","hexamod:PhantomFireball"],"picked":"hexamod:RadiantFlame","floor":5},{"not_picked":["hexamod:ChargedBarrage","hexamod:SpectralAdrenaline"],"picked":"hexamod:SecondSeal","floor":6},{"not_picked":["hexamod:ShieldOfDarkness","hexamod:Hexaguard"],"picked":"hexamod:FirstSeal","floor":9},{"not_picked":["hexamod:InspiringFlames","hexamod:Haunt"],"picked":"hexamod:BurningTouch","floor":9},{"not_picked":["hexamod:BurningTouch","hexamod:NecessarySacrifice"],"picked":"hexamod:FifthSeal","floor":10},{"not_picked":["hexamod:ThermalTransfer","hexamod:HauntingEcho","hexamod:InspiringFlames"],"picked":"SKIP","floor":11},{"not_picked":["hexamod:BacktrackSmack","hexamod:Firestarter","hexamod:InspiringFlames"],"picked":"SKIP","floor":12},{"not_picked":["hexamod:SecondSeal","hexamod:ThirdSeal"],"picked":"hexamod:FourthSeal","floor":14},{"not_picked":["hexamod:GhostLash","hexamod:NightmareGuise"],"picked":"hexamod:WildfireWeapon","floor":14},{"not_picked":["hexamod:Firestarter","hexamod:ThermalTransfer","hexamod:NightmareGuise"],"picked":"SKIP","floor":14},{"not_picked":["hexamod:FourthSeal","hexamod:SecondSeal","hexamod:FirstSeal"],"picked":"SKIP","floor":15},{"not_picked":["hexamod:DynamicBlow","hexamod:AdvancingGuard","hexamod:Hexaguard"],"picked":"SKIP","floor":15}],"player_experience":17987,"relics_obtained":[{"floor":5,"key":"White Beast Statue"},{"floor":7,"key":"Bottled Flame"},{"floor":10,"key":"Letter Opener"}],"event_choices":[],"is_beta":false,"boss_relics":[],"items_purged_floors":[],"is_endless":false,"potions_floor_spawned":[4,6,9,10,11,12,14,15],"killed_by":"downfall:Defect","ascension_level":0}}