{"host":"a8v0czv88scrgx5i","time":1610532994,"event":{"mods":["2.2 Compatiblity","Act Like it!","Arknights The Spire","Aspiration","Astrologer","Bard","BaseMod","Beaked The Cultist","Better Third Choice","BetterRewards","Colored Map","Colored Powertips","Curses Come First","Dota2Spire","Downfall","Friendly Minions","GifTheSpireLib","GungeonMod","Hermit","Hubris","Infinite Spire","Luminous","Marisa????????","Minty Spire (QoL Compilation)","READ ME - Guardian Mod","Rare Cards Sparkle","Relic Sorter","Replay The Spire","Shade Mod","Shop Mod","StSLib","The Animator","The Blackbeard","The Bug Knight","The Construct","The Cursed","The Disciple","The Elementalist","The Hierophant","The Jungle","The Marked","The Mystic","The Necromancer","The Runesmith","The Servant 0.9.4","The Spell Scribe","vexMod"],"gold_per_floor":[368,382,457,71,85,85,110,110,163,173,173,200,222,336,336,437,437,456,456,476,493,510,540,540,540,540,553,553,565,595,595,595,746,746,759,759,734,734,747,747,747],"floor_reached":40,"language":"ENG","playtime":2538,"items_purged":[],"score":461,"play_id":"775c6206-ad40-43b2-9b97-7f90b4845002","local_time":"20210113051634","is_ascension_mode":false,"campfire_choices":[{"floor":6,"key":"REST"},{"data":"ats:Part Time Job","floor":8,"key":"SMITH"},{"data":"ats:Part Time Job","floor":15,"key":"SMITH"},{"data":"ats:Roar Of Ursus","floor":24,"key":"SMITH"},{"data":"ats:Rapid Magazine","floor":28,"key":"SMITH"},{"data":"ats:Healing Strengthening","floor":32,"key":"SMITH"}],"circlet_count":0,"master_deck":["ats:Strike G","ats:Strike S","ats:Strike V","ats:Armor Crushing Shot","ats:Defend","ats:Defend","ats:Defend","ats:Defend","ats:Emotion Absorption","ats:Cat Scratch","ats:Powerful Strike","ats:Thermite Blade","ats:Part Time Job+1","ats:Part Time Job+1","Delirium","ats:Demon Strength","ats:Wolf Pack","ats:Roar Of Ursus+1","ats:Powerful Strike","ats:Calcification","ats:Rapid Magazine+1","ats:Healing Strengthening+1","ats:Charging Defense","ats:Song Of Battle","ats:Echo Reverb+1","Wraith","ats:Support Order"],"relics":["ats:Sanity","DemoMod:PoisonVial","Dota2Spire:LinkenSphere","DemoMod:WhiteGuonStone","ats:Originium","hubris:MobiusCoin","ReplayTheSpireMod:Ring of Exchange","Ring of Hypnosis","Mercury Hourglass","Odd Mushroom","construct:ClawGrip","ats:Hidden Killer","ReplayTheSpireMod:TigerMarble","hubris:Towel","Dota2Spire:Bloodstone"],"acts_visited":["Exordium","TheCity","TheBeyond"],"potions_floor_usage":[7,16,20,21,40,40],"damage_taken":[{"damage":1,"enemies":"Jaw Worm","floor":1,"turns":4},{"damage":4,"enemies":"Cultist","floor":2,"turns":3},{"damage":0,"enemies":"Small Slimes","floor":5,"turns":2},{"damage":20,"enemies":"Lagavulin","floor":7,"turns":6},{"damage":2,"enemies":"3 Louse","floor":10,"turns":9},{"damage":30,"enemies":"3 Sentries","floor":12,"turns":12},{"damage":14,"enemies":"The Mushroom Lair","floor":13,"turns":5},{"damage":2,"enemies":"Lots of Slimes","floor":14,"turns":4},{"damage":18,"enemies":"Fading Forest","floor":16,"turns":11},{"damage":6,"enemies":"3 Byrds","floor":18,"turns":6},{"damage":11,"enemies":"Chosen","floor":20,"turns":5},{"damage":37,"enemies":"Sentry and Sphere","floor":21,"turns":8},{"damage":11,"enemies":"Snecko","floor":22,"turns":6},{"damage":42,"enemies":"Gremlin Leader","floor":23,"turns":10},{"damage":3,"enemies":"3 Cultists","floor":27,"turns":5},{"damage":12,"enemies":"Cultist and Chosen","floor":29,"turns":8},{"damage":27,"enemies":"HollowMod:Nosk","floor":30,"turns":11},{"damage":87,"enemies":"Champ","floor":33,"turns":21},{"damage":4,"enemies":"Orb Walker","floor":35,"turns":4},{"damage":2,"enemies":"3 Shapes","floor":39,"turns":7},{"damage":136,"enemies":"Giant Head","floor":40,"turns":13}],"seed_played":"-7104020434874612870","potions_obtained":[{"floor":2,"key":"ats:Emergency Sanity Potion"},{"floor":14,"key":"ColorlessPotion"},{"floor":16,"key":"AttackPotion"},{"floor":20,"key":"SteroidPotion"},{"floor":22,"key":"SpeedPotion"},{"floor":30,"key":"Explosive Potion"},{"floor":35,"key":"PowerPotion"}],"is_trial":false,"path_per_floor":["M","M","?","$","M","R","E","R","T","M","?","E","?","M","R","B",null,"M","?","M","M","M","E","R","?","T","M","R","M","E","?","R","B",null,"M","?","?","?","M","E"],"character_chosen":"DOCTOR_CLASS","items_purchased":["Dota2Spire:LinkenSphere","DemoMod:WhiteGuonStone"],"campfire_rested":1,"item_purchase_floors":[4,4],"current_hp_per_floor":[50,46,39,39,39,60,40,40,40,50,50,48,42,49,49,71,72,72,72,70,58,63,51,51,58,58,63,63,72,69,69,69,47,72,70,70,70,70,72,0,0],"gold":747,"neow_bonus":"TWO_FIFTY_GOLD","is_daily":false,"chose_seed":false,"campfire_upgraded":5,"win_rate":0.0,"timestamp":1610532994,"path_taken":["M","M","?","?","M","R","E","R","T","M","?","E","?","M","R","BOSS","M","?","M","?","M","E","R","?","T","M","R","M","E","?","R","BOSS","M","?","?","?","M","E"],"items_purchased_type":["Relic","Relic"],"build_version":"2020-12-22","purchased_purges":0,"victory":false,"max_hp_per_floor":[72,72,72,72,72,72,72,72,72,72,72,72,72,72,72,72,72,72,72,72,72,72,72,72,72,72,72,72,72,72,72,72,72,72,72,72,72,72,72,72,72],"card_choices":[{"not_picked":["ats:Hook Shot","ats:Childhood Dance"],"picked":"ats:Cat Scratch","floor":1},{"not_picked":["ats:Consecutive Shot Auto","ats:Demon Strength"],"picked":"ats:Powerful Strike","floor":2},{"not_picked":["ats:Explosion Area Strengthen","ats:Guardian Obelisk"],"picked":"ats:Thermite Blade","floor":5},{"not_picked":["ats:Poison Spread","ats:Cat Scratch"],"picked":"ats:Part Time Job","floor":7},{"not_picked":["ats:Closed Bolt Burst Fire","ats:Song Of Battle"],"picked":"ats:Part Time Job","floor":10},{"not_picked":["ats:Flexible Camouflage","ats:Guardian Obelisk","ats:Ignite"],"picked":"SKIP","floor":12},{"not_picked":["ats:LN2 Cannon","ats:Sunburst"],"picked":"ats:Demon Strength","floor":13},{"not_picked":["ats:Chain Hook","ats:Assault Order"],"picked":"ats:Wolf Pack","floor":14},{"not_picked":["ats:Fractured Body","ats:Wolf Pack"],"picked":"ats:Roar Of Ursus","floor":16},{"not_picked":["ats:Hammer On","ats:Curse Doll"],"picked":"ats:Powerful Strike","floor":18},{"not_picked":["ats:Guardian Obelisk+1","ats:Consecutive Shot Auto","ats:LN2 Cannon"],"picked":"SKIP","floor":20},{"not_picked":["ats:Cat Scratch","ats:Explosion Area Strengthen","ats:Consecutive Shot Auto"],"picked":"SKIP","floor":21},{"not_picked":["ats:Poison Spread","ats:Ignite+1"],"picked":"ats:Rapid Magazine","floor":22},{"not_picked":["ats:Cat Scratch","ats:Shell Defense"],"picked":"ats:Healing Strengthening","floor":23},{"not_picked":["ats:Flexible Camouflage","ats:Assault Order+1"],"picked":"ats:Charging Defense","floor":27},{"not_picked":["ats:Hammer On+1","ats:Apocalypse"],"picked":"ats:Song Of Battle","floor":29},{"not_picked":["ats:Powerful Strike","ats:Explosion Area Strengthen","ats:Steam Pump"],"picked":"SKIP","floor":30},{"not_picked":["ats:Wolf Pack","ats:Dogmatic Field"],"picked":"ats:Echo Reverb","floor":33},{"not_picked":["ats:Flexible Camouflage","ats:Consecutive Shot Auto+1","ats:Poison Spread"],"picked":"SKIP","floor":35},{"not_picked":["ats:Explosion Area Strengthen","ats:Powerful Strike"],"picked":"ats:Support Order","floor":39}],"player_experience":964333,"relics_obtained":[{"floor":7,"key":"ats:Originium"},{"floor":7,"key":"hubris:MobiusCoin"},{"floor":11,"key":"ReplayTheSpireMod:Ring of Exchange"},{"floor":11,"key":"Ring of Hypnosis"},{"floor":12,"key":"ats:Originium"},{"floor":12,"key":"Mercury Hourglass"},{"floor":13,"key":"Odd Mushroom"},{"floor":23,"key":"ats:Originium"},{"floor":23,"key":"ats:Hidden Killer"},{"floor":26,"key":"ReplayTheSpireMod:TigerMarble"},{"floor":30,"key":"DemoMod:PoisonVial"}],"event_choices":[{"damage_healed":0,"gold_gain":75,"player_choice":"Touch","damage_taken":7,"max_hp_gain":0,"max_hp_loss":0,"event_name":"FaceTrader","floor":3,"gold_loss":0},{"damage_healed":0,"gold_gain":0,"player_choice":"Fought Mushrooms","damage_taken":0,"max_hp_gain":0,"max_hp_loss":0,"event_name":"Mushrooms","floor":13,"gold_loss":0},{"damage_healed":0,"gold_gain":0,"cards_transformed":["ats:Strike C"],"player_choice":"Transformed","damage_taken":0,"max_hp_gain":0,"max_hp_loss":0,"event_name":"Transmorgrifier","floor":19,"gold_loss":0,"cards_obtained":["ats:Calcification"]},{"damage_healed":0,"gold_gain":0,"player_choice":"Ignored","damage_taken":0,"max_hp_gain":0,"max_hp_loss":0,"event_name":"OrinTheCat","floor":36,"gold_loss":0}],"is_beta":false,"boss_relics":[{"not_picked":["SlaversCollar","vexMod:DeviousBotling"],"picked":"construct:ClawGrip"},{"not_picked":["aspiration:RunicSpoon","vexMod:ImprovementManual"],"picked":"Dota2Spire:Bloodstone"}],"items_purged_floors":[],"is_endless":false,"potions_floor_spawned":[2,14,16,20,22,30,35,39],"killed_by":"Giant Head","ascension_level":0}}