{"host":"x3q4ieql2tr7v8o6","time":1610543079,"event":{"mods":["BaseMod","Bestiary","Better Altar","Better Match","Better Note","Better Sensory Stone","Better Skull","Better Third Choice","Colored Map","Colored Powertips","Curses Come First","Minty Spire (QoL Compilation)","StSLib"],"gold_per_floor":[109,89,107,38,49,49,76,76,76,86,86,86,130,29,29,29,29],"floor_reached":16,"language":"ENG","playtime":352,"items_purged":["Strike_R"],"score":189,"play_id":"6f5fe564-bb26-4365-8733-e05d07a0acb9","local_time":"20210113130439","is_ascension_mode":true,"campfire_choices":[{"data":"Armaments","floor":6,"key":"SMITH"},{"data":"Rupture","floor":8,"key":"SMITH"},{"floor":15,"key":"REST"}],"circlet_count":0,"master_deck":["AscendersBane","Strike_R","Strike_R","Strike_R","Strike_R","Defend_R","Defend_R","Defend_R","Defend_R","Bash","Headbutt","Infernal Blade","Blood for Blood","Armaments+1","Rupture+1","Clothesline+1","Clash","Feel No Pain"],"relics":["Burning Blood","NeowsBlessing","Gremlin Horn","Potion Belt","CeramicFish","PreservedInsect"],"acts_visited":["Exordium"],"potions_floor_usage":[7,10],"damage_taken":[{"damage":0,"enemies":"Cultist","floor":1,"turns":1},{"damage":0,"enemies":"2 Louse","floor":3,"turns":1},{"damage":0,"enemies":"Jaw Worm","floor":5,"turns":1},{"damage":14,"enemies":"3 Sentries","floor":7,"turns":8},{"damage":0,"enemies":"Gremlin Gang","floor":10,"turns":3},{"damage":40,"enemies":"Lagavulin","floor":13,"turns":6},{"damage":35,"enemies":"Hexaghost","floor":16,"turns":9}],"seed_played":"-3850359566179312045","potions_obtained":[{"floor":1,"key":"HeartOfIron"},{"floor":2,"key":"Explosive Potion"}],"is_trial":false,"path_per_floor":["M","?","M","$","M","R","E","R","T","M","?","?","E","$","R","B"],"character_chosen":"IRONCLAD","items_purchased":["Blood for Blood","Feel No Pain"],"campfire_rested":1,"item_purchase_floors":[4,14],"current_hp_per_floor":[74,74,75,75,75,75,67,67,67,73,47,47,13,13,35,0,0],"gold":29,"neow_bonus":"THREE_ENEMY_KILL","is_daily":false,"chose_seed":false,"campfire_upgraded":2,"win_rate":0.0,"timestamp":1610543079,"path_taken":["M","?","?","?","?","R","E","R","T","?","?","?","E","$","R","BOSS"],"items_purchased_type":["Card","Card"],"build_version":"2020-12-22","purchased_purges":1,"victory":false,"max_hp_per_floor":[75,75,75,75,75,75,75,75,75,75,75,75,75,75,75,75,75],"card_choices":[{"not_picked":["Dropkick","Thunderclap"],"picked":"Headbutt","floor":1},{"not_picked":["Pummel","Havoc"],"picked":"Infernal Blade","floor":3},{"not_picked":["Iron Wave","Feel No Pain"],"picked":"Armaments","floor":5},{"not_picked":["Hemokinesis","Havoc"],"picked":"Rupture","floor":7},{"not_picked":["Sever Soul","Thunderclap"],"picked":"Clothesline","floor":10},{"not_picked":["Infernal Blade","Havoc"],"picked":"Clash","floor":13}],"player_experience":712178,"relics_obtained":[{"floor":7,"key":"Gremlin Horn"},{"floor":9,"key":"Potion Belt"},{"floor":13,"key":"PreservedInsect"}],"event_choices":[{"damage_healed":0,"gold_gain":0,"player_choice":"Bought 1 Potion","damage_taken":0,"max_hp_gain":0,"max_hp_loss":0,"event_name":"The Woman in Blue","floor":2,"gold_loss":0},{"damage_healed":0,"gold_gain":0,"player_choice":"Relic ","damage_taken":26,"max_hp_gain":0,"max_hp_loss":0,"event_name":"betterThird:BetterScrap","floor":11,"gold_loss":0,"cards_obtained":["Electrodynamics"]},{"damage_healed":0,"gold_gain":0,"player_choice":"Upgraded","damage_taken":0,"max_hp_gain":0,"max_hp_loss":0,"event_name":"Upgrade Shrine","floor":12,"gold_loss":0,"cards_upgraded":["Clothesline"]}],"is_beta":false,"boss_relics":[],"items_purged_floors":[14],"is_endless":false,"potions_floor_spawned":[1,5],"killed_by":"Hexaghost","ascension_level":15}}