{"host":"suaetoo57rt99mh0","time":1610576842,"event":{"mods":["Act Like it!","Arknights The Spire","Aspiration","BaseMod","CatGirl Mod","Conspire","Defuse TimeMaze Blight","Downfall","Elementarium","Energized Spire","Grow up Mod","Hermit","Hubris","Infinite Spire","Jedi Mod","Marisa????????","Minty Spire (QoL Compilation)","Potionbrewer","Quarter Circle Forward PUNCH!","Quick Restart","Relic Filter","Replay The Spire","StSLib","The Animator","The Bladedancer","The Construct","The Cursed","The Jungle","The Mystic","The Necromancer","The Poker Player","The Runesmith","The Sage","The Servant 0.9.4","TheArtist","TheHeartMod","Uncapped","UnlockEverythingMod","Useless Jewels Mod","vexMod"],"gold_per_floor":[119,223,237,92,108,108,141,158,182,217,217,234,409,409,409,507,507,517,529,529,529],"floor_reached":20,"language":"ENG","playtime":2088,"items_purged":[],"score":234,"play_id":"704d1370-094c-4ea4-8b4b-2351a3de240d","local_time":"20210113162721","is_ascension_mode":false,"campfire_choices":[{"data":"artistmod:DarkenDrawing","floor":6,"key":"SMITH"},{"floor":11,"key":"REST"},{"floor":15,"key":"REST"}],"circlet_count":0,"master_deck":["artistmod:StrokeStrike","artistmod:StrokeStrike","artistmod:StrokeStrike","artistmod:StrokeStrike","artistmod:DaringDefend","artistmod:DaringDefend","artistmod:DaringDefend","artistmod:DaringDefend","artistmod:BrushBash","artistmod:DarkenDrawing+1","artistmod:ResourceRampage","ReplayTheSpireMod:Splinters","artistmod:BrownBrush","artistmod:ChromaCrash","artistmod:BlueBurst","artistmod:RedRage","artistmod:RedRazzing","artistmod:HorridHarvest","artistmod:PaintbrushPanic","artistmod:AccursedAggression","artistmod:MagentaMadness","Doubt","artistmod:RadicalRainbows","artistmod:GreenGreed+1","artistmod:ArdentAqua"],"relics":["m_GuardianBlood","NeowsBlessing","aspiration:Nostalgia","construct:Cogwheel","Juzu Bracelet","infinitespire:Lucky Rock","jedi:purplefairy","infinitespire:Cubic Diamond","Replay:Grab Bag","Replay:Bronze Core","Cursed Key","aspiration:DefectSkillbook"],"acts_visited":["Exordium","TheCity"],"potions_floor_usage":[10,16,16,16],"damage_taken":[{"damage":0.0,"enemies":"Small Slimes","floor":1.0,"turns":2.0},{"damage":0.0,"enemies":"Jaw Worm","floor":3.0,"turns":1.0},{"damage":0,"enemies":"2 Louse","floor":5,"turns":3},{"damage":52,"enemies":"Lagavulin","floor":7,"turns":9},{"damage":13,"enemies":"2 Fungi Beasts","floor":8,"turns":5},{"damage":53,"enemies":"Gremlin Nob","floor":10,"turns":5},{"damage":57,"enemies":"Exordium Thugs","floor":12,"turns":7},{"damage":121,"enemies":"Hexaghost","floor":16,"turns":10},{"damage":35,"enemies":"conspire:FuzzyDice","floor":18,"turns":9},{"damage":78,"enemies":"Shell Parasite","floor":19,"turns":9},{"damage":10,"enemies":"conspire:HollyBat","floor":20,"turns":5}],"seed_played":"-4560282949429103006","potions_obtained":[{"floor":3.0,"key":"champ:CounterPotion"},{"floor":5,"key":"potionbrewer:ToxicPotion"},{"floor":8,"key":"DuplicationPotion"},{"floor":12,"key":"jedi:tentaclejuice"},{"floor":16,"key":"jedi:wingpotion"},{"floor":19,"key":"jedi:StrikingPotion"}],"is_trial":false,"path_per_floor":["M","?","M","$","M","R","E","M","T","E","R","M","?","?","R","B",null,"M","M","M"],"character_chosen":"THE_ARTIST","items_purchased":["aspiration:Nostalgia"],"campfire_rested":2,"item_purchase_floors":[4],"current_hp_per_floor":[91,101,111,121,131,141,99,96,106,63,127,80,90,100,176,71,251,232,170,160,160],"gold":529,"neow_bonus":"THREE_ENEMY_KILL","is_daily":false,"chose_seed":false,"campfire_upgraded":1,"win_rate":0.0,"timestamp":1610576841,"path_taken":["M","?","M","$","M","R","E","M","T","E","R","M","?","?","R","BOSS","M","M","M"],"items_purchased_type":["Relic"],"build_version":"2020-12-22","purchased_purges":0,"victory":false,"max_hp_per_floor":[91,101,111,121,131,141,151,161,171,181,191,201,211,221,231,241,251,261,271,271,271],"card_choices":[{"not_picked":["artistmod:DualDash","artistmod:RedRazzing"],"picked":"artistmod:ResourceRampage","floor":1.0},{"not_picked":["artistmod:DoubleDraw","artistmod:InsaneInspiration"],"picked":"artistmod:BrownBrush","floor":2.0},{"not_picked":["artistmod:BrownBrush","artistmod:ResourceRampage"],"picked":"artistmod:ChromaCrash","floor":2.0},{"not_picked":["artistmod:PurplePurpose","artistmod:BrownBrush"],"picked":"artistmod:BlueBurst","floor":2.0},{"not_picked":["artistmod:ReddeningRampage","artistmod:IndigoIncapitation"],"picked":"artistmod:RedRage","floor":3.0},{"not_picked":["artistmod:CrushingCanvas","artistmod:ArdentAqua"],"picked":"artistmod:RedRazzing","floor":5},{"not_picked":["artistmod:IndigoIncapitation","artistmod:RedRazzing"],"picked":"artistmod:HorridHarvest","floor":7},{"not_picked":["artistmod:CanvasCatapult","artistmod:BrownBrush"],"picked":"artistmod:PaintbrushPanic","floor":8},{"not_picked":["artistmod:CanvasCatapult","artistmod:ReddeningRampage"],"picked":"artistmod:AccursedAggression","floor":10},{"not_picked":["artistmod:PaintBreath","artistmod:RedRage"],"picked":"artistmod:MagentaMadness","floor":12},{"not_picked":["artistmod:PaintProfusion","Guardian:HyperBeam_Guardian"],"picked":"artistmod:RadicalRainbows","floor":16},{"not_picked":["Redo","jedi:locknload","artistmod:MagentaMadness"],"picked":"artistmod:GreenGreed+1","floor":18},{"not_picked":["artistmod:IndigoIncapitation","aspiration:Polymerization","Turbo+1"],"picked":"artistmod:ArdentAqua","floor":19}],"player_experience":73408,"relics_obtained":[{"floor":7,"key":"Juzu Bracelet"},{"floor":9,"key":"infinitespire:Lucky Rock"},{"floor":10,"key":"jedi:purplefairy"}],"event_choices":[{"damage_healed":0,"gold_gain":175,"player_choice":"AGREE","damage_taken":0,"max_hp_gain":0,"max_hp_loss":0,"event_name":"Liars Game","floor":13,"gold_loss":0,"cards_obtained":["Doubt"]}],"is_beta":false,"boss_relics":[{"not_picked":["aspiration:RandomNobGenerator","Runesmith:UraniumAnvil"],"picked":"Replay:Grab Bag"},{"not_picked":["Runic Dome","infinitespire:Cupcake"],"picked":"Replay:Bronze Core"},{"not_picked":["energizedSpire:EnergizedDie","hubris:RunicObelisk"],"picked":"Cursed Key"},{"not_picked":["aspiration:RitualDagger","construct:ClawGrip"],"picked":"aspiration:DefectSkillbook"}],"items_purged_floors":[],"is_endless":false,"potions_floor_spawned":[3,5,8,12,16,19],"killed_by":"conspire:HollyBat","ascension_level":0}}