{"host":"uzcks4yhskks9i02","time":1610552755,"event":{"mods":["BaseMod","Minty Spire (QoL Compilation)","Quick Restart"],"gold_per_floor":[130,145,145,180,180,214,214,139,165,217,217,272,272,286,286,286,286],"floor_reached":16,"language":"ENG","playtime":550,"items_purged":["Shame"],"score":201,"play_id":"ad0fe791-dd71-4ff8-bf58-f1f4c017b980","local_time":"20210113084555","is_ascension_mode":true,"campfire_choices":[{"data":"Searing Blow","floor":7.0,"key":"SMITH"},{"data":"Searing Blow+1","floor":11.0,"key":"SMITH"},{"data":"Searing Blow+2","floor":15.0,"key":"SMITH"}],"circlet_count":0,"master_deck":["AscendersBane","Strike_R","Strike_R","Strike_R","Strike_R","Strike_R","Defend_R","Defend_R","Defend_R","Defend_R","Bash","HandOfGreed+1","Metallicize","Power Through","Flex","Searing Blow+3","Whirlwind","Thunderclap","Immolate"],"relics":["Burning Blood","Shuriken","Calipers","Boot","Omamori","Potion Belt"],"acts_visited":["Exordium"],"potions_floor_usage":[],"damage_taken":[{"damage":7.0,"enemies":"2 Louse","floor":1.0,"turns":2.0},{"damage":7.0,"enemies":"Jaw Worm","floor":2.0,"turns":5.0},{"damage":1.0,"enemies":"Small Slimes","floor":4.0,"turns":5.0},{"damage":19.0,"enemies":"Lagavulin","floor":6.0,"turns":7.0},{"damage":20.0,"enemies":"Gremlin Nob","floor":10.0,"turns":4.0},{"damage":30.0,"enemies":"3 Sentries","floor":12.0,"turns":5.0},{"damage":9.0,"enemies":"Red Slaver","floor":14.0,"turns":2.0},{"damage":73,"enemies":"Hexaghost","floor":16,"turns":9}],"seed_played":"8412331537658485291","potions_obtained":[{"floor":2.0,"key":"GamblersBrew"},{"floor":4.0,"key":"Regen Potion"}],"is_trial":false,"path_per_floor":["M","M","?","M","T","E","R","$","T","E","R","E","?","M","R","B"],"character_chosen":"IRONCLAD","items_purchased":[],"campfire_rested":0,"item_purchase_floors":[],"current_hp_per_floor":[67,66,66,71,71,58,58,58,58,56,56,32,75,72,72,0,0],"gold":286,"neow_bonus":"RANDOM_COLORLESS_2","is_daily":false,"chose_seed":false,"campfire_upgraded":3,"win_rate":0.0,"timestamp":1610552755,"path_taken":["M","M","?","M","?","E","R","$","T","E","R","E","?","M","R","BOSS"],"items_purchased_type":[],"build_version":"2020-12-22","purchased_purges":1,"victory":false,"max_hp_per_floor":[75,75,75,75,75,75,75,75,75,75,75,75,75,75,75,75,75],"card_choices":[{"not_picked":["Secret Technique","Metamorphosis"],"picked":"HandOfGreed","floor":0.0},{"not_picked":["Armaments","Pommel Strike"],"picked":"Metallicize","floor":1.0},{"not_picked":["Shrug It Off","Heavy Blade"],"picked":"Power Through","floor":2.0},{"not_picked":["Body Slam","True Grit"],"picked":"Flex","floor":4.0},{"not_picked":["Carnage","Sword Boomerang"],"picked":"Searing Blow","floor":6.0},{"not_picked":["Headbutt","Power Through"],"picked":"Whirlwind","floor":10.0},{"not_picked":["Pummel","Hemokinesis"],"picked":"Thunderclap","floor":12.0},{"not_picked":["Perfected Strike","Havoc"],"picked":"Immolate","floor":14.0}],"player_experience":499861,"relics_obtained":[{"floor":5.0,"key":"Shuriken"},{"floor":6.0,"key":"Calipers"},{"floor":9.0,"key":"Boot"},{"floor":10.0,"key":"Omamori"},{"floor":12.0,"key":"Potion Belt"}],"event_choices":[{"damage_healed":0.0,"max_hp_gain":0.0,"max_hp_loss":0.0,"gold_gain":0.0,"event_name":"Living Wall","player_choice":"Grow","floor":3.0,"gold_loss":0.0,"damage_taken":0.0,"cards_upgraded":["HandOfGreed"]},{"damage_healed":43.0,"max_hp_gain":0.0,"max_hp_loss":0.0,"gold_gain":0.0,"event_name":"Wheel of Change","player_choice":"Full Heal","floor":13.0,"gold_loss":0.0,"damage_taken":0.0}],"is_beta":false,"boss_relics":[],"items_purged_floors":[8],"is_endless":false,"potions_floor_spawned":[2,4,6],"killed_by":"Hexaghost","ascension_level":14}}