{"host":"k5wd0jv1m6dz3iwi","time":1610518615,"event":{"mods":["BaseMod","Better Vampires","Challenge The Spire","Custom Start","Highlight Path","Minty Spire (QoL Compilation)","Rare Cards Sparkle","Relic Stats","Slay the Relics Exporter","StSLib","everything is the same but u backflip on backflip"],"gold_per_floor":[152,189,220,260,260,19,29,64,64,118,118,144,183,196,208,293,305,356,413,425,450,7,42,42,68,95,95,152,216,250,290,290,365,365,404,34,34,34,44,44,74,103,103,103,121,147,147,182,182,182,182],"floor_reached":52,"language":"ENG","playtime":3424,"items_purged":["Regret","Strike_B"],"score":2183,"play_id":"64c8c6a9-957b-4339-b2cd-b81a36936d9c","local_time":"20210113061655","daily_mods":["Allstar","Vintage","Night Terrors"],"is_ascension_mode":true,"campfire_choices":[{"data":"HandOfGreed","floor":11,"key":"SMITH"},{"data":"Magnetism","floor":15,"key":"SMITH"},{"data":"Seek","floor":24,"key":"SMITH"},{"floor":27,"key":"REST"},{"floor":32,"key":"REST"},{"data":"Biased Cognition","floor":40,"key":"SMITH"},{"data":"Consume","floor":44,"key":"SMITH"},{"data":"Glacier","floor":47,"key":"SMITH"},{"data":"Fusion","floor":49,"key":"SMITH"}],"circlet_count":0,"master_deck":["AscendersBane","Strike_B","Strike_B","Strike_B+1","Defend_B","Defend_B","Defend_B","Defend_B","Zap","Dualcast","HandOfGreed+1","Mind Blast","Master of Strategy","Magnetism+1","Enlightenment","Glacier+1","Biased Cognition+1","Ball Lightning","Conserve Battery","Seek+1","Writhe","Lockon+1","Hello World+1","Go for the Eyes+1","Rebound+1","Fusion+1","Consume+1","Core Surge","Flash of Steel","Seek+1","Double Energy+1","Doubt","White Noise+1","Consume+1"],"relics":["Cracked Core","WingedGreaves","InkBottle","HornCleat","Art of War","Oddly Smooth Stone","Orrery","StoneCalendar","Peace Pipe","StrikeDummy","Mango","Juzu Bracelet","Gambling Chip","MawBank","Inserter","Bottled Lightning","PreservedInsect","Boot","Tiny Chest","Frozen Egg 2","Pear","Darkstone Periapt","Whetstone","Du-Vu Doll","Shuriken","Mercury Hourglass","Bird Faced Urn","Cursed Key","Toxic Egg 2","Bronze Scales","Unceasing Top","Blue Candle","MealTicket","Eternal Feather","Symbiotic Virus","Orichalcum","Potion Belt"],"acts_visited":["Exordium","TheCity","TheBeyond"],"potions_floor_usage":[3,10,14,19,25,25,33,41,42,45,50],"damage_taken":[{"damage":0,"enemies":"2 Louse","floor":1,"turns":4},{"damage":6,"enemies":"Cultist","floor":2,"turns":3},{"damage":7,"enemies":"Jaw Worm","floor":3,"turns":2},{"damage":6,"enemies":"2 Fungi Beasts","floor":4,"turns":3},{"damage":0,"enemies":"Red Slaver","floor":7,"turns":3},{"damage":6,"enemies":"3 Louse","floor":8,"turns":4},{"damage":4,"enemies":"Gremlin Gang","floor":10,"turns":5},{"damage":0,"enemies":"Gremlin Nob","floor":12,"turns":3},{"damage":4,"enemies":"Exordium Wildlife","floor":13,"turns":4},{"damage":0,"enemies":"Looter","floor":14,"turns":2},{"damage":6,"enemies":"Hexaghost","floor":16,"turns":8},{"damage":0,"enemies":"Spheric Guardian","floor":18,"turns":3},{"damage":12,"enemies":"3 Byrds","floor":19,"turns":5},{"damage":18,"enemies":"Snake Plant","floor":21,"turns":4},{"damage":10,"enemies":"Book of Stabbing","floor":23,"turns":4},{"damage":13,"enemies":"Slavers","floor":25,"turns":7},{"damage":16,"enemies":"Book of Stabbing","floor":28,"turns":5},{"damage":22,"enemies":"3 Cultists","floor":29,"turns":5},{"damage":25,"enemies":"Gremlin Leader","floor":30,"turns":6},{"damage":0,"enemies":"Centurion and Healer","floor":31,"turns":5},{"damage":17,"enemies":"Automaton","floor":33,"turns":12},{"damage":3,"enemies":"3 Shapes","floor":35,"turns":5},{"damage":4,"enemies":"Orb Walker","floor":39,"turns":3},{"damage":15,"enemies":"Reptomancer","floor":41,"turns":6},{"damage":20,"enemies":"Nemesis","floor":42,"turns":5},{"damage":8,"enemies":"Maw","floor":45,"turns":4},{"damage":13,"enemies":"Giant Head","floor":46,"turns":6},{"damage":10,"enemies":"Reptomancer","floor":48,"turns":4},{"damage":40,"enemies":"Donu and Deca","floor":50,"turns":9},{"damage":2,"enemies":"Time Eater","floor":51,"turns":10}],"seed_played":"-8289440085321758300","potions_obtained":[{"floor":1,"key":"SteroidPotion"},{"floor":4,"key":"Dexterity Potion"},{"floor":13,"key":"SneckoOil"},{"floor":14,"key":"Swift Potion"},{"floor":21,"key":"ColorlessPotion"},{"floor":23,"key":"Regen Potion"},{"floor":28,"key":"Ancient Potion"},{"floor":30,"key":"LiquidBronze"},{"floor":33,"key":"AttackPotion"},{"floor":41,"key":"BlessingOfTheForge"},{"floor":42,"key":"DistilledChaos"},{"floor":45,"key":"Strength Potion"}],"is_trial":true,"path_per_floor":["M","M","M","M","?","$","M","M","T","M","R","E","M","M","R","B",null,"M","M","?","M","$","E","R","E","T","R","E","M","E","M","R","B",null,"M","$","?","$","M","R","E","E","T","R","M","E","R","E","R","B","B",null],"character_chosen":"DEFECT","items_purchased":["Orrery","Lockon","Frozen Egg 2","Hello World+1","FocusPotion","Flash of Steel","Bronze Scales"],"campfire_rested":2,"item_purchase_floors":[6,22,22,22,22,36,36],"current_hp_per_floor":[64,58,51,45,45,45,45,39,39,49,49,49,45,45,45,39,74,74,62,62,44,44,44,44,46,46,90,74,52,27,27,85,70,81,82,82,82,82,82,82,73,57,63,81,79,72,90,84,91,55,61],"gold":182,"neow_bonus":"","is_daily":false,"chose_seed":false,"campfire_upgraded":7,"win_rate":0.0,"timestamp":1610518615,"path_taken":["M","M","?","M","?","$","M","M","T","M","R","E","M","M","R","BOSS","M","M","?","M","$","E","R","E","T","R","E","M","E","M","R","BOSS","M","$","?","?","M","R","E","E","T","R","M","E","R","E","R","BOSS","BOSS"],"items_purchased_type":["Relic","Card","Relic","Card","Potion","Card","Relic"],"build_version":"2020-12-22","purchased_purges":2,"victory":true,"max_hp_per_floor":[71,71,71,71,71,71,71,71,71,85,85,85,85,85,85,85,85,85,85,85,85,85,95,95,95,95,90,90,90,90,90,85,85,85,85,85,85,85,85,85,85,85,91,91,91,91,91,91,91,91,91],"relic_stats":{"Darkstone Periapt":6,"StoneCalendar":[192],"Juzu Bracelet":0,"Whetstone":["Lockon","Strike_B"],"Boot":[22],"Cursed Key":1,"Gambling Chip":[68],"Tiny Chest":0,"MealTicket":0,"InkBottle":[60],"Inserter":[54],"counters":[30,148],"Blue Candle":[10],"Eternal Feather":43,"PreservedInsect":478,"Orichalcum":[36],"MawBank":96,"Mercury Hourglass":[247],"Peace Pipe":0,"Shuriken":[22],"Bird Faced Urn":[48],"Bronze Scales":[158],"Art of War":[16],"obtain_stats":[{"Darkstone Periapt":25,"StoneCalendar":7,"Mango":10,"Juzu Bracelet":12,"Whetstone":26,"Boot":20,"Cursed Key":34,"HornCleat":3,"Gambling Chip":13,"Tiny Chest":21,"MealTicket":42,"WingedGreaves":1,"Toxic Egg 2":35,"Cracked Core":0,"InkBottle":2,"Potion Belt":48,"Inserter":17,"Pear":23,"Blue Candle":41,"Oddly Smooth Stone":5,"Eternal Feather":43,"PreservedInsect":19,"Frozen Egg 2":22,"Orichalcum":46,"MawBank":14,"Mercury Hourglass":30,"Peace Pipe":8,"Du-Vu Doll":28,"Shuriken":29,"Bird Faced Urn":31,"Bronze Scales":36,"Orrery":6,"Art of War":4,"Bottled Lightning":18,"StrikeDummy":9,"Symbiotic Virus":45,"Unceasing Top":39},{"Darkstone Periapt":16,"StoneCalendar":5,"Mango":7,"Juzu Bracelet":8,"Whetstone":16,"Boot":13,"Cursed Key":21,"HornCleat":3,"Gambling Chip":9,"Tiny Chest":14,"MealTicket":25,"WingedGreaves":1,"Toxic Egg 2":22,"Cracked Core":0,"InkBottle":2,"Potion Belt":28,"Inserter":11,"Pear":15,"Blue Candle":24,"Oddly Smooth Stone":4,"Eternal Feather":25,"PreservedInsect":13,"Frozen Egg 2":14,"Orichalcum":27,"MawBank":10,"Mercury Hourglass":19,"Peace Pipe":6,"Du-Vu Doll":17,"Shuriken":18,"Bird Faced Urn":20,"Bronze Scales":22,"Orrery":4,"Art of War":4,"Bottled Lightning":12,"StrikeDummy":6,"Symbiotic Virus":26,"Unceasing Top":23},{"Darkstone Periapt":64,"StoneCalendar":15,"Mango":24,"Juzu Bracelet":27,"Whetstone":64,"Boot":49,"Cursed Key":97,"HornCleat":9,"Gambling Chip":31,"Tiny Chest":53,"MealTicket":115,"WingedGreaves":4,"Toxic Egg 2":101,"Cracked Core":0,"InkBottle":7,"Potion Belt":129,"Inserter":41,"Pear":57,"Blue Candle":110,"Oddly Smooth Stone":12,"Eternal Feather":115,"PreservedInsect":49,"Frozen Egg 2":53,"Orichalcum":125,"MawBank":33,"Mercury Hourglass":80,"Peace Pipe":19,"Du-Vu Doll":69,"Shuriken":74,"Bird Faced Urn":85,"Bronze Scales":101,"Orrery":12,"Art of War":12,"Bottled Lightning":44,"StrikeDummy":19,"Symbiotic Virus":119,"Unceasing Top":104}],"Unceasing Top":[14]},"card_choices":[{"not_picked":["Go for the Eyes","Conserve Battery"],"picked":"Glacier","floor":6},{"not_picked":["Steam Power","Redo"],"picked":"Biased Cognition","floor":6},{"not_picked":["Aggregate","Sweeping Beam"],"picked":"Ball Lightning","floor":6},{"not_picked":["Blizzard","Coolheaded"],"picked":"Conserve Battery","floor":6},{"not_picked":["Sweeping Beam","Rebound","Heatsinks"],"picked":"SKIP","floor":12},{"not_picked":["Multi-Cast","Rainbow"],"picked":"Seek","floor":16},{"not_picked":["Scrape","Conserve Battery"],"picked":"Go for the Eyes+1","floor":23},{"not_picked":["Redo","Reprogram"],"picked":"Rebound+1","floor":25},{"not_picked":["Ball Lightning","Cold Snap"],"picked":"Fusion","floor":28},{"not_picked":["Hologram","Buffer+1"],"picked":"Consume","floor":30},{"not_picked":["Fission","Thunder Strike"],"picked":"Core Surge","floor":33},{"not_picked":["Beam Cell","Barrage","Rebound"],"picked":"SKIP","floor":41},{"not_picked":["Turbo+1","Steam+1"],"picked":"Double Energy+1","floor":42},{"not_picked":["Coolheaded+1","Cold Snap"],"picked":"White Noise+1","floor":46},{"not_picked":["Stack+1","Cold Snap+1"],"picked":"Consume+1","floor":48}],"player_experience":1245904,"relics_obtained":[{"floor":1,"key":"WingedGreaves"},{"floor":2,"key":"InkBottle"},{"floor":3,"key":"HornCleat"},{"floor":4,"key":"Art of War"},{"floor":7,"key":"StoneCalendar"},{"floor":8,"key":"Peace Pipe"},{"floor":9,"key":"StrikeDummy"},{"floor":10,"key":"Mango"},{"floor":12,"key":"Juzu Bracelet"},{"floor":13,"key":"Gambling Chip"},{"floor":14,"key":"MawBank"},{"floor":18,"key":"Bottled Lightning"},{"floor":19,"key":"PreservedInsect"},{"floor":21,"key":"Tiny Chest"},{"floor":23,"key":"Pear"},{"floor":25,"key":"Darkstone Periapt"},{"floor":26,"key":"Whetstone"},{"floor":28,"key":"Du-Vu Doll"},{"floor":29,"key":"Shuriken"},{"floor":30,"key":"Mercury Hourglass"},{"floor":31,"key":"Bird Faced Urn"},{"floor":35,"key":"Toxic Egg 2"},{"floor":39,"key":"Unceasing Top"},{"floor":41,"key":"Blue Candle"},{"floor":42,"key":"MealTicket"},{"floor":43,"key":"Eternal Feather"},{"floor":45,"key":"Symbiotic Virus"},{"floor":46,"key":"Orichalcum"},{"floor":48,"key":"Potion Belt"}],"event_choices":[{"damage_healed":0,"gold_gain":0,"player_choice":"Box","damage_taken":0,"relics_obtained":["Oddly Smooth Stone"],"max_hp_gain":0,"max_hp_loss":0,"event_name":"Big Fish","floor":5,"gold_loss":0,"cards_obtained":["Regret"]},{"damage_healed":0,"gold_gain":0,"player_choice":"Opened","damage_taken":0,"relics_obtained":["Boot"],"max_hp_gain":0,"max_hp_loss":0,"event_name":"The Mausoleum","floor":20,"gold_loss":0,"cards_obtained":["Writhe"]},{"damage_healed":0,"gold_gain":0,"player_choice":"Copied","damage_taken":0,"max_hp_gain":0,"max_hp_loss":0,"event_name":"Duplicator","floor":37,"gold_loss":0,"cards_obtained":["Seek"]}],"is_beta":false,"boss_relics":[{"not_picked":["Fusion Hammer","Velvet Choker"],"picked":"Inserter"},{"not_picked":["FrozenCore","Nuclear Battery"],"picked":"Cursed Key"}],"items_purged_floors":[6,36],"is_endless":false,"potions_floor_spawned":[1,4,13,14,21,23,28,30,33,41,42,45],"ascension_level":20}}