{"host":"uflv0e3ja7hvnij7","time":1610545266,"event":{"mods":["BaseMod","Better Altar","Better Match","Better Note","Better Sensory Stone","Better Skull","Better Third Choice","Marisa????????","Minty Spire (QoL Compilation)","Permanent Neow","Replay The Spire","Shop Mod","StSLib"],"gold_per_floor":[210,19,38,79,5,5,158,158,158,158,158,232,232,374,374,645,645,645],"floor_reached":17,"language":"ENG","playtime":1196,"items_purged":["Defend_MRS"],"score":207,"play_id":"b61b9af5-659e-4fd3-bb1d-59815915d4a3","local_time":"20210113084106","is_ascension_mode":true,"campfire_choices":[{"data":"Robbery","floor":6,"key":"SMITH"},{"data":"GalacticHalo","floor":8,"key":"SMITH"},{"data":"Robbery","floor":11,"key":"SMITH"},{"floor":15,"key":"DIG"}],"circlet_count":0,"master_deck":["Strike_MRS","Strike_MRS","Defend_MRS","Defend_MRS+1","Defend_MRS","MasterSpark","UpSweep","DC","GalacticHalo+1","Robbery+1","GalacticHalo+1","MagicAbsorber+1","Robbery+1","EnergyRecoil","Doubt","CommonCold","Hallucinations"],"relics":["MiniHakkero","Replay:Wax Seal","SproutingBranch","StoneCalendar","Replay:Multitool","Replay:Ancient Bell","War Paint","Pear","Counterbalance"],"acts_visited":["Exordium","TheCity"],"potions_floor_usage":[7,16,16],"damage_taken":[{"damage":1,"enemies":"Cultist","floor":1,"turns":4},{"damage":2,"enemies":"Jaw Worm","floor":3,"turns":3},{"damage":7,"enemies":"2 Louse","floor":4,"turns":11},{"damage":13,"enemies":"Replay:BlueRogue","floor":7,"turns":9},{"damage":11,"enemies":"2 Fungi Beasts","floor":12,"turns":5},{"damage":0,"enemies":"Large Slime","floor":14,"turns":6},{"damage":71,"enemies":"Slime Boss","floor":16,"turns":14}],"seed_played":"-7344393421784579603","potions_obtained":[{"floor":3,"key":"SkillPotion"},{"floor":7,"key":"BottledSpark"},{"floor":14,"key":"LiquidMemories"}],"is_trial":false,"path_per_floor":["M","$","M","M","$","R","E","R","T","?","R","M","?","M","R","B",null],"character_chosen":"MARISA","items_purchased":["Replay:Wax Seal","GalacticHalo+1","MagicAbsorber"],"campfire_rested":0,"item_purchase_floors":[2,2,5],"current_hp_per_floor":[74,74,72,65,65,65,52,52,52,52,52,55,48,63,63,7,85,85],"gold":645,"neow_bonus":"HUNDRED_GOLD","is_daily":false,"chose_seed":false,"campfire_upgraded":3,"win_rate":0.0,"timestamp":1610545266,"path_taken":["M","$","M","M","?","R","E","R","T","?","R","M","?","M","R","BOSS"],"items_purchased_type":["Relic","Card","Card"],"build_version":"2020-12-22","purchased_purges":1,"victory":false,"max_hp_per_floor":[75,75,75,75,75,75,75,75,75,75,75,75,75,75,75,75,85,85],"card_choices":[{"not_picked":["DoubleSpark","GrandCross"],"picked":"DC","floor":1},{"not_picked":["DarkSpark","WitchOfGreed"],"picked":"Robbery","floor":3},{"not_picked":["MysteriousBeam","UnstableBomb"],"picked":"GalacticHalo","floor":4},{"not_picked":["IllusionStar","SprinkleStarSeal"],"picked":"Robbery","floor":7},{"not_picked":["Singularity","BinaryStars"],"picked":"EnergyRecoil","floor":12},{"not_picked":["IllusionStar","MysteriousBeam","LuminesStrike"],"picked":"SKIP","floor":14},{"not_picked":["ReplayTheSpireMod:Doomed","Wraith"],"picked":"Doubt","floor":17},{"not_picked":["Normality","betterMatch:CurseCard"],"picked":"CommonCold","floor":17},{"not_picked":["Decay","Pain"],"picked":"Hallucinations","floor":17}],"player_experience":576345,"relics_obtained":[{"floor":7,"key":"SproutingBranch"},{"floor":9,"key":"StoneCalendar"},{"floor":15,"key":"Replay:Multitool"}],"event_choices":[{"cards_removed":["Strike_MRS"],"damage_healed":0,"gold_gain":0,"player_choice":"Forget","damage_taken":0,"max_hp_gain":0,"max_hp_loss":0,"event_name":"Living Wall","floor":10,"gold_loss":0},{"cards_removed":["Strike_MRS"],"damage_healed":0,"gold_gain":0,"player_choice":"Card Removal","damage_taken":7,"max_hp_gain":0,"max_hp_loss":0,"event_name":"Golden Wing","floor":13,"gold_loss":0}],"is_beta":false,"boss_relics":[{"not_picked":["ExperimentalFamiliar","Snecko Eye"],"picked":"Replay:Ancient Bell"},{"not_picked":["MawBank","Vajra"],"picked":"War Paint"},{"not_picked":["Mercury Hourglass","Quantum Egg"],"picked":"Pear"},{"not_picked":["Du-Vu Doll","WingedGreaves"],"picked":"Counterbalance"}],"items_purged_floors":[2],"is_endless":false,"potions_floor_spawned":[3,7,14],"ascension_level":3}}