{"host":"qk06od3ap196wbz4","time":1610524667,"event":{"mods":["AchievementEnabler","Arknights The Spire","BaseMod","DeckTracker","Keyboard Shortcuts","Minty Spire (QoL Compilation)","Permanent Neow","StSLib","SuperFastMode"],"gold_per_floor":[114,114,114,41,116,155,193,226,249,249,249,264,288,237,237,362,362,375,474,495,495,445,486,486,486,486,522,522,522,565,565,565,685,685,698,714,777,727,1060,1085,728,740,740,740,771,785,811,829,829,829],"floor_reached":51,"language":"KOR","playtime":2503,"items_purged":["CutThroughFate","Perseverance","JustLucky"],"score":1028,"play_id":"bf3f63f3-a3b2-46d4-92b3-1147f039af67","local_time":"20210113165747","daily_mods":["Draft","Heirloom","Time Dilation","Flight"],"is_ascension_mode":false,"campfire_choices":[{"data":"Judgement","floor":10,"key":"SMITH"},{"data":"BattleHymn","floor":15,"key":"SMITH"},{"data":"Judgement","floor":24,"key":"SMITH"},{"data":"Crescendo","floor":25,"key":"SMITH"},{"data":"Crescendo","floor":32,"key":"SMITH"},{"data":"Madness","floor":49,"key":"SMITH"}],"circlet_count":0,"master_deck":["CarveReality","Consecrate","Crescendo+1","Protect","FlyingSleeves","Consecrate","EmptyBody","FollowUp","BattleHymn+1","Crescendo+1","FlurryOfBlows","Halt","Judgement+1","EmptyBody","Judgement+1","ThirdEye","ClearTheMind","DeusExMachina","CarveReality+1","FollowUp","ClearTheMind","EmptyFist+1","FollowUp+1","DeusExMachina","Madness","Madness+1"],"relics":["HolyWater","FossilizedHelix","Smiling Mask","Pantograph","InkBottle","Damaru","Orichalcum","Happy Flower","Ornamental Fan","Thread and Needle","Question Card","MealTicket","Sozu","CloakClasp","Bird Faced Urn","Membership Card","Letter Opener","TeardropLocket","Bottled Flame","StrikeDummy","CeramicFish"],"acts_visited":["Exordium","TheCity","TheBeyond"],"potions_floor_usage":[16,16,20,45],"damage_taken":[{"damage":0,"enemies":"2 Louse","floor":1,"turns":2},{"damage":0,"enemies":"Lagavulin","floor":6,"turns":2},{"damage":0,"enemies":"3 Sentries","floor":7,"turns":3},{"damage":0,"enemies":"Gremlin Nob","floor":8,"turns":3},{"damage":0,"enemies":"Small Slimes","floor":12,"turns":3},{"damage":0,"enemies":"Jaw Worm","floor":13,"turns":1},{"damage":61,"enemies":"Hexaghost","floor":16,"turns":4},{"damage":0,"enemies":"Chosen","floor":18,"turns":2},{"damage":0,"enemies":"Shell Parasite","floor":20,"turns":2},{"damage":38,"enemies":"Slavers","floor":23,"turns":3},{"damage":0,"enemies":"Gremlin Leader","floor":27,"turns":3},{"damage":0,"enemies":"Slavers","floor":30,"turns":3},{"damage":30,"enemies":"Champ","floor":33,"turns":7},{"damage":0,"enemies":"3 Shapes","floor":35,"turns":2},{"damage":0,"enemies":"3 Darklings","floor":36,"turns":3},{"damage":0,"enemies":"Mind Bloom Boss Battle","floor":37,"turns":4},{"damage":0,"enemies":"Nemesis","floor":40,"turns":3},{"damage":0,"enemies":"Transient","floor":42,"turns":5},{"damage":8,"enemies":"Reptomancer","floor":45,"turns":3},{"damage":11,"enemies":"4 Shapes","floor":46,"turns":3},{"damage":0,"enemies":"Giant Head","floor":47,"turns":7},{"damage":51,"enemies":"Donu and Deca","floor":50,"turns":10}],"seed_played":"5175557475992636036","potions_obtained":[{"floor":1,"key":"Energy Potion"},{"floor":8,"key":"BottledMiracle"},{"floor":13,"key":"Fire Potion"},{"floor":18,"key":"Weak Potion"},{"floor":23,"key":"Fire Potion"},{"floor":33,"key":"PowerPotion"}],"is_trial":true,"path_per_floor":["M","?","?","$","?","E","E","E","T","R","$","M","M","?","R","B",null,"M","?","M","?","$","E","R","R","T","E","T","?","E","?","R","B",null,"M","M","?","$","?","E","$","M","T","T","E","M","E","?","R","B",null],"character_chosen":"WATCHER","items_purchased":["Judgement","Membership Card","Letter Opener","DeusExMachina"],"campfire_rested":0,"item_purchase_floors":[4,41,41,41],"current_hp_per_floor":[72,72,54,54,43,43,43,43,43,43,43,43,43,43,43,7,72,72,72,72,72,72,34,34,34,34,34,34,34,34,34,34,29,72,72,72,72,72,72,72,72,72,72,72,64,55,57,48,48,21],"gold":829,"neow_bonus":"","is_daily":false,"chose_seed":false,"campfire_upgraded":6,"win_rate":0.0,"timestamp":1610524667,"path_taken":["M","?","?","?","?","E","E","E","T","R","?","?","?","?","R","BOSS","M","?","M","?","$","E","R","R","T","E","?","?","E","?","R","BOSS","M","?","?","$","?","E","$","M","T","?","E","?","E","?","R","BOSS"],"items_purchased_type":["Card","Relic","Relic","Card"],"build_version":"2020-12-22","purchased_purges":3,"victory":true,"max_hp_per_floor":[72,72,72,72,72,72,72,72,72,72,72,72,72,72,72,72,72,72,72,72,72,72,72,72,72,72,72,72,72,72,72,72,72,72,72,72,72,72,72,72,72,72,72,72,72,72,72,72,72,72],"card_choices":[{"not_picked":["CutThroughFate","MentalFortress"],"picked":"Perseverance","floor":0},{"not_picked":["PathToVictory","WaveOfTheHand"],"picked":"CarveReality","floor":0},{"not_picked":["CutThroughFate","Indignation"],"picked":"Consecrate","floor":0},{"not_picked":["Wallop","Wireheading"],"picked":"SashWhip","floor":0},{"not_picked":["Consecrate","Protect"],"picked":"Crescendo","floor":0},{"not_picked":["SashWhip","Collect"],"picked":"Protect","floor":0},{"not_picked":["BowlingBash","WaveOfTheHand"],"picked":"FlyingSleeves","floor":0},{"not_picked":["FlyingSleeves","JustLucky"],"picked":"Consecrate","floor":0},{"not_picked":["SashWhip","TalkToTheHand"],"picked":"EmptyBody","floor":0},{"not_picked":["PathToVictory","ClearTheMind"],"picked":"FollowUp","floor":0},{"not_picked":["InnerPeace","Consecrate"],"picked":"BattleHymn","floor":0},{"not_picked":["CrushJoints","Sanctity"],"picked":"Crescendo","floor":0},{"not_picked":["Fasting2","Pray"],"picked":"CutThroughFate","floor":0},{"not_picked":["CutThroughFate","Crescendo"],"picked":"FlurryOfBlows","floor":0},{"not_picked":["FlurryOfBlows","Sanctity"],"picked":"JustLucky","floor":0},{"not_picked":["ClearTheMind","EmptyFist"],"picked":"Halt","floor":1},{"not_picked":["Weave","FlurryOfBlows","EmptyBody"],"picked":"SKIP","floor":6},{"not_picked":["Omniscience","WaveOfTheHand"],"picked":"EmptyBody","floor":7},{"not_picked":["MentalFortress","Alpha"],"picked":"Judgement","floor":8},{"not_picked":["SashWhip","FlyingSleeves"],"picked":"ThirdEye","floor":12},{"not_picked":["Crescendo","SashWhip"],"picked":"ClearTheMind","floor":13},{"not_picked":["Vault","MasterReality"],"picked":"DeusExMachina","floor":16},{"not_picked":["WreathOfFlame","Wireheading"],"picked":"CarveReality+1","floor":18},{"not_picked":["Halt+1","Consecrate","CrushJoints"],"picked":"SKIP","floor":20},{"not_picked":["Prostrate","JustLucky+1","BattleHymn+1"],"picked":"SKIP","floor":23},{"not_picked":["Tantrum","Prostrate"],"picked":"ClearTheMind","floor":27},{"not_picked":["Vault","Scrawl","Protect+1","ClearTheMind"],"picked":"SKIP","floor":30},{"not_picked":["Evaluate+1","Protect","Halt"],"picked":"EmptyFist+1","floor":35},{"not_picked":["CrushJoints","SignatureMove+1","WheelKick"],"picked":"FollowUp+1","floor":36},{"not_picked":["Wish","JustLucky+1","SashWhip","CrushJoints+1"],"picked":"SKIP","floor":40},{"not_picked":["EmptyBody+1","CrushJoints+1","Wallop","FlyingSleeves+1"],"picked":"SKIP","floor":42},{"not_picked":["Perseverance+1","LikeWater+1","WheelKick","EmptyMind+1"],"picked":"SKIP","floor":45},{"not_picked":["WindmillStrike","Protect","EmptyFist+1","CutThroughFate+1"],"picked":"SKIP","floor":46},{"not_picked":["FlyingSleeves+1","SignatureMove+1","ClearTheMind+1","LikeWater+1"],"picked":"SKIP","floor":47}],"player_experience":165647,"relics_obtained":[{"floor":6,"key":"Smiling Mask"},{"floor":7,"key":"Pantograph"},{"floor":8,"key":"InkBottle"},{"floor":9,"key":"Damaru"},{"floor":23,"key":"Happy Flower"},{"floor":26,"key":"Ornamental Fan"},{"floor":27,"key":"Thread and Needle"},{"floor":28,"key":"Question Card"},{"floor":30,"key":"MealTicket"},{"floor":37,"key":"CloakClasp"},{"floor":40,"key":"Bird Faced Urn"},{"floor":43,"key":"TeardropLocket"},{"floor":44,"key":"Bottled Flame"},{"floor":45,"key":"StrikeDummy"},{"floor":47,"key":"CeramicFish"}],"event_choices":[{"damage_healed":0,"gold_gain":0,"player_choice":"Ignored","damage_taken":0,"max_hp_gain":0,"max_hp_loss":0,"event_name":"Liars Game","floor":2,"gold_loss":0},{"damage_healed":0,"gold_gain":0,"player_choice":"Take Damage","damage_taken":18,"relics_obtained":["Golden Idol"],"max_hp_gain":0,"max_hp_loss":0,"event_name":"Golden Idol","floor":3,"gold_loss":0},{"damage_healed":0,"gold_gain":75,"player_choice":"Gather Gold","damage_taken":11,"max_hp_gain":0,"max_hp_loss":0,"event_name":"World of Goop","floor":5,"gold_loss":0},{"damage_healed":0,"gold_gain":0,"player_choice":"Paid Gold","damage_taken":0,"relics_obtained":["Orichalcum"],"max_hp_gain":0,"max_hp_loss":0,"event_name":"WeMeetAgain","floor":14,"gold_loss":51},{"damage_healed":0,"gold_gain":99,"player_choice":"Stole From Cult","damage_taken":0,"max_hp_gain":0,"max_hp_loss":0,"event_name":"Nest","floor":19,"gold_loss":0},{"damage_healed":0,"gold_gain":0,"player_choice":"Read","damage_taken":0,"max_hp_gain":0,"max_hp_loss":0,"event_name":"The Library","floor":21,"gold_loss":0,"cards_obtained":["FollowUp"]},{"cards_removed":["SashWhip"],"damage_healed":0,"gold_gain":0,"player_choice":"Elegance","damage_taken":0,"max_hp_gain":0,"max_hp_loss":0,"event_name":"Back to Basics","floor":29,"gold_loss":0},{"damage_healed":0,"gold_gain":0,"player_choice":"Ignored","damage_taken":0,"max_hp_gain":0,"max_hp_loss":0,"event_name":"NoteForYourself","floor":31,"gold_loss":0},{"damage_healed":0,"gold_gain":0,"player_choice":"Fight","damage_taken":0,"max_hp_gain":0,"max_hp_loss":0,"event_name":"MindBloom","floor":37,"gold_loss":0},{"damage_healed":0,"gold_gain":333,"player_choice":"Gave Idol","damage_taken":0,"max_hp_gain":0,"max_hp_loss":0,"event_name":"The Moai Head","floor":39,"relics_lost":["Golden Idol"],"gold_loss":0},{"damage_healed":0,"gold_gain":0,"player_choice":"Embrace Madness","damage_taken":9,"max_hp_gain":0,"max_hp_loss":0,"event_name":"Winding Halls","floor":48,"gold_loss":0,"cards_obtained":["Madness","Madness"]}],"is_beta":false,"boss_relics":[{"not_picked":["Astrolabe","SacredBark"],"picked":"HolyWater"},{"not_picked":["Calling Bell","Black Star"],"picked":"Sozu"}],"items_purged_floors":[22,38,41],"is_endless":false,"potions_floor_spawned":[1,8,13,18,23,33,36,37,40],"ascension_level":0}}