{"host":"78azdv0oxplymbah","time":1610543646,"event":{"mods":["Arknights The Spire","BaseMod","Decade(王小明)","DeckTracker","Highlight Path","KinomotoSakuraMod(木之本樱)","Minty Spire (QoL Compilation)","MostiFishMod","Quick Restart","Relic Stats","Remove Card Discount Mod","Replay The Spire","Spicy Shops","StSLib","Td1madao Mod","The Marked","The Servant 0.9.4","【功能Mod】混沌之环修复补丁","【遗物卡牌】REMEMod"],"gold_per_floor":[114,114,137,137,160,204,233,275,275,300,23,44,69,92,92,202,202,229,256,256,17,17,59,59,99,149,149,70,93,133,113,113,125,125,46,46,46,186,211,157,157,157,157,105,193,300,69,78,78,189],"floor_reached":51,"language":"ZHS","playtime":2972,"items_purged":["Spreading Infection","Shame","Clumsy","Defend_P","Languid","Spreading Infection","Defend_P","Strike_P","Optimization","Defend_P","Strike_P","Strike_P","Defend_P","Clumsy","Sickly","Writhe","Writhe","Hallucinations","Regret","Writhe","Spreading Infection"],"score":1073,"play_id":"b0988078-2958-4f04-87c4-43cff412b125","local_time":"20210113211406","daily_mods":["Cursed Run","Vintage","Lethality"],"is_ascension_mode":false,"campfire_choices":[{"data":"Eruption","floor":15.0,"key":"SMITH"},{"data":"Pray","floor":24,"key":"SMITH"},{"data":"BowlingBash","floor":27,"key":"SMITH"},{"data":"Prostrate","floor":32,"key":"SMITH"},{"data":"Vigilance","floor":41,"key":"SMITH"},{"data":"Study","floor":49,"key":"SMITH"}],"circlet_count":0,"master_deck":["Strike_P","Eruption+1","Vigilance+1","BowlingBash+1","MostiFishMod:StarHerder+1","AbeCurse","ReplayTheSpireMod:IOU","ReplayTheSpireMod:IOU","ReplayTheSpireMod:IOU","REME_WheelOfFate+1","ReplayTheSpireMod:IOU","ReplayTheSpireMod:IOU","ReplayTheSpireMod:IOU","ReplayTheSpireMod:IOU","ReplayTheSpireMod:IOU","Pray+1","Prostrate+1","Devotion+1","PathToVictory+1","MostiFishMod:PerfectForm+1","Study+1","FlurryOfBlows+1","FlurryOfBlows+1","Doubt","Voices"],"relics":["Cursed Key","Darkstone Periapt","Du-Vu Doll","DaveBox","REME_ComplimentaryCards","BrkXgEgg","Replay:Bandana","SynthV:TestCard","Happy Flower","Tiny Chest","REME_HandOfSuture","Snack Pack","Bag of Preparation","Meat on the Bone","Kunai","Ancient Tea Set","SynthV","TeardropLocket","Replay:WaspNest","ImprovedEquipment","Simple Rune","Abe\u0027s Treasure","SynthV:C4","Replay:Rubber Ducky","ReplayTheSpireMod:TigerMarble","Replay:Wax Seal","Replay:Ringing Soul","MetatronsCube","MostiFishMod:AdaptiveDefenses","Replay:Bottled Flurry","Iron Hammer","Akabeko","Replay:Mystery Machine","ReplayTheSpireMod:Lightbulb","Replay:Baseball","Yang","Pantograph","Incense Burner","Blood Vial","FeatherPendant","Pear","ReplayTheSpireMod:CursedCoin","Juzu Bracelet","ReplayFunnel","Bottled Lightning","Boot","Damaru","Replay:Bottled Steam","CeramicFish","Dodecahedron","Replay:Accelerometer"],"acts_visited":["Exordium","TheCity","TheBeyond"],"potions_floor_usage":[33],"damage_taken":[{"damage":0.0,"enemies":"Cultist","floor":1.0,"turns":2.0},{"damage":10.0,"enemies":"Jaw Worm","floor":3.0,"turns":2.0},{"damage":3.0,"enemies":"2 Louse","floor":5.0,"turns":2.0},{"damage":0.0,"enemies":"Gremlin Nob","floor":6.0,"turns":2.0},{"damage":0.0,"enemies":"Exordium Thugs","floor":7.0,"turns":2.0},{"damage":12.0,"enemies":"Lagavulin","floor":8.0,"turns":2.0},{"damage":0.0,"enemies":"Exordium Wildlife","floor":10.0,"turns":2.0},{"damage":0.0,"enemies":"Looter","floor":12.0,"turns":1.0},{"damage":0.0,"enemies":"Large Slime","floor":13.0,"turns":2.0},{"damage":0.0,"enemies":"Red Slaver","floor":14.0,"turns":2.0},{"damage":21.0,"enemies":"Hexaghost","floor":16.0,"turns":4.0},{"damage":0.0,"enemies":"Shell Parasite","floor":18.0,"turns":1.0},{"damage":0.0,"enemies":"Spheric Guardian","floor":19.0,"turns":1.0},{"damage":0.0,"enemies":"Gremlin Leader","floor":23.0,"turns":2.0},{"damage":0,"enemies":"Replay:Snechameleon","floor":25,"turns":2},{"damage":0,"enemies":"Snecko","floor":28,"turns":2},{"damage":0,"enemies":"Snake Plant","floor":29,"turns":1},{"damage":0,"enemies":"Book of Stabbing","floor":30,"turns":1},{"damage":6,"enemies":"Champ","floor":33,"turns":4},{"damage":0,"enemies":"3 Darklings","floor":35,"turns":1},{"damage":2,"enemies":"R_Hoarder","floor":40,"turns":2},{"damage":0,"enemies":"Reptomancer","floor":44,"turns":1},{"damage":4,"enemies":"3 Shapes","floor":46,"turns":1},{"damage":0,"enemies":"Replay:Hell Engine","floor":50,"turns":1}],"seed_played":"-4624312993155624390","potions_obtained":[{"floor":3.0,"key":"Death Potion"},{"floor":5.0,"key":"SkillPotion"},{"floor":7.0,"key":"ColorlessPotion"},{"floor":10.0,"key":"EssenceOfSteel"},{"floor":16.0,"key":"Swift Potion"},{"floor":33,"key":"SneckoOil"},{"floor":40,"key":"Death Potion"}],"is_trial":false,"path_per_floor":["M","?","M","?","M","E","M","E","T","M","$","M","M","M","R","B",null,"M","M","?","$","T","E","R","E","T","R","M","M","E","$","R","B",null,"M","?","?","$","T","E","R","?","T","E","?","M","$","T","R","B",null],"character_chosen":"WATCHER","items_purchased":["SynthV","TeardropLocket","Replay:Wax Seal","REME_WheelOfFate+1","Replay:Ringing Soul","MetatronsCube","MostiFishMod:AdaptiveDefenses","Replay:Bottled Flurry","ReplayTheSpireMod:CursedCoin","CeramicFish","Dodecahedron"],"campfire_rested":0,"item_purchase_floors":[11,11,21,21,21,21,21,21,38,47,47],"current_hp_per_floor":[72,78,68,61,58,58,62,52,58,60,60,62,64,66,66,55,96,96,96,102,183,192,195,195,195,204,204,204,204,207,207,207,214,216,226,235,244,259,268,269,269,272,281,286,295,291,291,300,300,313],"gold":189,"neow_bonus":"","is_daily":true,"chose_seed":false,"campfire_upgraded":6,"win_rate":0.0,"timestamp":1610543646,"path_taken":["M","?","M","?","M","E","M","E","T","M","?","M","M","M","R","BOSS","M","M","?","$","?","E","R","E","T","R","M","M","E","?","R","BOSS","M","?","?","$","?","E","R","?","T","E","?","M","?","?","R","BOSS"],"items_purchased_type":["Relic","Relic","Relic","Card","Relic","Relic","Relic","Relic","Relic","Relic","Relic"],"build_version":"2020-12-22","purchased_purges":21,"victory":true,"max_hp_per_floor":[72,78,78,78,78,78,78,78,84,84,84,84,84,84,84,90,96,96,96,102,183,192,195,195,195,204,204,204,204,207,207,207,216,216,226,235,244,259,268,271,271,274,283,286,295,295,295,304,304,313],"relic_stats":{"Darkstone Periapt":180,"Happy Flower":[13],"counters":[24,43],"CeramicFish":18,"Yang":[38],"Bag of Preparation":[38],"Juzu Bracelet":1,"Cursed Key":6,"Boot":[0],"Blood Vial":4,"Pantograph":2,"Tiny Chest":3,"Kunai":[19],"obtain_stats":[{"Replay:Accelerometer":48,"CeramicFish":47,"MostiFishMod:AdaptiveDefenses":21,"Boot":44,"Blood Vial":33,"Replay:Ringing Soul":21,"Iron Hammer":22,"Replay:Bottled Flurry":21,"Kunai":9,"Replay:Wax Seal":21,"Replay:Bottled Steam":46,"Pear":35,"Happy Flower":2,"Dodecahedron":47,"ReplayTheSpireMod:CursedCoin":38,"Akabeko":23,"Du-Vu Doll":0,"Replay:Baseball":26,"Simple Rune":14,"ReplayTheSpireMod:TigerMarble":20,"Abe\u0027s Treasure":17,"Meat on the Bone":8,"MetatronsCube":21,"Darkstone Periapt":0,"ReplayFunnel":40,"DaveBox":0,"SynthV":11,"Yang":28,"Bag of Preparation":7,"Incense Burner":30,"Juzu Bracelet":39,"TeardropLocket":11,"Replay:Mystery Machine":23,"Cursed Key":0,"Ancient Tea Set":10,"SynthV:C4":18,"Replay:Rubber Ducky":19,"Replay:Bandana":1,"Pantograph":29,"Tiny Chest":3,"ImprovedEquipment":13,"Damaru":44,"BrkXgEgg":0,"Replay:WaspNest":12,"SynthV:TestCard":1,"FeatherPendant":34,"REME_HandOfSuture":5,"Snack Pack":6,"Bottled Lightning":43,"ReplayTheSpireMod:Lightbulb":25,"REME_ComplimentaryCards":0},{"Replay:Accelerometer":23,"CeramicFish":23,"MostiFishMod:AdaptiveDefenses":13,"Boot":22,"Blood Vial":19,"Replay:Ringing Soul":13,"Iron Hammer":13,"Replay:Bottled Flurry":13,"Kunai":6,"Replay:Wax Seal":13,"Replay:Bottled Steam":23,"Pear":20,"Happy Flower":1,"Dodecahedron":23,"ReplayTheSpireMod:CursedCoin":20,"Akabeko":14,"Du-Vu Doll":0,"Replay:Baseball":15,"Simple Rune":10,"ReplayTheSpireMod:TigerMarble":13,"Abe\u0027s Treasure":11,"Meat on the Bone":6,"MetatronsCube":13,"Darkstone Periapt":0,"ReplayFunnel":21,"DaveBox":0,"SynthV":7,"Yang":16,"Bag of Preparation":5,"Incense Burner":18,"Juzu Bracelet":20,"TeardropLocket":7,"Replay:Mystery Machine":14,"Cursed Key":0,"Ancient Tea Set":7,"SynthV:C4":12,"Replay:Rubber Ducky":13,"Replay:Bandana":1,"Pantograph":17,"Tiny Chest":2,"ImprovedEquipment":9,"Damaru":22,"BrkXgEgg":0,"Replay:WaspNest":8,"SynthV:TestCard":1,"FeatherPendant":19,"REME_HandOfSuture":3,"Snack Pack":4,"Bottled Lightning":21,"ReplayTheSpireMod:Lightbulb":15,"REME_ComplimentaryCards":0},{"Replay:Accelerometer":42,"CeramicFish":42,"MostiFishMod:AdaptiveDefenses":25,"Boot":41,"Blood Vial":34,"Replay:Ringing Soul":25,"Iron Hammer":25,"Replay:Bottled Flurry":25,"Kunai":12,"Replay:Wax Seal":25,"Replay:Bottled Steam":42,"Pear":38,"Happy Flower":2,"Dodecahedron":42,"ReplayTheSpireMod:CursedCoin":38,"Akabeko":26,"Du-Vu Doll":0,"Replay:Baseball":29,"Simple Rune":19,"ReplayTheSpireMod:TigerMarble":25,"Abe\u0027s Treasure":23,"Meat on the Bone":12,"MetatronsCube":25,"Darkstone Periapt":0,"ReplayFunnel":40,"DaveBox":0,"SynthV":14,"Yang":31,"Bag of Preparation":10,"Incense Burner":33,"Juzu Bracelet":38,"TeardropLocket":14,"Replay:Mystery Machine":27,"Cursed Key":0,"Ancient Tea Set":14,"SynthV:C4":24,"Replay:Rubber Ducky":25,"Replay:Bandana":2,"Pantograph":32,"Tiny Chest":4,"ImprovedEquipment":17,"Damaru":41,"BrkXgEgg":0,"Replay:WaspNest":15,"SynthV:TestCard":2,"FeatherPendant":37,"REME_HandOfSuture":6,"Snack Pack":8,"Bottled Lightning":40,"ReplayTheSpireMod:Lightbulb":29,"REME_ComplimentaryCards":0}],"Meat on the Bone":0},"card_choices":[{"not_picked":["Protect","WheelKick","Wish+1","Study","WreathOfFlame"],"picked":"SKIP","floor":6.0},{"not_picked":["Replay:DivineShield","CrushJoints","ThirdEye","Halt"],"picked":"BowlingBash","floor":8.0},{"not_picked":["MostiFishMod:Dust+1","Wish+1","DeusExMachina+1","REME_CRH+1"],"picked":"MostiFishMod:StarHerder+1","floor":16.0},{"not_picked":["FearNoEvil","SashWhip","BowlingBash","Consecrate"],"picked":"Pray","floor":23},{"not_picked":["ReachHeaven","REME_Repentance","WaveOfTheHand","Replay:Anticipation","ForeignInfluence"],"picked":"SKIP","floor":25},{"not_picked":["Replay:AllIn+1","FearNoEvil+1","FlurryOfBlows+1","ThirdEye"],"picked":"Prostrate","floor":30},{"not_picked":["Scrawl+1","MostiFishMod:KamiSmash+1","MostiFishMod:Pointsdynamics+1","MasterReality+1"],"picked":"Devotion+1","floor":33},{"not_picked":["Sanctity","SashWhip","Blasphemy+1","MostiFishMod:Moonprays+1"],"picked":"PathToVictory+1","floor":40},{"not_picked":["Mind Blast","MostiFishMod:Awakening+1","MostiFishMod:ButterFly","ReplayTheSpireMod:Necrogeddon+1"],"picked":"MostiFishMod:PerfectForm+1","floor":42},{"not_picked":["Indignation","EmptyBody","WreathOfFlame+1","Wallop+1"],"picked":"Study","floor":44},{"not_picked":["Vengeance","Tantrum+1","Collect","FlyingSleeves"],"picked":"FlurryOfBlows+1","floor":45},{"not_picked":["Vengeance+1","REME_Repentance+1","Wireheading+1","EmptyFist+1"],"picked":"FlurryOfBlows+1","floor":45}],"player_experience":15813,"relics_obtained":[{"floor":1.0,"key":"Replay:Bandana"},{"floor":1.0,"key":"SynthV:TestCard"},{"floor":3.0,"key":"Tiny Chest"},{"floor":5.0,"key":"REME_HandOfSuture"},{"floor":6.0,"key":"Snack Pack"},{"floor":7.0,"key":"Bag of Preparation"},{"floor":8.0,"key":"Meat on the Bone"},{"floor":9.0,"key":"Kunai"},{"floor":10.0,"key":"Ancient Tea Set"},{"floor":12.0,"key":"Replay:WaspNest"},{"floor":13.0,"key":"ImprovedEquipment"},{"floor":14.0,"key":"Simple Rune"},{"floor":18.0,"key":"SynthV:C4"},{"floor":19.0,"key":"Replay:Rubber Ducky"},{"floor":22.0,"key":"Iron Hammer"},{"floor":23,"key":"Replay:Mystery Machine"},{"floor":25,"key":"ReplayTheSpireMod:Lightbulb"},{"floor":26,"key":"Replay:Baseball"},{"floor":28,"key":"Yang"},{"floor":29,"key":"Pantograph"},{"floor":30,"key":"Incense Burner"},{"floor":35,"key":"Pear"},{"floor":39,"key":"Juzu Bracelet"},{"floor":40,"key":"ReplayFunnel"},{"floor":43,"key":"Bottled Lightning"},{"floor":44,"key":"Damaru"},{"floor":46,"key":"Replay:Bottled Steam"},{"floor":48,"key":"Replay:Accelerometer"}],"event_choices":[{"damage_healed":0.0,"max_hp_gain":0.0,"max_hp_loss":0.0,"gold_gain":0.0,"event_name":"Big Fish","player_choice":"Box","floor":2.0,"gold_loss":0.0,"damage_taken":0.0,"relics_obtained":["Happy Flower"],"cards_obtained":["Regret"]},{"cards_removed":["Regret"],"damage_healed":0.0,"max_hp_gain":0.0,"max_hp_loss":0.0,"gold_gain":0.0,"event_name":"Golden Wing","player_choice":"Card Removal","floor":4.0,"gold_loss":0.0,"damage_taken":7.0},{"damage_healed":0.0,"max_hp_gain":0.0,"max_hp_loss":0.0,"gold_gain":0.0,"event_name":"Addict","player_choice":"Stole Relic","floor":20.0,"gold_loss":0.0,"damage_taken":0.0,"relics_obtained":["ReplayTheSpireMod:TigerMarble"],"cards_obtained":["Shame"]},{"damage_healed":57,"gold_gain":0,"player_choice":"Writhe","damage_taken":0,"max_hp_gain":0,"max_hp_loss":0,"event_name":"Winding Halls","floor":36,"gold_loss":0,"cards_obtained":["Writhe"]},{"damage_healed":0,"gold_gain":0,"player_choice":"Memory 1","damage_taken":0,"max_hp_gain":0,"max_hp_loss":0,"event_name":"SensoryStone","floor":42,"gold_loss":0}],"is_beta":false,"boss_relics":[{"not_picked":["HereWithMe","REME_LowDesire"],"picked":"Abe\u0027s Treasure"},{"not_picked":["Replay:Drink Me","Runic Dome"],"picked":"FeatherPendant"}],"items_purged_floors":[11,21,21,31,31,31,31,31,31,31,31,31,31,38,38,38,38,38,47,47,47],"is_endless":false,"potions_floor_spawned":[3,5,7,10,16,19,25,33,40],"ascension_level":0}}