{"host":"mn7cqv84xrc37ulx","time":1610544540,"event":{"mods":["ATMod(∞¢Ë™Mod)","AchievementEnabler","BaseMod","Colored Powertips","Curses Come First","Dota2Spire","Energized Spire","Evolution","HumanHunterMod(π÷ŒÔ…±»Àmod)","Lobotomy","Marked Mod","Minty Spire (QoL Compilation)","MostiFishMod","Poor People Problems","Rare Cards Sparkle","Red Circlet Mod","Reimu£®≤©¿ˆ¡È√Œ£©","Replay The Spire","Robot Space Explorer","Spicy Shops","StSLib","The Dragon Tamer","The Forsaken","The Marked","The Runesmith","[µÿæ´ ◊¡Ï≈¿À˛]The Maniac","°æ“≈ŒÔø®≈∆°øREMEMod"],"gold_per_floor":[115,128,138,213,213,213,246,265,265,265,66,66,84,101,101,204,204,217,227,243,260,274,274,302,302,302],"floor_reached":25,"language":"ZHS","playtime":969,"items_purged":[],"score":319,"play_id":"ac1153ea-d465-4176-a440-f9d6e2ec1fe6","local_time":"20210113212900","is_ascension_mode":true,"campfire_choices":[{"data":"AT_EssenceShift","floor":6,"key":"SMITH"},{"floor":10,"key":"REST"},{"floor":12,"key":"REST"},{"data":"maniac:FoilArmor","floor":15,"key":"SMITH"},{"data":"maniac:FoilArmor","floor":23,"key":"SMITH"}],"circlet_count":0,"master_deck":["maniac:Strike","maniac:Strike","maniac:Strike","maniac:Strike","maniac:Strike","maniac:Defend","maniac:Defend","maniac:Defend","maniac:Defend","maniac:BurnBlood","maniac:AbyssShackle","AT_EssenceShift+1","MostiFishMod:SpreadingSpore","maniac:FoilArmor+1","maniac:BladesInCloak","maniac:SpectralKnives","maniac:LootBarrage","maniac:Confront+1","maniac:Confront+1","maniac:BladeShoot+1","maniac:EndOfTheRoad","maniac:UnseenTerror","maniac:SpectralKnives+1","maniac:Exterminator","maniac:Confront+1","maniac:Precision","maniac:FoilArmor+1","maniac:BladesInCloak+1"],"relics":["maniac:BrokenHorn","EVO:Axolotl","AT_ATBox","REME_ComplimentaryCards","DaveBox","theForsaken:PaleLantern","SentryEyes","SynthV:TestCard","theForsaken:HumbleEgg","AT_ForceNature","SynthV","Ring of Chaos","AT_ImmortalShieldbow"],"acts_visited":["Exordium","TheCity"],"potions_floor_usage":[7,21],"damage_taken":[{"damage":0,"enemies":"2 Louse","floor":1,"turns":1},{"damage":0,"enemies":"Small Slimes","floor":2,"turns":2},{"damage":18,"enemies":"Jaw Worm","floor":3,"turns":4},{"damage":7,"enemies":"Replay:BlueRogue","floor":7,"turns":3},{"damage":35,"enemies":"Exordium Wildlife","floor":8,"turns":4},{"damage":0,"enemies":"Large Slime","floor":13,"turns":1},{"damage":0,"enemies":"2 Fungi Beasts","floor":14,"turns":2},{"damage":0,"enemies":"Slime Boss","floor":16,"turns":3},{"damage":10,"enemies":"2 Thieves","floor":18,"turns":2},{"damage":7,"enemies":"Chosen","floor":19,"turns":3},{"damage":0,"enemies":"3 Cultists","floor":20,"turns":2},{"damage":8,"enemies":"Centurion and Healer","floor":21,"turns":4},{"damage":0,"enemies":"Shelled Parasite and Fungi","floor":22,"turns":2},{"damage":34,"enemies":"Replay:Snechameleon","floor":24,"turns":3},{"damage":42,"enemies":"Snake Plant","floor":25,"turns":2}],"seed_played":"8836550871429415673","potions_obtained":[{"floor":1,"key":"DistilledChaos"},{"floor":13,"key":"Venom Potion"},{"floor":16,"key":"LiquidBronze"},{"floor":20,"key":"SkillPotion"},{"floor":22,"key":"SneckoOil"}],"is_trial":false,"path_per_floor":["M","M","M","?","?","R","E","M","T","R","$","R","M","M","R","B",null,"M","M","M","M","M","R","E","M"],"character_chosen":"THE_MANIAC","items_purchased":["SynthV","maniac:Confront+1"],"campfire_rested":2,"item_purchase_floors":[11,11],"current_hp_per_floor":[80,80,64,53,53,53,49,14,14,38,38,62,62,62,62,62,80,70,63,63,58,58,58,27,0,0],"gold":302,"neow_bonus":"BOSS_RELIC","is_daily":false,"chose_seed":false,"campfire_upgraded":3,"win_rate":0.0,"timestamp":1610544540,"path_taken":["M","M","M","?","?","R","E","M","T","R","?","R","?","M","R","BOSS","M","M","M","M","M","R","E","M"],"items_purchased_type":["Relic","Card"],"build_version":"2020-12-22","purchased_purges":0,"victory":false,"max_hp_per_floor":[80,80,80,80,80,80,80,80,80,80,80,80,80,80,80,80,80,80,80,80,80,80,80,80,80,80],"card_choices":[{"not_picked":["maniac:BladeEnd","maniac:ColdHeart"],"picked":"maniac:FoilArmor","floor":1},{"not_picked":["maniac:MeleeStrike","maniac:PanickyParry","maniac:FindAShortcut","maniac:Refine"],"picked":"maniac:BladesInCloak","floor":2},{"not_picked":["maniac:BladeEnd","maniac:Intimidate","maniac:ListenToNone","maniac:Infuriate"],"picked":"maniac:SpectralKnives","floor":3},{"not_picked":["maniac:ObscuredAttack","maniac:Intimidate+1","maniac:Simulacrum","maniac:MeleeStrike+1"],"picked":"maniac:LootBarrage","floor":7},{"not_picked":["maniac:Intimidate+1","maniac:Refine+1","maniac:ListenToNone+1","maniac:ShelteringEdge+1"],"picked":"maniac:Confront+1","floor":8},{"not_picked":["maniac:PanickyParry+1","maniac:WardAndDefend+1","maniac:ReachVictory","maniac:UndyingDesire+1"],"picked":"maniac:BladeShoot+1","floor":13},{"not_picked":["maniac:WardAndDefend+1","maniac:Traceback","maniac:HammerDown","maniac:PanickyParry+1"],"picked":"maniac:EndOfTheRoad","floor":14},{"not_picked":["maniac:StormOfTime","maniac:FanTheHammer","maniac:RallyToMe","maniac:UniversalPerception"],"picked":"maniac:UnseenTerror","floor":16},{"not_picked":["maniac:ColdHeart+1","maniac:ShelteringEdge+1","maniac:WardAndDefend+1","maniac:UntravelledPath+1"],"picked":"maniac:SpectralKnives+1","floor":18},{"not_picked":["maniac:ExpectedMoves+1","maniac:UndyingDesire+1","maniac:UntravelledPath+1","maniac:DashForward+1"],"picked":"maniac:Exterminator","floor":19},{"not_picked":["maniac:BladeShoot+1","maniac:MeleeStrike+1","maniac:ShiftingShadows+1","maniac:SpectralFlash"],"picked":"maniac:Confront+1","floor":20},{"not_picked":["maniac:DashForward+1","maniac:ShelteringEdge+1","maniac:UntravelledPath+1","maniac:BladeArtist"],"picked":"maniac:Precision","floor":21},{"not_picked":["maniac:ExceedEnchantment","maniac:ListenToNone+1","maniac:WardAndDefend+1","maniac:SpectralKnives+1"],"picked":"maniac:FoilArmor","floor":22},{"not_picked":["maniac:Whirlscythe","maniac:ShelteringEdge+1","maniac:UndyingDesire+1","maniac:DashForward+1"],"picked":"maniac:BladesInCloak+1","floor":24}],"player_experience":94605,"relics_obtained":[{"floor":1,"key":"SynthV:TestCard"},{"floor":7,"key":"theForsaken:HumbleEgg"},{"floor":9,"key":"AT_ForceNature"},{"floor":24,"key":"AT_ImmortalShieldbow"}],"event_choices":[{"damage_healed":0,"gold_gain":75,"player_choice":"Gather Gold","damage_taken":11,"max_hp_gain":0,"max_hp_loss":0,"event_name":"World of Goop","floor":4,"gold_loss":0}],"is_beta":false,"boss_relics":[{"not_picked":["Tiny House","REME_DemonsWealth"],"picked":"Ring of Chaos"}],"items_purged_floors":[],"is_endless":false,"potions_floor_spawned":[1,13,16,20,22],"killed_by":"Snake Plant","ascension_level":3}}