{"host":"ydujlihd8f5px9gp","time":1610497886,"event":{"mods":["AchievementEnabler","BaseMod","Block Reminder","Colored Map","Minty Spire (QoL Compilation)","ojb\u0027s Info Mod"],"gold_per_floor":[110,36,47,63,76,76,89,101,101,101,111,111,111,131,131,227,277,290,144,131,143,153,153,153,153],"floor_reached":24,"language":"ENG","playtime":1227,"items_purged":[],"score":229,"play_id":"937aaf74-9fd6-4469-bba0-79f886709653","local_time":"20210112223126","is_ascension_mode":true,"campfire_choices":[{"data":"Loop","floor":6,"key":"SMITH"},{"data":"Loop","floor":10,"key":"SMITH"},{"data":"Gash","floor":13,"key":"SMITH"},{"floor":15,"key":"REST"},{"data":"Storm","floor":23,"key":"SMITH"}],"circlet_count":0,"master_deck":["Strike_B","Strike_B","Strike_B","Strike_B","Defend_B","Defend_B","Defend_B+1","Defend_B","Zap+1","Dualcast","Coolheaded","Loop+1","Gash","Loop+1","Gash","Gash+1","Force Field","Creative AI","Stack","Coolheaded","Gash+1","Loop+1","Storm+1"],"relics":["Cracked Core","FossilizedHelix","Tiny House","DollysMirror"],"acts_visited":["Exordium","TheCity"],"potions_floor_usage":[7,16,22,24,24,24],"damage_taken":[{"damage":0,"enemies":"Small Slimes","floor":1,"turns":3},{"damage":6,"enemies":"Jaw Worm","floor":3,"turns":3},{"damage":3,"enemies":"2 Louse","floor":4,"turns":3},{"damage":10,"enemies":"Blue Slaver","floor":5,"turns":5},{"damage":3,"enemies":"Gremlin Gang","floor":7,"turns":3},{"damage":6,"enemies":"2 Fungi Beasts","floor":8,"turns":3},{"damage":8,"enemies":"3 Louse","floor":11,"turns":4},{"damage":0,"enemies":"Blue Slaver","floor":14,"turns":3},{"damage":30,"enemies":"Hexaghost","floor":16,"turns":9},{"damage":16,"enemies":"Spheric Guardian","floor":18,"turns":6},{"damage":10,"enemies":"2 Thieves","floor":20,"turns":4},{"damage":24,"enemies":"Centurion and Healer","floor":21,"turns":7},{"damage":3,"enemies":"Cultist and Chosen","floor":22,"turns":8},{"damage":29,"enemies":"Shelled Parasite and Fungi","floor":24,"turns":3}],"seed_played":"-206879494768461561","potions_obtained":[{"floor":3,"key":"Explosive Potion"},{"floor":4,"key":"Swift Potion"},{"floor":14,"key":"FearPotion"},{"floor":17,"key":"Explosive Potion"},{"floor":20,"key":"Block Potion"},{"floor":22,"key":"LiquidBronze"}],"is_trial":false,"path_per_floor":["M","$","M","M","M","R","M","M","T","R","M","?","R","M","R","B",null,"M","$","M","M","M","R","M"],"character_chosen":"DEFECT","items_purchased":["Loop","DollysMirror"],"campfire_rested":1,"item_purchase_floors":[2,19],"current_hp_per_floor":[75,75,69,66,56,56,53,47,47,47,39,39,39,39,61,31,80,64,64,54,30,27,27,0,0],"gold":153,"neow_bonus":"UPGRADE_CARD","is_daily":false,"chose_seed":false,"campfire_upgraded":4,"win_rate":0.0,"timestamp":1610497886,"path_taken":["M","$","M","M","M","R","M","M","T","R","M","?","R","M","R","BOSS","M","$","M","M","M","R","M"],"items_purchased_type":["Card","Relic"],"build_version":"2020-12-22","purchased_purges":0,"victory":false,"max_hp_per_floor":[75,75,75,75,75,75,75,75,75,75,75,75,75,75,75,75,80,80,80,80,80,80,80,80,80],"card_choices":[{"not_picked":["Redo","Steam Power"],"picked":"Coolheaded","floor":1},{"not_picked":["Go for the Eyes","Beam Cell"],"picked":"Gash","floor":3},{"not_picked":["Barrage","Darkness"],"picked":"Loop","floor":4},{"not_picked":["Leap","Steam Power","Genetic Algorithm"],"picked":"SKIP","floor":5},{"not_picked":["Blizzard","Rainbow"],"picked":"Gash","floor":7},{"not_picked":["Cold Snap","Streamline"],"picked":"Gash","floor":8},{"not_picked":["Compile Driver","Streamline","Go for the Eyes"],"picked":"SKIP","floor":11},{"not_picked":["Steam Power","Conserve Battery"],"picked":"Force Field","floor":14},{"not_picked":["Thunder Strike","Hyperbeam"],"picked":"Creative AI","floor":16},{"not_picked":["Compile Driver","Glacier"],"picked":"Stack","floor":17},{"not_picked":["Rebound","Turbo"],"picked":"Coolheaded","floor":18},{"not_picked":["Coolheaded","Darkness"],"picked":"Loop+1","floor":20},{"not_picked":["Barrage","Undo"],"picked":"Storm","floor":21},{"not_picked":["Static Discharge","Turbo","Reinforced Body+1"],"picked":"SKIP","floor":22}],"player_experience":124022,"relics_obtained":[{"floor":9,"key":"FossilizedHelix"}],"event_choices":[{"damage_healed":0,"gold_gain":0,"player_choice":"Ignored","damage_taken":0,"max_hp_gain":0,"max_hp_loss":0,"event_name":"Liars Game","floor":12,"gold_loss":0}],"is_beta":false,"boss_relics":[{"not_picked":["Pandora\u0027s Box","Ectoplasm"],"picked":"Tiny House"}],"items_purged_floors":[],"is_endless":false,"potions_floor_spawned":[3,4,14,20,22],"killed_by":"Shelled Parasite and Fungi","ascension_level":1}}