{"host":"2se5dq1do2gp0x9k","time":1610513217,"event":{"mods":["AchievementEnabler","BaseMod","Block Reminder","Colored Map","Colored Powertips","Minty Spire (QoL Compilation)","Relic Stats","StSLib","SuperFastMode"],"gold_per_floor":[114,114,134,134,145,145,165,165,165,192,192,192,209,235,235,312,312,323,323,363,363,409,409,409,409],"floor_reached":24,"language":"ENG","playtime":920,"items_purged":[],"score":381,"play_id":"6960c190-ead5-4c75-baaa-961a81a9383d","local_time":"20210112204657","is_ascension_mode":true,"campfire_choices":[{"data":"Eruption","floor":6.0,"key":"SMITH"},{"data":"Wallop","floor":8.0,"key":"SMITH"},{"data":"EmptyFist","floor":12.0,"key":"SMITH"},{"data":"Tantrum","floor":15.0,"key":"SMITH"},{"data":"ClearTheMind","floor":23.0,"key":"SMITH"}],"circlet_count":0,"master_deck":["AscendersBane","Strike_P","Strike_P","Defend_P","Defend_P","Eruption+1","Vigilance","JustLucky+1","FollowUp+1","FearNoEvil+1","Wallop+1","EmptyFist+1","CutThroughFate","Tantrum+1","LessonLearned","Wish+1","DeusExMachina+1","DevaForm+1","Adaptation","Scrawl","CarveReality+1","Halt","FlurryOfBlows","ClearTheMind+1"],"relics":["PureWater","NeowsBlessing","Nunchaku","Pantograph","InkBottle","Astrolabe"],"acts_visited":["Exordium","TheCity"],"potions_floor_usage":[24],"damage_taken":[{"damage":0.0,"enemies":"2 Louse","floor":1.0,"turns":2.0},{"damage":0.0,"enemies":"Small Slimes","floor":3.0,"turns":1.0},{"damage":0.0,"enemies":"Cultist","floor":5.0,"turns":1.0},{"damage":1.0,"enemies":"Blue Slaver","floor":7.0,"turns":3.0},{"damage":48.0,"enemies":"Lagavulin","floor":10.0,"turns":9.0},{"damage":0.0,"enemies":"3 Louse","floor":13.0,"turns":2.0},{"damage":8.0,"enemies":"3 Sentries","floor":14.0,"turns":6.0},{"damage":17.0,"enemies":"Hexaghost","floor":16.0,"turns":5.0},{"damage":21.0,"enemies":"Spheric Guardian","floor":18.0,"turns":4.0},{"damage":1.0,"enemies":"3 Byrds","floor":20.0,"turns":4.0},{"damage":13.0,"enemies":"Centurion and Healer","floor":22.0,"turns":5.0},{"damage":30,"enemies":"Book of Stabbing","floor":24,"turns":4}],"seed_played":"7566094002120182539","potions_obtained":[{"floor":5.0,"key":"Dexterity Potion"},{"floor":13.0,"key":"Dexterity Potion"},{"floor":16.0,"key":"Explosive Potion"},{"floor":18.0,"key":"Dexterity Potion"}],"is_trial":false,"path_per_floor":["M","?","M","?","M","R","M","R","T","E","?","R","M","E","R","B",null,"M","?","M","?","M","R","E"],"character_chosen":"WATCHER","items_purchased":[],"campfire_rested":0,"item_purchase_floors":[],"current_hp_per_floor":[61,66,66,66,66,66,65,65,65,17,17,17,17,9,9,17,59,38,38,37,37,24,24,0,0],"gold":409,"neow_bonus":"THREE_ENEMY_KILL","is_daily":false,"chose_seed":false,"campfire_upgraded":5,"win_rate":0.0,"timestamp":1610513217,"path_taken":["M","?","M","?","?","R","M","R","T","E","?","R","M","E","R","BOSS","M","?","?","?","M","R","E"],"items_purchased_type":[],"build_version":"2020-12-22","purchased_purges":0,"victory":false,"max_hp_per_floor":[68,73,73,73,73,73,73,73,73,73,73,73,73,73,73,73,73,73,73,73,73,73,73,73,73],"relic_stats":{"Nunchaku":[10],"counters":[12,46],"Pantograph":25,"Astrolabe":["Wish","DeusExMachina","DevaForm"],"obtain_stats":[{"Nunchaku":9,"NeowsBlessing":0,"Pantograph":10,"Astrolabe":17,"PureWater":0,"InkBottle":14},{"Nunchaku":4,"NeowsBlessing":0,"Pantograph":5,"Astrolabe":8,"PureWater":0,"InkBottle":7},{"Nunchaku":7,"NeowsBlessing":0,"Pantograph":16,"Astrolabe":29,"PureWater":0,"InkBottle":24}],"InkBottle":[10]},"card_choices":[{"not_picked":["Prostrate","Sanctity"],"picked":"JustLucky","floor":1.0},{"not_picked":["Indignation","MentalFortress"],"picked":"FollowUp","floor":3.0},{"not_picked":["SignatureMove","FlurryOfBlows"],"picked":"FearNoEvil","floor":5.0},{"not_picked":["Collect","CrushJoints"],"picked":"Wallop","floor":7.0},{"not_picked":["Sanctity","Protect","SpiritShield"],"picked":"SKIP","floor":10.0},{"not_picked":["CrushJoints","WreathOfFlame"],"picked":"CutThroughFate","floor":13.0},{"not_picked":["ReachHeaven","FollowUp"],"picked":"Tantrum","floor":14.0},{"not_picked":["MasterReality","Ragnarok"],"picked":"LessonLearned","floor":16.0},{"not_picked":["Nirvana+1","Prostrate"],"picked":"Adaptation","floor":18.0},{"not_picked":["ThirdEye","FlyingSleeves"],"picked":"Halt","floor":20.0},{"not_picked":["Consecrate","CrushJoints"],"picked":"ClearTheMind","floor":22.0}],"player_experience":3850879,"relics_obtained":[{"floor":9.0,"key":"Nunchaku"},{"floor":10.0,"key":"Pantograph"},{"floor":14.0,"key":"InkBottle"}],"event_choices":[{"damage_healed":0.0,"max_hp_gain":5.0,"max_hp_loss":0.0,"gold_gain":0.0,"event_name":"Big Fish","player_choice":"Donut","floor":2.0,"gold_loss":0.0,"damage_taken":0.0},{"damage_healed":0.0,"max_hp_gain":0.0,"max_hp_loss":0.0,"gold_gain":0.0,"event_name":"Upgrade Shrine","player_choice":"Upgraded","floor":4.0,"gold_loss":0.0,"damage_taken":0.0,"cards_upgraded":["FollowUp"]},{"damage_healed":0.0,"max_hp_gain":0.0,"max_hp_loss":0.0,"gold_gain":0.0,"cards_transformed":["Strike_P"],"event_name":"Living Wall","player_choice":"Change","floor":11.0,"gold_loss":0.0,"damage_taken":0.0,"cards_obtained":["EmptyFist"]},{"damage_healed":0.0,"max_hp_gain":0.0,"max_hp_loss":0.0,"gold_gain":0.0,"event_name":"Match and Keep!","player_choice":"2 cards matched","floor":19.0,"gold_loss":0.0,"damage_taken":0.0,"cards_obtained":["Scrawl","CarveReality"]},{"damage_healed":0.0,"max_hp_gain":0.0,"max_hp_loss":0.0,"gold_gain":0.0,"event_name":"The Library","player_choice":"Read","floor":21.0,"gold_loss":0.0,"damage_taken":0.0,"cards_obtained":["FlurryOfBlows"]}],"is_beta":false,"boss_relics":[{"not_picked":["SacredBark","Snecko Eye"],"picked":"Astrolabe"}],"items_purged_floors":[],"is_endless":false,"potions_floor_spawned":[5,13,16,18],"killed_by":"Book of Stabbing","ascension_level":17}}