{"host":"h4lp0eeso8a0ssq0","time":1610558376,"event":{"mods":["2.2 Compatiblity","AchievementEnabler","BaseMod","CapriCore","Colored Map","Minty Spire (QoL Compilation)","StSLib","SuperFastMode"],"gold_per_floor":[109,109,126,139,139,166,121,121,169,169,204,154,166,185,185,259,259,277,291,308,308,233,233,233],"floor_reached":23,"language":"KOR","playtime":727,"items_purged":[],"score":342,"play_id":"5fe3e3e0-c94f-403c-9bf5-8ea7bbf98f5b","local_time":"20210114021936","is_ascension_mode":true,"campfire_choices":[{"floor":8.0,"key":"REST"},{"floor":10.0,"key":"REST"},{"floor":15.0,"key":"REST"}],"circlet_count":0,"master_deck":["AscendersBane","Defend_G","Defend_G","Defend_G","Defend_G","Defend_G","Survivor","Neutralize","Dagger Spray","Bouncing Flask","Footwork","Deadly Poison","Well Laid Plans","Deflect","Poisoned Stab","Corpse Explosion","Dagger Throw","Deadly Poison","Flying Knee","Venomology","Escape Plan+1","Crippling Poison","Distraction+1","Grand Finale","Wraith Form v2"],"relics":["Ring of the Snake","Art of War","Turnip","Dream Catcher","Akabeko","SacredBark"],"acts_visited":["Exordium","TheCity"],"potions_floor_usage":[],"damage_taken":[{"damage":2.0,"enemies":"Cultist","floor":1.0,"turns":5.0},{"damage":0.0,"enemies":"2 Louse","floor":3.0,"turns":2.0},{"damage":0.0,"enemies":"Small Slimes","floor":4.0,"turns":3.0},{"damage":36.0,"enemies":"3 Sentries","floor":6.0,"turns":10.0},{"damage":0.0,"enemies":"Looter","floor":7.0,"turns":5.0},{"damage":7.0,"enemies":"Lagavulin","floor":11.0,"turns":6.0},{"damage":3.0,"enemies":"Exordium Wildlife","floor":13.0,"turns":3.0},{"damage":0.0,"enemies":"Large Slime","floor":14.0,"turns":4.0},{"damage":21.0,"enemies":"Slime Boss","floor":16.0,"turns":9.0},{"damage":0.0,"enemies":"3 Byrds","floor":18.0,"turns":2.0},{"damage":4.0,"enemies":"Shell Parasite","floor":19.0,"turns":4.0},{"damage":20.0,"enemies":"Snecko","floor":20.0,"turns":5.0},{"damage":4,"enemies":"Gremlin Leader","floor":23,"turns":6}],"seed_played":"-7807924765188307605","potions_obtained":[{"floor":4.0,"key":"Weak Potion"},{"floor":11.0,"key":"Weak Potion"},{"floor":13.0,"key":"SkillPotion"},{"floor":14.0,"key":"AttackPotion"},{"floor":16.0,"key":"SteroidPotion"},{"floor":18.0,"key":"SneckoOil"}],"is_trial":false,"path_per_floor":["M","?","M","M","?","E","M","R","T","R","E","?","M","M","R","B",null,"M","M","M","?","?","E"],"character_chosen":"THE_SILENT","items_purchased":[],"campfire_rested":3,"item_purchase_floors":[],"current_hp_per_floor":[57,45,45,45,38,2,2,21,21,40,33,33,30,30,49,28,57,57,53,33,33,33,29,29],"gold":233,"neow_bonus":"THREE_CARDS","is_daily":false,"chose_seed":false,"campfire_upgraded":0,"win_rate":0.0,"timestamp":1610558376,"path_taken":["M","?","M","M","?","E","M","R","T","R","E","?","M","M","R","BOSS","M","M","M","?","?","E"],"items_purchased_type":[],"build_version":"2020-12-22","purchased_purges":0,"victory":false,"max_hp_per_floor":[66,66,66,66,66,66,66,66,66,66,66,66,66,66,66,66,66,66,66,66,66,66,66,66],"card_choices":[{"not_picked":["Underhanded Strike","Flying Knee"],"picked":"Dagger Spray","floor":0.0},{"not_picked":["Bane","Acrobatics"],"picked":"Bouncing Flask","floor":1.0},{"not_picked":["Infinite Blades","Cloak And Dagger"],"picked":"Footwork","floor":3.0},{"not_picked":["Calculated Gamble","Heel Hook"],"picked":"Deadly Poison","floor":4.0},{"not_picked":["Phantasmal Killer","Concentrate"],"picked":"Well Laid Plans","floor":6.0},{"not_picked":["Dodge and Roll","Heel Hook"],"picked":"Deflect","floor":7.0},{"not_picked":["Slice","Skewer"],"picked":"Poisoned Stab","floor":10.0},{"not_picked":["Endless Agony","Dagger Throw"],"picked":"Corpse Explosion","floor":11.0},{"not_picked":["Deflect","Terror"],"picked":"Dagger Throw","floor":13.0},{"not_picked":["Well Laid Plans","Quick Slash"],"picked":"Deadly Poison","floor":14.0},{"not_picked":["Slice","Cloak And Dagger"],"picked":"Flying Knee","floor":15.0},{"not_picked":["Night Terror","A Thousand Cuts"],"picked":"Venomology","floor":16.0},{"not_picked":["Choke","Dodge and Roll"],"picked":"Escape Plan+1","floor":18.0},{"not_picked":["Deadly Poison","Distraction+1"],"picked":"Crippling Poison","floor":19.0},{"not_picked":["Blade Dance","Outmaneuver"],"picked":"Distraction+1","floor":20.0}],"player_experience":159476,"relics_obtained":[{"floor":6.0,"key":"Turnip"},{"floor":9.0,"key":"Dream Catcher"},{"floor":11.0,"key":"Akabeko"}],"event_choices":[{"damage_healed":0.0,"max_hp_gain":0.0,"max_hp_loss":0.0,"gold_gain":0.0,"event_name":"Scrap Ooze","player_choice":"Success","floor":2.0,"gold_loss":0.0,"damage_taken":12.0,"relics_obtained":["Art of War"]},{"cards_removed":["Strike_G"],"damage_healed":0.0,"max_hp_gain":0.0,"max_hp_loss":0.0,"gold_gain":0.0,"event_name":"Golden Wing","player_choice":"Card Removal","floor":5.0,"gold_loss":0.0,"damage_taken":7.0},{"cards_removed":["Strike_G"],"damage_healed":0.0,"max_hp_gain":0.0,"max_hp_loss":0.0,"gold_gain":0.0,"event_name":"The Cleric","player_choice":"Card Removal","floor":12.0,"gold_loss":50.0,"damage_taken":0.0},{"damage_healed":0.0,"max_hp_gain":0.0,"max_hp_loss":0.0,"gold_gain":0.0,"cards_transformed":["Strike_G","Strike_G"],"event_name":"Drug Dealer","player_choice":"Became Test Subject","floor":21.0,"gold_loss":0.0,"damage_taken":0.0,"cards_obtained":["Grand Finale","Wraith Form v2"]},{"cards_removed":["Strike_G"],"damage_healed":0.0,"max_hp_gain":0.0,"max_hp_loss":0.0,"gold_gain":0.0,"event_name":"Beggar","player_choice":"Gave Gold","floor":22.0,"gold_loss":75.0,"damage_taken":0.0}],"is_beta":false,"boss_relics":[{"not_picked":["Cursed Key","Snecko Eye"],"picked":"SacredBark"}],"items_purged_floors":[],"is_endless":false,"potions_floor_spawned":[4,11,13,14,16,18],"killed_by":"Gremlin Leader","ascension_level":14}}