{"host":"b0hh64pqctf46s8m","time":1610579297,"event":{"mods":["100% Spire Juice","Act Like it!","Aspiration","BaseMod","Bestiary","Better Third Choice","CCEM","CapriCore","ChefMod","Conspire","Curses Come First","Displayed Cursed Tome","Dota2Spire","Downfall","Ekko","Elementarium","Evolution","Fireblade Mod","Fox Events","Halation","Hallownest","Hermit","Hubris","Infinite Spire","Jess\u0027s Bottle","JesterMod","Jorbs\u0027s Wanderer Trilogy","Koishi","Kratos Character Expansion","Lobotomy","Luminous","Mari Mod (Legacy)","Mari\u0027s V1 Patch","Menagerie","Mimic Mod","Minty Spire (QoL Compilation)","Pale of the Ancients","Permanent Neow","Pikachu Mod","QueenMod","Random Character Button","Relic Sorter","Relic Stats","Replay The Spire","Robot Space Explorer","Shade Mod","StSLib","The Blue Laboratory","The Bug Knight","The Dragon Tamer","The Hayseed","The Immortal","The Marked","TheLocksmith","TheSwordswoman","TheVacant","TheWitcher","Treasure Hunter","UnlockEverythingMod","Wandering Minibosses","vexMod","??????REMEMod"],"gold_per_floor":[275,160,160,88,107,107,142,161,161,161,161,180,180,180,180,281,281,301,301,320,24,77,109,109,135,135,155,181,181,181,191,191,291,291,319,350,392,392,367,402,402,443,498,568,568,38,38,81,81],"floor_reached":48,"language":"ENG","playtime":2380,"items_purged":["Shade:Strike_Shade","Shade:Strike_Shade","Shade:Strike_Shade","Shade:Strike_Shade"],"score":870,"play_id":"a6524e8c-44e7-43b3-ab5f-28fbcd306665","local_time":"20210113150817","is_ascension_mode":false,"campfire_choices":[{"data":"Shade:OpenGraves","floor":6.0,"key":"SMITH"},{"data":"Shade:AnimateDead","floor":11.0,"key":"SMITH"},{"data":"Shade:SensePrey","floor":13.0,"key":"SMITH"},{"floor":15.0,"key":"REST"},{"data":"Shade:FreshBones","floor":24,"key":"SMITH"},{"data":"Shade:Putrefaction","floor":30,"key":"SMITH"},{"data":"Shade:CommandSoldier","floor":32,"key":"SMITH"},{"data":"Shade:UnbarTheGrave","floor":41,"key":"SMITH"},{"data":"TH:DeckOfManyThings","floor":45,"key":"SMITH"}],"circlet_count":0,"master_deck":["Shade:Defend_Shade","Shade:Defend_Shade","Shade:Defend_Shade","Shade:AnimateDead+1","Shade:CarefulCut","REME_BodyOfCthun","ShyLook","Shade:SensePrey+1","Shade:FuneraryJewels","Shade:AuraOfUnlife","Shade:WallOfFlesh","Shade:FleshLikeOak","Shade:Putrefaction+1","Shade:StitchTogether","hubris:DuctTapeCard","Shade:OpenGraves+1","Shade:CommandSoldier+1","DespairKnight","Shade:CommandSoldier+1","Shade:UnbarTheGrave+1","Shade:GraveStillness","Shade:GraveStillness+1","Shade:AblativeArmor","Shade:Bonestorm+1","TH:DeckOfManyThings+1"],"relics":["Shade:YorickSkull","CCEMRelics:WrappedPresent","REME_ComplimentaryCards","EVO:Axolotl","CogitoBucket","Odd Mushroom","Dota2Spire:Vanguard","hubris:MedicalManual","CCEMRelics:OverlyComfyChair","Omamori","ChewingGum","BackwardClock","Thread and Needle","Bag of Preparation","WingedGreaves","halation:PrussianBluePaint","PreservedInsect","hubris:DuctTape","Pantograph","CCEMRelics:PorcelainBowl","FleshIdol","Calling Bell","halation:IllGainedPizza","infinitespire:CheckeredPen","Dota2Spire:HeartOfTarrasque","Peace Pipe","vexMod:GhostlyGear","Ancient Tea Set","CCEMRelics:GrindingGear","Dota2Spire:HandOfMidas","Snack Pack","REME_CardOfGreed","FossilizedHelix"],"acts_visited":["Hallownest:Greenpath","Hallownest:CityofTears","Hallownest:KingdomsEdge"],"potions_floor_usage":[28,33],"damage_taken":[{"damage":0.0,"enemies":"Hallownest:monsterHuskGuard","floor":1.0,"turns":5.0},{"damage":0.0,"enemies":"Hallownest:2_MossCreeps","floor":5.0,"turns":4.0},{"damage":10.0,"enemies":"Hallownest:eliteMossKnight","floor":7.0,"turns":16.0},{"damage":0.0,"enemies":"2_ Uuma","floor":8.0,"turns":5.0},{"damage":2.0,"enemies":"Hallownest:monsterAspidMother","floor":12.0,"turns":8.0},{"damage":0.0,"enemies":"Hallownest:BossFalseKnight","floor":16.0,"turns":13.0},{"damage":7.0,"enemies":"Hallownest:Guard_and_Sentry","floor":18.0,"turns":4.0},{"damage":0.0,"enemies":"Hallownest:2_Mistakes","floor":20.0,"turns":7.0},{"damage":0.0,"enemies":"Nightmare","floor":23.0,"turns":11.0},{"damage":0,"enemies":"Hallownest:eliteSoulWarrior","floor":25,"turns":6},{"damage":6,"enemies":"Hallownest:Warrior_and_Youth","floor":27,"turns":7},{"damage":0,"enemies":"Hallownest:eliteWatcherKnight","floor":28,"turns":10},{"damage":0,"enemies":"Hallownest:2_Flukemon","floor":31,"turns":5},{"damage":0,"enemies":"Hallownest:BossMantisLord","floor":33,"turns":7},{"damage":2,"enemies":"Hallownest:3_Siblings","floor":35,"turns":8},{"damage":0,"enemies":"Hallownest:Shield_Heavy","floor":36,"turns":5},{"damage":0,"enemies":"Hallownest:eliteHiveKnight","floor":40,"turns":6},{"damage":2,"enemies":"Hallownest:StalkingDevout","floor":42,"turns":5},{"damage":0,"enemies":"Nightmare","floor":44,"turns":7},{"damage":73,"enemies":"Hallownest:2_Great","floor":48,"turns":4}],"seed_played":"2257870835190976403","potions_obtained":[{"floor":1.0,"key":"sneckomod:MuddlingPotion"},{"floor":8.0,"key":"conspire:TimeTravelPotion"},{"floor":18.0,"key":"AttackPotion"},{"floor":28,"key":"SkillPotion"},{"floor":35,"key":"Block Potion"}],"is_trial":false,"path_per_floor":["M","?","?","$","M","R","E","M","T","?","R","M","R","$","R","B",null,"M","AVR","M","$","T","NM","R","E","T","M","E","?","R","M","R","B",null,"M","M","?","AVR","?","E","R","E","T","NM","R","$","?","M"],"character_chosen":"SHADE","items_purchased":["Shade:SensePrey","CCEMRelics:OverlyComfyChair","Omamori","Shade:GraveStillness","CCEMRelics:WrappedPresent","REME_CardOfGreed","FossilizedHelix"],"campfire_rested":1,"item_purchase_floors":[4,14,14,21,21,46,46],"current_hp_per_floor":[65,65,56,56,56,56,46,46,46,46,46,44,44,13,32,37,65,58,58,61,61,61,63,63,65,65,65,65,65,65,65,65,65,73,73,73,73,73,73,73,73,73,73,73,73,73,73,0,0],"gold":81,"neow_bonus":"","is_daily":false,"chose_seed":false,"campfire_upgraded":8,"win_rate":0.0,"timestamp":1610579297,"path_taken":["M","?","?","$","M","R","E","M","T","?","R","M","R","?","R","BOSS","M","AVR","M","$","?","NM","R","E","T","M","E","?","R","?","R","BOSS","M","M","?","AVR","?","E","R","E","T","NM","R","$","?","M"],"items_purchased_type":["Card","Relic","Relic","Card","Relic","Relic","Relic"],"build_version":"2020-12-22","purchased_purges":4,"victory":false,"max_hp_per_floor":[65,65,65,65,65,65,65,65,65,65,65,65,65,65,65,65,65,65,65,65,65,65,65,65,65,65,65,65,65,65,65,65,65,73,73,73,73,73,73,73,73,73,73,73,73,73,73,73,73],"relic_stats":{"Peace Pipe":0,"counters":[23,146],"Pantograph":0,"PreservedInsect":281,"Bag of Preparation":[24],"obtain_stats":[{"CCEMRelics:PorcelainBowl":28,"Shade:YorickSkull":0,"CCEMRelics:WrappedPresent":21,"FleshIdol":31,"Dota2Spire:Vanguard":7,"Bag of Preparation":21,"EVO:Axolotl":0,"Ancient Tea Set":40,"CogitoBucket":0,"CCEMRelics:OverlyComfyChair":14,"halation:PrussianBluePaint":22,"Pantograph":26,"WingedGreaves":21,"BackwardClock":18,"Dota2Spire:HandOfMidas":43,"hubris:DuctTape":25,"halation:IllGainedPizza":34,"Thread and Needle":19,"hubris:MedicalManual":9,"PreservedInsect":23,"Omamori":14,"Dota2Spire:HeartOfTarrasque":34,"infinitespire:CheckeredPen":34,"Odd Mushroom":2,"Calling Bell":34,"Peace Pipe":37,"vexMod:GhostlyGear":38,"ChewingGum":17,"CCEMRelics:GrindingGear":42,"Snack Pack":44,"REME_CardOfGreed":46,"FossilizedHelix":46,"REME_ComplimentaryCards":0},{"CCEMRelics:PorcelainBowl":13,"Shade:YorickSkull":0,"CCEMRelics:WrappedPresent":9,"FleshIdol":15,"Dota2Spire:Vanguard":3,"Bag of Preparation":9,"EVO:Axolotl":0,"Ancient Tea Set":19,"CogitoBucket":0,"CCEMRelics:OverlyComfyChair":5,"halation:PrussianBluePaint":9,"Pantograph":11,"WingedGreaves":9,"BackwardClock":8,"Dota2Spire:HandOfMidas":20,"hubris:DuctTape":11,"halation:IllGainedPizza":16,"Thread and Needle":8,"hubris:MedicalManual":4,"PreservedInsect":10,"Omamori":5,"Dota2Spire:HeartOfTarrasque":16,"infinitespire:CheckeredPen":16,"Odd Mushroom":1,"Calling Bell":16,"Peace Pipe":18,"vexMod:GhostlyGear":18,"ChewingGum":6,"CCEMRelics:GrindingGear":20,"Snack Pack":21,"REME_CardOfGreed":21,"FossilizedHelix":21,"REME_ComplimentaryCards":0},{"CCEMRelics:PorcelainBowl":97,"Shade:YorickSkull":0,"CCEMRelics:WrappedPresent":63,"FleshIdol":103,"Dota2Spire:Vanguard":25,"Bag of Preparation":63,"EVO:Axolotl":0,"Ancient Tea Set":129,"CogitoBucket":0,"CCEMRelics:OverlyComfyChair":38,"halation:PrussianBluePaint":63,"Pantograph":80,"WingedGreaves":63,"BackwardClock":56,"Dota2Spire:HandOfMidas":134,"hubris:DuctTape":80,"halation:IllGainedPizza":110,"Thread and Needle":56,"hubris:MedicalManual":30,"PreservedInsect":74,"Omamori":38,"Dota2Spire:HeartOfTarrasque":110,"infinitespire:CheckeredPen":110,"Odd Mushroom":5,"Calling Bell":110,"Peace Pipe":123,"vexMod:GhostlyGear":123,"ChewingGum":51,"CCEMRelics:GrindingGear":134,"Snack Pack":141,"REME_CardOfGreed":141,"FossilizedHelix":141,"REME_ComplimentaryCards":0}]},"card_choices":[{"not_picked":["Shade:CloudOfShrapnel","Shade:FreshBones"],"picked":"Shade:OpenGraves","floor":1.0},{"not_picked":["OSAHOGD","MeatLantern"],"picked":"ShyLook","floor":1.0},{"not_picked":["Shade:CoffinDance","Shade:GraveStillness"],"picked":"Shade:FuneraryJewels","floor":5.0},{"not_picked":["Shade:OminousRitual","Shade:CommandSoldier"],"picked":"Shade:AuraOfUnlife","floor":7.0},{"not_picked":["TH:PixieDust","TH:DeckOfManyThings"],"picked":"SKIP","floor":7.0},{"not_picked":["Shade:SoulToxin","Shade:Trample"],"picked":"Shade:WallOfFlesh","floor":8.0},{"not_picked":["TH:TreasureMap","TH:ElvenBoots"],"picked":"SKIP","floor":9.0},{"not_picked":["Shade:ExtraLimbs","Shade:CallWraith"],"picked":"Shade:FleshLikeOak","floor":12.0},{"not_picked":["Shade:SoulPierce","Shade:Tombstone"],"picked":"Shade:Putrefaction","floor":16.0},{"not_picked":["Shade:Bite_Shade","Shade:FeralStrike"],"picked":"Shade:FreshBones","floor":18.0},{"not_picked":["Shade:Premonition","Shade:CallOfTheGrave","Shade:Haruspicy"],"picked":"SKIP","floor":20.0},{"not_picked":["TH:Mimic","TH:EnergyPotion"],"picked":"SKIP","floor":22.0},{"not_picked":["Shade:WallOfFlesh","Shade:GreyBargain"],"picked":"Shade:StitchTogether","floor":23.0},{"not_picked":["TH:PixieDust","TH:Mimic"],"picked":"SKIP","floor":23.0},{"not_picked":["Shade:CommandSoldier","Shade:FeralStrike"],"picked":"Shade:OpenGraves+1","floor":25},{"not_picked":["TH:EnergyPotion","TH:BikiniMail"],"picked":"SKIP","floor":25},{"not_picked":["TH:TreasureMap","TH:BikiniMail"],"picked":"SKIP","floor":26},{"not_picked":["Shade:SanguineRitual","Shade:DangerousRitual"],"picked":"Shade:CommandSoldier+1","floor":27},{"not_picked":["TH:ArmorSpikes","TH:EnergyPotion"],"picked":"SKIP","floor":28},{"not_picked":["Shade:Frenzy","Shade:RitualOffering+1","Shade:SpontaneousRitual"],"picked":"SKIP","floor":28},{"not_picked":["BeautyBeast","BodiesMountain"],"picked":"DespairKnight","floor":31},{"not_picked":["Shade:Frenzy+1","Shade:Doomsay"],"picked":"Shade:CommandSoldier","floor":31},{"not_picked":["Shade:SoulPierce","Shade:Tombstone"],"picked":"Shade:UnbarTheGrave","floor":33},{"not_picked":["Shade:SkeletonHug","Shade:PoundOfFlesh"],"picked":"Shade:GraveStillness","floor":35},{"not_picked":["Shade:SpontaneousRitual","Shade:FuneraryArmor","Shade:CallWraith+1"],"picked":"SKIP","floor":36},{"not_picked":["Shade:SelfBurial","Shade:Premonition"],"picked":"Shade:GraveStillness+1","floor":37},{"not_picked":["Shade:CallWraith","Shade:CommandSoldier"],"picked":"Shade:AblativeArmor","floor":40},{"not_picked":["TH:ArmorSpikes","TH:TreasureMap"],"picked":"SKIP","floor":40},{"not_picked":["Shade:Frenzy+1","Shade:Patience+1"],"picked":"Shade:Bonestorm+1","floor":42},{"not_picked":["TH:TreasureMap","TH:EnergyPotion"],"picked":"SKIP","floor":42},{"not_picked":["TH:CursedSword"],"picked":"TH:DeckOfManyThings","floor":43},{"not_picked":["TH:Mimic","TH:PixieDust"],"picked":"SKIP","floor":44},{"not_picked":["Shade:GraveStillness+1","Shade:Excise+1","Shade:BoneShards+1"],"picked":"SKIP","floor":44}],"player_experience":1557995,"relics_obtained":[{"floor":7.0,"key":"Dota2Spire:Vanguard"},{"floor":9.0,"key":"hubris:MedicalManual"},{"floor":21.0,"key":"Bag of Preparation"},{"floor":21.0,"key":"WingedGreaves"},{"floor":22.0,"key":"halation:PrussianBluePaint"},{"floor":23.0,"key":"PreservedInsect"},{"floor":25,"key":"hubris:DuctTape"},{"floor":26,"key":"Pantograph"},{"floor":28,"key":"CCEMRelics:PorcelainBowl"},{"floor":34,"key":"halation:IllGainedPizza"},{"floor":34,"key":"infinitespire:CheckeredPen"},{"floor":34,"key":"Dota2Spire:HeartOfTarrasque"},{"floor":37,"key":"Peace Pipe"},{"floor":40,"key":"Ancient Tea Set"},{"floor":42,"key":"CCEMRelics:GrindingGear"},{"floor":43,"key":"Dota2Spire:HandOfMidas"},{"floor":44,"key":"Snack Pack"}],"event_choices":[{"damage_healed":0.0,"max_hp_gain":0.0,"max_hp_loss":0.0,"gold_gain":0.0,"event_name":"conspire:Investor","player_choice":"Leave","floor":10.0,"gold_loss":0.0,"damage_taken":0.0}],"is_beta":false,"boss_relics":[{"not_picked":["Replay:Bronze Core","halation:Prosthetics"],"picked":"ChewingGum"},{"not_picked":["REME_ChargedStone","aspiration:RunicSpoon"],"picked":"Calling Bell"}],"items_purged_floors":[14,19,38,46],"is_endless":false,"potions_floor_spawned":[1,8,16,18,20,23,28,35,44],"killed_by":"Hallownest:2_Great","ascension_level":0}}