{"host":"nuce7grnusr8lpe2","time":1610554085,"event":{"mods":["Act Like it!","BaseMod","Better Third Choice","Gensokyo","Marisa????????","Minty Spire (QoL Compilation)","Prisma Mod","Rare Cards Sparkle","StSLib","Td1madao Mod","The Animator","The Servant 0.9.4","The Wild Card"],"gold_per_floor":[114,124,124,14,29,54,54,54,54,66,66,93,93,93,93,193,193,208,208,208,218,228,260,277,303,373,373,387,168,198,198,198,303,303,314,42,53,53,53,53,80,80,133,133,165,181,198,212,212,212,212,212,58,93,93],"floor_reached":56,"language":"ENG","playtime":6033,"items_purged":[],"score":1368,"play_id":"e161a116-ee4c-41a1-8911-af695b1dcdb3","local_time":"20210113170805","is_ascension_mode":false,"campfire_choices":[{"floor":7,"key":"REST"},{"floor":11,"key":"RECALL"},{"floor":13,"key":"REST"},{"data":"SilverBlades","floor":15,"key":"SMITH"},{"floor":27,"key":"REST"},{"floor":32,"key":"REST"},{"data":"Gensokyo:Doppelganger","floor":40,"key":"SMITH"},{"data":"MurderousAura","floor":42,"key":"SMITH"},{"floor":49,"key":"REST"},{"data":"Dilation","floor":52,"key":"SMITH"}],"circlet_count":0,"master_deck":["Strike_S","Strike_S","Defend_S","Defend_S","Defend_S","Defend_S+1","KidneyShot","Exchange","Shame","Alleviate","SilverBlades+1","Moonlight","Potential","MurderousAura+1","BottledTime","Clumsy","KillingDoll","Contraction","Gensokyo:FourOfAKind","Gensokyo:FourOfAKind","Gensokyo:FourOfAKind","Gensokyo:FourOfAKind+1","Gensokyo:AllTheWorldsEvil","Ricochet+1","WasteNot","Starlight","Misdirection+1","Solidify","Gensokyo:ReactiveArmor","FastForward+1","SoulSculpture","Gensokyo:Doppelganger+1","Dilation","SurpressingFire+1","Gensokyo:Kunekune","Gensokyo:MedicineKit","Starlight+1","Dilation+1"],"relics":["SplendidAttire","Gambling Chip","Happy Flower","Dream Catcher","Dead Branch","TungstenRod","Pen Nib","Gensokyo:NagashiBinaDoll","Philosopher\u0027s Stone","Strawberry","Ancient Tea Set","InkBottle","Pan","Tiny Chest","Pear","Bronze Scales","Regal Pillow","StoneCalendar","War Paint","Boot"],"acts_visited":["Gensokyo:Gensokyo","Gensokyo:Gensokyoer","Gensokyo:Gensokyoest","TheEnding"],"potions_floor_usage":[6,6,6,18,25,25,45,47,50],"damage_taken":[{"damage":0,"enemies":"Gensokyo:2_Kodama","floor":1,"turns":4},{"damage":0,"enemies":"Gensokyo:Python","floor":2,"turns":4},{"damage":7,"enemies":"Gensokyo:Gryphon","floor":5,"turns":5},{"damage":9,"enemies":"Gensokyo:Aya","floor":6,"turns":9},{"damage":17,"enemies":"Gensokyo:3_Kodama","floor":10,"turns":6},{"damage":2,"enemies":"Gensokyo:Mamizou","floor":12,"turns":7},{"damage":12,"enemies":"Gensokyo:Kokoro","floor":16,"turns":8},{"damage":16,"enemies":"Gensokyo:3_Dogs","floor":18,"turns":3},{"damage":7,"enemies":"Gensokyo:AngelMirror","floor":21,"turns":4},{"damage":1,"enemies":"Gensokyo:Monolith_and_Dog","floor":22,"turns":5},{"damage":0,"enemies":"Gensokyo:Reisen","floor":23,"turns":4},{"damage":22,"enemies":"Gensokyo:Mirror_and_Dog","floor":24,"turns":3},{"damage":21,"enemies":"Gensokyo:Tenshi","floor":25,"turns":5},{"damage":2,"enemies":"Gensokyo:Wraith","floor":28,"turns":4},{"damage":14,"enemies":"Gensokyo:Koishi","floor":30,"turns":5},{"damage":0,"enemies":"Gensokyo:Eternal_Rivals","floor":33,"turns":5},{"damage":0,"enemies":"Gensokyo:AncientGuardian","floor":35,"turns":2},{"damage":0,"enemies":"Gensokyo:3_Bats","floor":37,"turns":1},{"damage":20,"enemies":"Gensokyo:Marisa","floor":45,"turns":4},{"damage":0,"enemies":"Gensokyo:SeedOfUnknown","floor":46,"turns":3},{"damage":15,"enemies":"Gensokyo:Dusk_and_Dawn","floor":47,"turns":4},{"damage":0,"enemies":"Gensokyo:3_Boulders","floor":48,"turns":3},{"damage":0,"enemies":"Gensokyo:Scarlet_Devils","floor":50,"turns":8},{"damage":1,"enemies":"Shield and Spear","floor":54,"turns":7},{"damage":34,"enemies":"The Heart","floor":55,"turns":7}],"seed_played":"5691567212294020901","potions_obtained":[{"floor":5,"key":"EntropicBrew"},{"floor":12,"key":"BlessingOfTheForge"},{"floor":21,"key":"FearPotion"},{"floor":25,"key":"SteroidPotion"},{"floor":30,"key":"ColorlessPotion"},{"floor":35,"key":"SkillPotion"},{"floor":46,"key":"Explosive Potion"},{"floor":47,"key":"LiquidBronze"},{"floor":48,"key":"LiquidMemories"}],"is_trial":false,"path_per_floor":["M","M","?","COS","?","E","R","$","T","M","R","E","R","?","R","B",null,"M","?","?","M","M","E","M","E","T","R","M","COS","E","?","R","B",null,"M","COS","M","$","T","R","T","R","T","?","E","M","M","M","R","B",null,"R","$","E","B",null],"character_chosen":"THE_SERVANT","items_purchased":["War Paint"],"campfire_rested":5,"item_purchase_floors":[53],"current_hp_per_floor":[65,65,65,65,58,49,65,65,65,48,48,46,65,65,65,53,65,49,46,46,39,38,45,23,2,2,17,15,15,1,1,15,15,48,48,48,48,48,58,58,58,58,58,58,38,38,27,27,58,58,58,58,58,57,23],"gold":93,"neow_bonus":"ONE_RARE_RELIC","is_daily":false,"chose_seed":false,"campfire_upgraded":4,"win_rate":0.0,"timestamp":1610554085,"path_taken":["M","M","?","COS","?","E","R","$","T","M","R","E","R","?","R","BOSS","M","?","?","M","?","E","M","E","T","R","M","COS","E","?","R","BOSS","M","COS","?","$","?","R","?","R","T","?","E","M","M","M","R","BOSS","R","$","E","BOSS"],"items_purchased_type":["Relic"],"build_version":"2020-12-22","purchased_purges":0,"victory":true,"max_hp_per_floor":[65,65,65,65,65,65,65,65,65,65,65,65,65,65,65,65,65,65,46,46,46,46,53,53,53,53,53,53,53,53,48,48,48,48,48,48,48,48,58,58,58,58,58,58,58,58,58,58,58,58,58,58,58,58,58],"card_choices":[{"not_picked":["Replace","TimeWarp"],"picked":"ShatteredReality","floor":1},{"not_picked":["FastForward","Rewind"],"picked":"Alleviate","floor":2},{"not_picked":["Rearm","Starlight"],"picked":"SilverBlades","floor":5},{"not_picked":["Duplication","TimeTheft"],"picked":"Moonlight","floor":6},{"not_picked":["Unruled","Alleviate"],"picked":"Potential","floor":10},{"not_picked":["Desolation","Shuttle"],"picked":"MurderousAura","floor":12},{"not_picked":["MoonPhase","Sabotage"],"picked":"BottledTime","floor":13},{"not_picked":["SoulSculpture","MurderousAura"],"picked":"KillingDoll","floor":16},{"not_picked":["Unruled","Rewind"],"picked":"Contraction","floor":18},{"not_picked":["Rewind","Comet"],"picked":"Ricochet+1","floor":21},{"not_picked":["TimeWarp","DoubleEdge"],"picked":"WasteNot","floor":22},{"not_picked":["DoubleEdge","Rewind","Alleviate+1"],"picked":"SKIP","floor":23},{"not_picked":["Hightail","SpecialFormula"],"picked":"Starlight","floor":24},{"not_picked":["Defy","BottledTime+1"],"picked":"Misdirection+1","floor":25},{"not_picked":["Ricochet","DoubleEdge+1"],"picked":"Solidify","floor":28},{"not_picked":["Rewind+1","Potential+1"],"picked":"FastForward+1","floor":30},{"not_picked":["Spin","TimeWarp+1"],"picked":"SoulSculpture","floor":30},{"not_picked":["Gensokyo:TekeTeke","Gensokyo:SevenSchoolMysteries"],"picked":"Gensokyo:Doppelganger","floor":31},{"not_picked":["KillingDoll","ForgedInTime"],"picked":"Dilation","floor":33},{"not_picked":["Rewind","Ricochet"],"picked":"SurpressingFire+1","floor":35},{"not_picked":["Replace","DoubleEdge+1","Alleviate+1"],"picked":"SKIP","floor":37},{"not_picked":["FastForward+1","Deny"],"picked":"Starlight+1","floor":45},{"not_picked":["Starlight","Rewind","Ricochet+1"],"picked":"SKIP","floor":46},{"not_picked":["ShatteredReality+1","Revamp"],"picked":"Dilation","floor":47},{"not_picked":["Alleviate","Starlight","Ricochet"],"picked":"SKIP","floor":48},{"not_picked":["WasteNot","Alleviate+1","Rearm+1"],"picked":"SKIP","floor":54}],"player_experience":437329,"relics_obtained":[{"floor":6,"key":"Dead Branch"},{"floor":12,"key":"Pen Nib"},{"floor":23,"key":"Strawberry"},{"floor":25,"key":"Ancient Tea Set"},{"floor":26,"key":"InkBottle"},{"floor":30,"key":"Tiny Chest"},{"floor":39,"key":"Pear"},{"floor":41,"key":"Bronze Scales"},{"floor":43,"key":"Regal Pillow"},{"floor":45,"key":"StoneCalendar"},{"floor":54,"key":"Boot"}],"event_choices":[],"is_beta":false,"boss_relics":[{"not_picked":["MysterySword","Coffee Dripper"],"picked":"Philosopher\u0027s Stone"},{"not_picked":["Velvet Choker","Astrolabe"],"picked":"SplendidAttire"}],"items_purged_floors":[],"is_endless":false,"potions_floor_spawned":[5,12,21,25,30,35,46,47,48],"ascension_level":0}}