{"host":"fa96ppy4vc5r7pma","time":1610570586,"event":{"mods":["BaseMod","Best Route Mod","Bestiary","Block Reminder","Colored Map","Dark Map","Dota2Spire","Ekko","GungeonMod","Hermit","Highlight Path","Hubris","Jorbs\u0027s Wanderer Trilogy","Minty Spire (QoL Compilation)","Permanent Neow","Quick Restart","Random Character Button","Relic Stats","Replay The Spire","StSLib","The Bladedancer","The Blue Laboratory","The Cursed","The Servant 0.9.4","Waifu the Spire","WarShipGirlsR/????R mod"],"gold_per_floor":[215,230,230,230,279,343,343,353,353,353,353,416,416,450,541,642,642,685,705,752,752,769,769,263,263,263,310,310,322,384,399,399,532,532,551,597,157,209,267,302,345,345,416,431,488,488,488],"floor_reached":46,"language":"ENG","playtime":2713,"items_purged":["Juggernaut"],"score":916,"play_id":"b99c114a-21e1-4b16-ac65-add717382daa","local_time":"20210113154306","is_ascension_mode":true,"campfire_choices":[{"floor":7,"key":"REST"},{"data":"Massacre","floor":11,"key":"SMITH"},{"floor":13,"key":"REST"},{"data":"Heavy Blade","floor":23,"key":"SMITH"},{"data":"Infernal Blade","floor":25,"key":"SMITH"},{"floor":28,"key":"REST"},{"floor":32,"key":"REST"},{"floor":42,"key":"REST"}],"circlet_count":0,"master_deck":["Strike_R","Strike_R","Strike_R","Strike_R","Strike_R","Defend_R","Defend_R+1","Defend_R","Defend_R+1","Bash","ReplayTheSpireMod:Stacked","Cleave","Massacre+1","Warcry","Power Through","Shrug It Off","Pommel Strike","Infernal Blade+1","Twin Strike","Massacre+1","Heavy Blade+1","Double Tap","Thunderclap","Thunderclap","Pummel","Cleave+1","ReplayTheSpireMod:Limb From Limb","Cleave","Immolate","Regret","CommonCold","Clumsy","Cleave+1","Anger+1","Feed","Anger","Sword Boomerang","Whirlwind"],"relics":["Burning Blood","Happy Flower","Brimstone","Dota2Spire:HandOfMidas","hubris:FruitBowl","Boot","Letter Opener","Dota2Spire:BattleFury","Dota2Spire:OrchidMalevolence","Replay:Grab Bag","ReplayTheSpireMod:DimensionalGlitch","Sozu","hubris:Backtick","The Courier","BargainBundle","Snack Pack","Replay:Rubber Ducky","Matryoshka","DemoMod:BlueGuonStone","Replay:Ancient Bell","War Paint","Dota2Spire:Dagon","Counterbalance","CeramicFish","InkBottle","Strawberry","Dota2Spire:Desolator","DemoMod:PinkGuonStone"],"acts_visited":["Exordium","TheCity","TheBeyond"],"potions_floor_usage":[16,20,33],"damage_taken":[{"damage":4,"enemies":"2 Louse","floor":1,"turns":3},{"damage":0,"enemies":"Cultist","floor":2,"turns":4},{"damage":0,"enemies":"Small Slimes","floor":5,"turns":3},{"damage":4,"enemies":"3 Sentries","floor":6,"turns":3},{"damage":18,"enemies":"Gremlin Gang","floor":8,"turns":2},{"damage":9,"enemies":"Lagavulin","floor":12,"turns":5},{"damage":0,"enemies":"3 Sentries","floor":14,"turns":3},{"damage":9,"enemies":"Fading Forest","floor":16,"turns":11},{"damage":13,"enemies":"2 Thieves","floor":18,"turns":2},{"damage":11,"enemies":"3 Byrds","floor":19,"turns":4},{"damage":3,"enemies":"Snecko","floor":20,"turns":3},{"damage":3,"enemies":"Snake Plant","floor":22,"turns":2},{"damage":11,"enemies":"Centurion and Healer","floor":27,"turns":3},{"damage":7,"enemies":"Snecko","floor":29,"turns":3},{"damage":17,"enemies":"Book of Stabbing","floor":30,"turns":3},{"damage":6,"enemies":"Sentry and Sphere","floor":31,"turns":3},{"damage":23,"enemies":"Pondfish","floor":33,"turns":6},{"damage":0,"enemies":"3 Darklings","floor":35,"turns":1},{"damage":21,"enemies":"3 Shapes","floor":36,"turns":2},{"damage":28,"enemies":"Sphere and 2 Shapes","floor":38,"turns":4},{"damage":8,"enemies":"Transient","floor":39,"turns":5},{"damage":23,"enemies":"R_Hoarder","floor":40,"turns":4},{"damage":9,"enemies":"4 Shapes","floor":41,"turns":2},{"damage":15,"enemies":"Jaw Worm Horde","floor":44,"turns":2},{"damage":40,"enemies":"Spire Growth","floor":45,"turns":3},{"damage":25,"enemies":"Reptomancer","floor":46,"turns":3}],"seed_played":"-4791186183569483366","potions_obtained":[{"floor":2,"key":"blueLaboratory:PhilterOfMotion"},{"floor":10,"key":"blueLaboratory:PolymorphPotion"},{"floor":10,"key":"HeartOfIron"},{"floor":10,"key":"Adrenaline Potion"},{"floor":16,"key":"blueLaboratory:BottleOfRum"}],"is_trial":false,"path_per_floor":["M","M","?","$","M","E","R","M","T","?","R","E","R","E","R_BF","B",null,"M","M","M","?","M","R","$","R","T","M","R","M","E","M","R","B",null,"M","M","$","M","M","E","M","R","T","M","M","E"],"character_chosen":"IRONCLAD","items_purchased":["Brimstone","Dota2Spire:HandOfMidas","hubris:FruitBowl","BargainBundle","Double Tap","Thunderclap","Snack Pack","Replay:Rubber Ducky","CeramicFish","Feed","InkBottle"],"campfire_rested":5,"item_purchase_floors":[4,4,4,24,24,24,24,24,37,37,37],"current_hp_per_floor":[80,80,80,41,47,49,73,61,61,61,61,58,80,80,80,77,80,70,62,62,62,62,62,62,62,62,56,80,76,64,62,80,63,80,80,63,63,39,39,32,27,54,64,54,19,0,0],"gold":488,"neow_bonus":"HUNDRED_GOLD","is_daily":false,"chose_seed":false,"campfire_upgraded":3,"win_rate":0.0,"timestamp":1610570586,"path_taken":["M","M","?","?","M","E","R","M","T","?","R","E","R","E","R_BF","BOSS","M","M","?","?","M","R","$","R","T","M","R","?","E","M","R","BOSS","M","M","$","M","M","E","M","R","T","M","M","E"],"items_purchased_type":["Relic","Relic","Relic","Relic","Card","Card","Relic","Relic","Relic","Card","Relic"],"build_version":"2020-12-22","purchased_purges":1,"victory":false,"max_hp_per_floor":[80,80,80,80,80,80,80,80,80,80,80,80,80,80,80,80,80,80,80,80,80,80,80,80,80,80,80,80,80,80,80,80,80,80,80,80,80,80,80,90,90,90,100,100,100,100,100],"relic_stats":{"Sozu":8,"Happy Flower":[27],"counters":[26,89],"CeramicFish":36,"Letter Opener":[54],"War Paint":["Defend_R","Defend_R"],"Boot":[37],"obtain_stats":[{"DemoMod:BlueGuonStone":30,"Dota2Spire:OrchidMalevolence":14,"CeramicFish":37,"DemoMod:GlassGuonStoneRelic":2,"Boot":6,"Burning Blood":0,"Replay:Rubber Ducky":24,"Sozu":17,"hubris:Backtick":17,"Matryoshka":26,"Strawberry":40,"InkBottle":37,"Dota2Spire:HandOfMidas":4,"BargainBundle":24,"Happy Flower":3,"Replay:Grab Bag":17,"Dota2Spire:Dagon":34,"Counterbalance":34,"hubris:FruitBowl":4,"Dota2Spire:BattleFury":12,"The Courier":17,"DemoMod:PinkGuonStone":43,"Replay:Ancient Bell":34,"Letter Opener":9,"War Paint":34,"Brimstone":4,"Snack Pack":24,"ReplayTheSpireMod:DimensionalGlitch":17,"Dota2Spire:Desolator":43},{"DemoMod:BlueGuonStone":15,"Dota2Spire:OrchidMalevolence":7,"CeramicFish":19,"DemoMod:GlassGuonStoneRelic":2,"Boot":4,"Burning Blood":0,"Replay:Rubber Ducky":12,"Sozu":8,"hubris:Backtick":8,"Matryoshka":12,"Strawberry":22,"InkBottle":19,"Dota2Spire:HandOfMidas":2,"BargainBundle":12,"Happy Flower":2,"Replay:Grab Bag":8,"Dota2Spire:Dagon":17,"Counterbalance":17,"hubris:FruitBowl":2,"Dota2Spire:BattleFury":6,"The Courier":8,"DemoMod:PinkGuonStone":23,"Replay:Ancient Bell":17,"Letter Opener":5,"War Paint":17,"Brimstone":2,"Snack Pack":12,"ReplayTheSpireMod:DimensionalGlitch":8,"Dota2Spire:Desolator":23},{"DemoMod:BlueGuonStone":54,"Dota2Spire:OrchidMalevolence":23,"CeramicFish":66,"DemoMod:GlassGuonStoneRelic":7,"Boot":13,"Burning Blood":0,"Replay:Rubber Ducky":45,"Sozu":34,"hubris:Backtick":34,"Matryoshka":45,"Strawberry":79,"InkBottle":66,"Dota2Spire:HandOfMidas":7,"BargainBundle":45,"Happy Flower":7,"Replay:Grab Bag":34,"Dota2Spire:Dagon":63,"Counterbalance":63,"hubris:FruitBowl":7,"Dota2Spire:BattleFury":20,"The Courier":34,"DemoMod:PinkGuonStone":81,"Replay:Ancient Bell":63,"Letter Opener":15,"War Paint":63,"Brimstone":7,"Snack Pack":45,"ReplayTheSpireMod:DimensionalGlitch":34,"Dota2Spire:Desolator":81}],"Burning Blood":82,"InkBottle":[7]},"card_choices":[{"not_picked":["Headbutt","hubris:CleavingFinish"],"picked":"ReplayTheSpireMod:Stacked","floor":1},{"not_picked":["Clothesline","Sentinel"],"picked":"Cleave","floor":2},{"not_picked":["Armaments","Flex"],"picked":"Massacre","floor":5},{"not_picked":["Hemokinesis","Entrench"],"picked":"Warcry","floor":6},{"not_picked":["Body Slam","Second Wind"],"picked":"Power Through","floor":8},{"not_picked":["hubris:StunningStrike","Uppercut"],"picked":"Shrug It Off","floor":12},{"not_picked":["Perfected Strike","Headbutt"],"picked":"Pommel Strike","floor":14},{"not_picked":["Demonic Infusion","Eclipse"],"picked":"Juggernaut","floor":16},{"not_picked":["Clash","True Grit"],"picked":"Infernal Blade","floor":18},{"not_picked":["Pummel","Abandon"],"picked":"Twin Strike","floor":19},{"not_picked":["Corruption","Iron Wave"],"picked":"Massacre+1","floor":20},{"not_picked":["Infernal Blade","Replay:Undeath\u0027s Touch"],"picked":"Heavy Blade","floor":22},{"not_picked":["Entrench","Pommel Strike"],"picked":"Pummel","floor":27},{"not_picked":["Shrug It Off","Blood for Blood+1"],"picked":"Cleave+1","floor":29},{"not_picked":["Warcry","Fire Breathing"],"picked":"ReplayTheSpireMod:Limb From Limb","floor":30},{"not_picked":["Clash","Offering"],"picked":"Cleave","floor":31},{"not_picked":["Replay:Many Hands","Double Tap"],"picked":"Immolate","floor":33},{"not_picked":["ReplayTheSpireMod:Doomed","Spreading Infection"],"picked":"Regret","floor":34},{"not_picked":["hubris:Despair","hubris:Greed"],"picked":"CommonCold","floor":34},{"not_picked":["stsjorbsmod:PollutedStrike","blademaster:WrongfulFootwork"],"picked":"Clumsy","floor":34},{"not_picked":["Shockwave+1","Iron Wave"],"picked":"Cleave+1","floor":35},{"not_picked":["Warcry+1","Clash+1"],"picked":"Anger+1","floor":36},{"not_picked":["Armaments","DemoMod:BlackBlade"],"picked":"Anger","floor":38},{"not_picked":["DemoMod:BlackBlade","Rupture"],"picked":"Sword Boomerang","floor":39},{"not_picked":["Havoc","ReplayTheSpireMod:Strike From Hell","Sword Boomerang"],"picked":"SKIP","floor":40},{"not_picked":["Headbutt+1","Carnage","ReplayTheSpireMod:Strike From Hell"],"picked":"SKIP","floor":41},{"not_picked":["Wild Strike","Dual Wield+1","Headbutt+1"],"picked":"SKIP","floor":44},{"not_picked":["Searing Blow","Headbutt"],"picked":"Whirlwind","floor":45}],"player_experience":126179,"relics_obtained":[{"floor":6,"key":"Boot"},{"floor":9,"key":"Letter Opener"},{"floor":12,"key":"Dota2Spire:BattleFury"},{"floor":14,"key":"Dota2Spire:OrchidMalevolence"},{"floor":26,"key":"Matryoshka"},{"floor":30,"key":"DemoMod:BlueGuonStone"},{"floor":40,"key":"Strawberry"},{"floor":43,"key":"Dota2Spire:Desolator"},{"floor":43,"key":"DemoMod:PinkGuonStone"}],"event_choices":[{"damage_healed":0,"gold_gain":0,"player_choice":"Gave Potion","damage_taken":0,"relics_obtained":["Happy Flower"],"max_hp_gain":0,"max_hp_loss":0,"event_name":"WeMeetAgain","floor":3,"gold_loss":0},{"damage_healed":0,"gold_gain":0,"player_choice":"Got Potions","damage_taken":0,"max_hp_gain":0,"max_hp_loss":0,"event_name":"Lab","floor":10,"gold_loss":0},{"damage_healed":0,"gold_gain":0,"player_choice":"Ignored","damage_taken":0,"max_hp_gain":0,"max_hp_loss":0,"event_name":"Transmorgrifier","floor":21,"gold_loss":0}],"is_beta":false,"boss_relics":[{"not_picked":["Busted Crown","Electric Blood"],"picked":"Replay:Grab Bag"},{"not_picked":["Abe\u0027s Treasure","hubris:RunicObelisk"],"picked":"ReplayTheSpireMod:DimensionalGlitch"},{"not_picked":["Painkiller Herb","Dota2Spire:Bloodstone"],"picked":"Sozu"},{"not_picked":["Kintsugi","SlaversCollar"],"picked":"hubris:Backtick"},{"not_picked":["Honey Jar","hubris:Stopwatch"],"picked":"Replay:Ancient Bell"},{"not_picked":["ReplayFunnel","DemoMod:PoisonVial"],"picked":"War Paint"},{"not_picked":["Replay:Bottled Eggs","Quantum Egg"],"picked":"Dota2Spire:Dagon"},{"not_picked":["Mango","Pondfish Scales"],"picked":"Counterbalance"}],"items_purged_floors":[24],"is_endless":false,"potions_floor_spawned":[2,12,16,18,22,27,31,33,38,39,41],"killed_by":"Reptomancer","ascension_level":2}}