{"host":"79pwvnyrdes6uj7k","time":1610505703,"event":{"mods":["2.2 Compatiblity","Astrologer","BaseMod","Beaked The Cultist","Colored Powertips","Downfall","Exacting","Friendly Minions","HexUI Lib","Highlight Path","Hubris","Infinite Spire","JesterMod","Mad Scientist","Mimic Mod","Minty Spire (QoL Compilation)","Random Character Button","Replay The Spire","Reworked Bosses","Shop Mod","Somnambulant","StSLib","The Cursed","The Disciple","The Factory","The Judge","The Jungle","The Marked","The Poker Player","The Runesmith","TheHeartMod"],"gold_per_floor":[99,126,126,126,143,5,41,41,72,72,84,101,116,126,146,146,146],"floor_reached":16,"language":"ENG","playtime":912,"items_purged":["theHeart:MyocardialRupture+1"],"score":104,"play_id":"b186ac01-2fe3-44a2-a31b-dab7354d7b6f","local_time":"20210112204143","is_ascension_mode":false,"campfire_choices":[{"floor":1,"key":"RECALL"},{"data":"theHeart:OxygenRichBlood","floor":10,"key":"SMITH"}],"circlet_count":0,"master_deck":["theHeart:BloodDrop","theHeart:Scab","theHeart:theHeartDefend+1","theHeart:theHeartDefend+1","theHeart:theHeartCommonAttack","theHeart:theHeartCommonAttack","theHeart:theHeartCommonAttack","theHeart:BloodSpray+1","theHeart:NoxiousBlood+1","theHeart:OxygenRichBlood+1","CommonCold","theHeart:Crush","theHeart:SpireGrowth","theHeart:PainfulStabs","theHeart:HighDecibelBeat","theHeart:PainfulStabs","theHeart:TentacleWhip","theHeart:Constrict","theHeart:Virus","theHeart:HeartyVessels"],"relics":["Astrolabe","Ring of Searing","Ring of Fury","hubris:Icosahedron","War Paint","Anchor"],"acts_visited":["Exordium"],"potions_floor_usage":[5,6,9],"damage_taken":[{"damage":3,"enemies":"Cultist","floor":2,"turns":2},{"damage":8,"enemies":"2 Louse","floor":5,"turns":2},{"damage":13,"enemies":"downfall:FleeingMerchant","floor":6,"turns":4},{"damage":0,"enemies":"Jaw Worm","floor":7,"turns":3},{"damage":16,"enemies":"Gremlin Nob","floor":9,"turns":3},{"damage":1,"enemies":"Jaw Worm","floor":11,"turns":2},{"damage":0,"enemies":"3 Louse","floor":12,"turns":1},{"damage":3,"enemies":"Exordium Wildlife","floor":13,"turns":2},{"damage":4,"enemies":"Large Slime","floor":14,"turns":2},{"damage":3,"enemies":"Exordium Thugs","floor":15,"turns":2},{"damage":24,"enemies":"downfall:Silent","floor":16,"turns":2}],"seed_played":"-2127279291624926973","potions_obtained":[{"floor":9,"key":"EntropicBrew"},{"floor":12,"key":"sneckomod:MuddlingPotion"}],"is_trial":false,"path_per_floor":["R","M","?","?","M","$","MIM","?","E","R","M","M","M","M","M","B"],"character_chosen":"THE_HEART","items_purchased":["theHeart:PainfulStabs"],"campfire_rested":0,"item_purchase_floors":[6],"current_hp_per_floor":[75,72,72,72,64,51,51,51,35,35,34,34,31,27,24,0,0],"gold":146,"neow_bonus":"BOSS_RELIC","is_daily":false,"chose_seed":false,"campfire_upgraded":1,"win_rate":0.0,"timestamp":1610505703,"path_taken":["R","M","?","?","M","$","MIM","?","E","R","M","M","?","M","M","BOSS"],"items_purchased_type":["Card"],"build_version":"2020-12-22","purchased_purges":1,"victory":false,"max_hp_per_floor":[75,75,75,75,75,75,75,75,75,75,75,75,75,75,75,75,75],"card_choices":[{"not_picked":["theHeart:Coagulation","theHeart:HighDecibelBeat"],"picked":"theHeart:OxygenRichBlood","floor":2},{"not_picked":["theHeart:Embolism","theHeart:Arrhythmia"],"picked":"theHeart:Crush","floor":5},{"not_picked":["theHeart:TentacleWhip","theHeart:ArterialFlow"],"picked":"theHeart:SpireGrowth","floor":6},{"not_picked":["theHeart:Cleanse","theHeart:ArterialFlow"],"picked":"theHeart:HighDecibelBeat","floor":7},{"not_picked":["theHeart:PrecisionCut","theHeart:ArterialFlow"],"picked":"theHeart:PainfulStabs","floor":9},{"not_picked":["theHeart:Betablocker","theHeart:PainfulStabs","theHeart:BloodSpray"],"picked":"SKIP","floor":11},{"not_picked":["theHeart:HighDecibelBeat","theHeart:PainfulStabs"],"picked":"theHeart:TentacleWhip","floor":12},{"not_picked":["theHeart:TentacleWhip","theHeart:Cleanse"],"picked":"theHeart:Constrict","floor":13},{"not_picked":["theHeart:ArterialFlow","theHeart:SpireGrowth"],"picked":"theHeart:Virus","floor":14},{"not_picked":["theHeart:ArterialFlow","theHeart:Arrhythmia"],"picked":"theHeart:HeartyVessels","floor":15}],"player_experience":370848,"relics_obtained":[{"floor":3,"key":"Ring of Searing"},{"floor":3,"key":"Ring of Fury"},{"floor":7,"key":"War Paint"},{"floor":9,"key":"Anchor"}],"event_choices":[],"is_beta":false,"boss_relics":[],"items_purged_floors":[6],"is_endless":false,"potions_floor_spawned":[5,9,12,13],"killed_by":"downfall:Silent","ascension_level":0}}