{"host":"56ghxnzsglgdq727","time":1610574883,"event":{"mods":["AchievementEnabler","BaseMod","Downfall","Duelist Mod","Minty Spire (QoL Compilation)","Rare Cards Sparkle","StSLib","The Bug Knight","The Exalted","The Senshi","The Wild Card"],"gold_per_floor":[14,26,47,59,59,59,70,70,95,95,114,114,133,162,162,266,266,279,279,122,0,0,26,26,59,83,83,83,83],"floor_reached":28,"language":"ENG","playtime":1027,"items_purged":["theDuelist:CastleWalls"],"score":292,"play_id":"2d070a6b-2d49-4349-b336-b269dc775408","local_time":"20210113165443","is_ascension_mode":true,"campfire_choices":[{"data":"theDuelist:FeatherShot","floor":6,"key":"SMITH"},{"data":"theDuelist:FeatherShot+1","floor":10,"key":"SMITH"},{"floor":15,"key":"REST"},{"data":"theDuelist:FeatherShot+2","floor":24,"key":"SMITH"},{"floor":27,"key":"REST"}],"circlet_count":0,"master_deck":["theDuelist:ArchfiendSoldier","theDuelist:ArchfiendSoldier","theDuelist:CastleWalls","theDuelist:CastleWalls","theDuelist:FiendMegacyber","theDuelist:Sparks","theDuelist:Sparks","theDuelist:SummonedSkull","theDuelist:FeatherShot+3","theDuelist:GracefulCharity","theDuelist:CallGrave","theDuelist:DarkTinker","theDuelist:GiantOrc","theDuelist:YellowBelliedOni","theDuelist:GiantOrc","theDuelist:FabledGallabas","theDuelist:Doomdog","theDuelist:ChangeHeart","theDuelist:ArchfiendHeiress","theDuelist:ArchfiendHeiress"],"relics":["theDuelist:MillenniumPuzzle","theDuelist:CardPoolRelic","theDuelist:CardPoolBasicRelic","theDuelist:BoosterPackPoolRelic","theDuelist:CardPoolAddRelic","theDuelist:CardPoolMinusRelic","theDuelist:CardPoolSaveRelic","theDuelist:CardPoolOptionsRelic","theDuelist:SummonAnchor","theDuelist:MetronomeRelicB","MealTicket","Sozu","MutagenicStrength","Blue Candle","theDuelist:MillenniumRod","Bromod:ArcaneConsequence"],"acts_visited":["Exordium","TheCity"],"potions_floor_usage":[13,14,16,23],"damage_taken":[{"damage":15,"enemies":"Small Slimes","floor":1,"turns":3},{"damage":7,"enemies":"Jaw Worm","floor":2,"turns":2},{"damage":6,"enemies":"Cultist","floor":4,"turns":3},{"damage":11,"enemies":"Looter","floor":7,"turns":2},{"damage":19,"enemies":"Exordium Thugs","floor":11,"turns":4},{"damage":0,"enemies":"3 Louse","floor":13,"turns":3},{"damage":13,"enemies":"Gremlin Nob","floor":14,"turns":3},{"damage":24,"enemies":"Slime Boss","floor":16,"turns":6},{"damage":33,"enemies":"2 Thieves","floor":18,"turns":3},{"damage":21,"enemies":"theDuelist:KaibaA2","floor":23,"turns":4},{"damage":24,"enemies":"HollowMod:Nosk","floor":25,"turns":5},{"damage":46,"enemies":"Book of Stabbing","floor":28,"turns":4}],"seed_played":"-1896392373001604922","potions_obtained":[{"floor":7,"key":"theDuelist:FireBottle"},{"floor":13,"key":"FearPotion"},{"floor":14,"key":"AttackPotion"},{"floor":16,"key":"theDuelist:LavaBottle"}],"is_trial":false,"path_per_floor":["M","M","?","M","?","R","M","$","T","R","M","?","M","E","R","B",null,"M","?","$","?","$","E","R","E","T","R","E"],"character_chosen":"THE_DUELIST","items_purchased":["theDuelist:ChangeHeart"],"campfire_rested":2,"item_purchase_floors":[20],"current_hp_per_floor":[65,58,58,52,52,52,41,41,41,41,22,16,16,3,27,3,80,47,47,62,62,77,56,56,32,32,56,10,10],"gold":83,"neow_bonus":"THREE_RARE_CARDS","is_daily":false,"chose_seed":false,"campfire_upgraded":3,"win_rate":0.0,"timestamp":1610574883,"path_taken":["M","M","?","M","?","R","M","?","T","R","?","?","M","E","R","BOSS","M","?","$","?","$","E","R","E","T","R","E"],"items_purchased_type":["Card"],"build_version":"2020-12-22","purchased_purges":1,"victory":false,"max_hp_per_floor":[80,80,80,80,80,80,80,80,80,80,80,80,80,80,80,80,80,80,80,80,80,80,80,80,80,80,80,80,80],"card_choices":[{"not_picked":["theDuelist:Wildfire","theDuelist:ArchfiendGeneral"],"picked":"theDuelist:FeatherShot","floor":0},{"not_picked":["theDuelist:BeastTalwar","theDuelist:FiendMegacyber","theDuelist:FabledAshenveil","theDuelist:GoblinKing"],"picked":"theDuelist:GracefulCharity","floor":1},{"not_picked":["theDuelist:DoomDonuts","theDuelist:DarknessNeosphere","theDuelist:RedMirror","theDuelist:Doomdog"],"picked":"theDuelist:CallGrave","floor":2},{"not_picked":["theDuelist:BeastTalwar","theDuelist:PortraitSecret","theDuelist:SummonedSkull","theDuelist:UmbralHorrorWilloWisp"],"picked":"theDuelist:DarkTinker","floor":4},{"not_picked":["theDuelist:DarkTinker","theDuelist:Pumpking","theDuelist:ArchfiendSoldier","theDuelist:KingYami"],"picked":"theDuelist:GiantOrc","floor":7},{"not_picked":["theDuelist:GreyGreedOni","theDuelist:PurplePainOni","theDuelist:RainbowKuriboh","theDuelist:RedHeadedOni"],"picked":"theDuelist:YellowBelliedOni","floor":11},{"not_picked":["theDuelist:Lajinn","theDuelist:UmbralHorrorUniform","theDuelist:UmbralHorrorGhost","theDuelist:DoomcaliberKnight"],"picked":"theDuelist:GiantOrc","floor":13},{"not_picked":["theDuelist:GreyGreedOni","theDuelist:PurplePainOni","theDuelist:RainbowKuriboh","theDuelist:YellowBelliedOni"],"picked":"SKIP","floor":14},{"not_picked":["theDuelist:FeatherShot","theDuelist:Wildfire","theDuelist:PutridPudding","theDuelist:ArchfiendGeneral"],"picked":"theDuelist:FabledGallabas","floor":16},{"not_picked":["theDuelist:DoomDonuts","theDuelist:DarknessNeosphere","theDuelist:RedMirror"],"picked":"theDuelist:Doomdog","floor":18},{"not_picked":["theDuelist:WanderingKing+1","theDuelist:DarklordMarie","theDuelist:GilfordLegend+1","theDuelist:BattleOx"],"picked":"theDuelist:ArchfiendHeiress","floor":23},{"not_picked":["theDuelist:BlastAsmodian","theDuelist:BottomlessTrapHole"],"picked":"theDuelist:ArchfiendHeiress","floor":25}],"player_experience":239600,"relics_obtained":[{"floor":9,"key":"theDuelist:SummonAnchor"},{"floor":14,"key":"MealTicket"},{"floor":23,"key":"Blue Candle"},{"floor":25,"key":"theDuelist:MillenniumRod"},{"floor":26,"key":"Bromod:ArcaneConsequence"}],"event_choices":[{"damage_healed":0,"gold_gain":0,"player_choice":"Sold Archfiend Soldier for 21 Gold.","duelist":true,"damage_taken":0,"max_hp_gain":0,"max_hp_loss":0,"event_name":"Card Trader","floor":3,"gold_loss":0},{"damage_healed":0,"gold_gain":0,"player_choice":"Ignored","damage_taken":0,"max_hp_gain":0,"max_hp_loss":0,"event_name":"Golden Idol","floor":5,"gold_loss":0},{"damage_healed":0,"gold_gain":0,"player_choice":"Dig - random Duelist relic","duelist":true,"damage_taken":0,"max_hp_gain":0,"max_hp_loss":0,"event_name":"Aknamkanon\u0027s Tomb","floor":12,"gold_loss":0},{"damage_healed":0,"gold_gain":0,"player_choice":"Inject Mutagens","damage_taken":0,"relics_obtained":["MutagenicStrength"],"max_hp_gain":0,"max_hp_loss":0,"event_name":"Drug Dealer","floor":19,"gold_loss":0},{"damage_healed":0,"gold_gain":0,"player_choice":"Paid Fearfully","damage_taken":0,"max_hp_gain":0,"max_hp_loss":0,"event_name":"Masked Bandits","floor":21,"gold_loss":122}],"is_beta":false,"boss_relics":[{"not_picked":["Pandora\u0027s Box","theDuelist:MillenniumKey"],"picked":"Sozu"}],"items_purged_floors":[20],"is_endless":false,"potions_floor_spawned":[7,13,14,16,18],"killed_by":"Book of Stabbing","ascension_level":3}}