{"host":"h4lp0eeso8a0ssq0","time":1610560800,"event":{"mods":["2.2 Compatiblity","AchievementEnabler","BaseMod","CapriCore","Colored Map","Minty Spire (QoL Compilation)","StSLib","SuperFastMode"],"gold_per_floor":[110,121,121,139,139,139,468,487,514,540,540,271,271,72,72,150,150,162,23,33,50,67,98,98,128,203,229,241,260,275,291,291,363,363,378,5,19,39,39,73,73,104,104,131,141,141,158,178,178,178],"floor_reached":51,"language":"KOR","playtime":2069,"items_purged":["Strike_G","Strike_G","Strike_G"],"score":1631,"play_id":"5ede7ef0-af7b-485e-a6ea-262bc826ac15","local_time":"20210114030000","is_ascension_mode":true,"campfire_choices":[{"data":"Masterful Stab","floor":6.0,"key":"SMITH"},{"data":"Sucker Punch","floor":11.0,"key":"SMITH"},{"data":"Predator","floor":15.0,"key":"SMITH"},{"floor":24.0,"key":"REST"},{"data":"Well Laid Plans","floor":32.0,"key":"SMITH"},{"data":"Footwork","floor":41.0,"key":"SMITH"},{"floor":46.0,"key":"REST"},{"floor":49.0,"key":"REST"}],"circlet_count":0,"master_deck":["AscendersBane","Strike_G","Defend_G+1","Defend_G","Defend_G+1","Defend_G+1","Defend_G","Survivor","Neutralize+1","Sucker Punch+1","Poisoned Stab","Dagger Throw","Masterful Stab+1","Deadly Poison+1","Terror+1","Crippling Poison+1","Backflip+1","Backflip+1","Reflex+1","Bullet Time+1","Predator+1","PiercingWail+1","Crippling Poison+1","Acrobatics+1","Burst+1","Catalyst+1","Footwork+1","Backflip+1","Well Laid Plans+1","Doppelganger+1","Deadly Poison+1","Burst+1","Prepared+1","Calculated Gamble+1","Malaise+1","Bouncing Flask+1","Burst+1","Escape Plan+1","Calculated Gamble+1"],"relics":["Ring of the Snake","Toxic Egg 2","Old Coin","MealTicket","Shuriken","Orrery","Cursed Key","PreservedInsect","Omamori","White Beast Statue","StrikeDummy","Calling Bell","Art of War","Pear","CaptainsWheel","War Paint","Question Card","Akabeko","Gremlin Horn"],"acts_visited":["Exordium","TheCity","TheBeyond","TheBeyond"],"potions_floor_usage":[50,50],"damage_taken":[{"damage":4.0,"enemies":"Small Slimes","floor":1.0,"turns":4.0},{"damage":0.0,"enemies":"Jaw Worm","floor":2.0,"turns":3.0},{"damage":1.0,"enemies":"Cultist","floor":4.0,"turns":4.0},{"damage":9.0,"enemies":"Lagavulin","floor":7.0,"turns":6.0},{"damage":10.0,"enemies":"Lots of Slimes","floor":8.0,"turns":3.0},{"damage":8.0,"enemies":"Gremlin Nob","floor":10.0,"turns":3.0},{"damage":10.0,"enemies":"The Guardian","floor":16.0,"turns":8.0},{"damage":0.0,"enemies":"2 Thieves","floor":18.0,"turns":4.0},{"damage":0.0,"enemies":"Spheric Guardian","floor":20.0,"turns":3.0},{"damage":12.0,"enemies":"Chosen and Byrds","floor":21.0,"turns":6.0},{"damage":0.0,"enemies":"Sentry and Sphere","floor":22.0,"turns":3.0},{"damage":20.0,"enemies":"Slavers","floor":23.0,"turns":5.0},{"damage":2.0,"enemies":"Book of Stabbing","floor":25.0,"turns":4.0},{"damage":0.0,"enemies":"Gremlin Leader","floor":27.0,"turns":1.0},{"damage":0.0,"enemies":"Snecko","floor":28.0,"turns":3.0},{"damage":0.0,"enemies":"Snake Plant","floor":29.0,"turns":3.0},{"damage":0.0,"enemies":"Cultist and Chosen","floor":30.0,"turns":4.0},{"damage":9.0,"enemies":"Centurion and Healer","floor":31.0,"turns":4.0},{"damage":11.0,"enemies":"Collector","floor":33.0,"turns":4.0},{"damage":3.0,"enemies":"Orb Walker","floor":35.0,"turns":4.0},{"damage":14.0,"enemies":"3 Darklings","floor":37.0,"turns":4.0},{"damage":0.0,"enemies":"Maw","floor":38.0,"turns":3.0},{"damage":0.0,"enemies":"Nemesis","floor":40.0,"turns":5.0},{"damage":0.0,"enemies":"Giant Head","floor":42.0,"turns":6.0},{"damage":0.0,"enemies":"Reptomancer","floor":44.0,"turns":4.0},{"damage":15.0,"enemies":"Spire Growth","floor":45.0,"turns":4.0},{"damage":15.0,"enemies":"Jaw Worm Horde","floor":47.0,"turns":4.0},{"damage":0.0,"enemies":"Writhing Mass","floor":48.0,"turns":4.0},{"damage":11,"enemies":"Donu and Deca","floor":50,"turns":5}],"seed_played":"-3466704175428881828","potions_obtained":[{"floor":2.0,"key":"CunningPotion"},{"floor":10.0,"key":"Block Potion"},{"floor":18.0,"key":"GamblersBrew"},{"floor":22.0,"key":"Poison Potion"},{"floor":27.0,"key":"FearPotion"},{"floor":29.0,"key":"Explosive Potion"},{"floor":30.0,"key":"Poison Potion"},{"floor":33.0,"key":"Fruit Juice"},{"floor":35.0,"key":"Swift Potion"},{"floor":37.0,"key":"Weak Potion"},{"floor":38.0,"key":"LiquidMemories"}],"is_trial":false,"path_per_floor":["M","M","?","M","T","R","E","M","T","E","R","$","?","$","R","B",null,"M","$","M","M","M","E","R","E","T","E","M","M","M","M","R","B",null,"M","$","M","M","?","E","R","E","T","E","M","R","M","M","R","B",null],"character_chosen":"THE_SILENT","items_purchased":["Orrery","PiercingWail+1","Crippling Poison+1","Acrobatics+1","Catalyst+1","Footwork","Fruit Juice","War Paint"],"campfire_rested":3,"item_purchase_floors":[12,12,14,14,19,19,36,36],"current_hp_per_floor":[55,55,42,41,41,41,32,22,22,14,14,29,34,49,49,39,63,63,71,71,59,59,39,60,58,58,58,58,58,58,49,49,43,84,81,91,77,77,77,77,77,77,77,77,62,89,74,74,91,80],"gold":178,"neow_bonus":"TRANSFORM_CARD","is_daily":false,"chose_seed":false,"campfire_upgraded":5,"win_rate":0.0,"timestamp":1610560800,"path_taken":["M","M","?","M","?","R","E","M","T","E","R","$","?","?","R","BOSS","M","$","M","?","M","E","R","E","T","E","M","?","M","M","R","BOSS","M","$","M","M","?","E","R","E","T","E","M","R","M","M","R","BOSS"],"items_purchased_type":["Relic","Card","Card","Card","Card","Card","Potion","Relic"],"build_version":"2020-12-22","purchased_purges":3,"victory":true,"max_hp_per_floor":[66,66,66,66,66,66,66,66,66,66,66,66,71,71,71,71,71,71,71,71,71,71,71,71,71,71,71,71,71,71,71,71,76,86,86,91,91,91,91,91,91,91,91,91,91,91,91,91,91,91],"card_choices":[{"not_picked":["Dagger Spray","Dodge and Roll"],"picked":"Poisoned Stab","floor":1.0},{"not_picked":["Underhanded Strike","Deflect"],"picked":"Dagger Throw","floor":2.0},{"not_picked":["Unload","Deadly Poison"],"picked":"Masterful Stab","floor":4.0},{"not_picked":["Dodge and Roll+1","Accuracy"],"picked":"Deadly Poison+1","floor":7.0},{"not_picked":["Quick Slash","Masterful Stab"],"picked":"Terror+1","floor":8.0},{"not_picked":["Deadly Poison+1","Infinite Blades"],"picked":"Crippling Poison+1","floor":10.0},{"not_picked":["Skewer","Sucker Punch"],"picked":"Backflip+1","floor":12.0},{"not_picked":["Slice","Well Laid Plans"],"picked":"Backflip+1","floor":12.0},{"not_picked":["Underhanded Strike","Outmaneuver+1"],"picked":"Reflex+1","floor":12.0},{"not_picked":["Accuracy","Riddle With Holes"],"picked":"Bullet Time+1","floor":12.0},{"not_picked":["Bane","Grand Finale"],"picked":"Predator","floor":12.0},{"not_picked":["Venomology+1","Die Die Die"],"picked":"Burst+1","floor":16.0},{"not_picked":["Deflect+1","Finisher+1","Flying Knee"],"picked":"SKIP","floor":18.0},{"not_picked":["Blade Dance+1","Reflex+1"],"picked":"Backflip+1","floor":20.0},{"not_picked":["Poisoned Stab","Underhanded Strike"],"picked":"Well Laid Plans","floor":21.0},{"not_picked":["PiercingWail+1","All Out Attack"],"picked":"Doppelganger+1","floor":22.0},{"not_picked":["PiercingWail+1","Terror+1","Caltrops"],"picked":"SKIP","floor":23.0},{"not_picked":["Distraction+1","Outmaneuver+1","Riddle With Holes"],"picked":"SKIP","floor":25.0},{"not_picked":["Expertise+1","Underhanded Strike","Endless Agony"],"picked":"SKIP","floor":27.0},{"not_picked":["Outmaneuver+1","Blade Dance+1","Dodge and Roll+1"],"picked":"SKIP","floor":28.0},{"not_picked":["PiercingWail+1","Distraction+1","Flying Knee"],"picked":"SKIP","floor":29.0},{"not_picked":["Backstab","Storm of Steel+1","Deflect+1"],"picked":"SKIP","floor":30.0},{"not_picked":["Blade Dance+1","Skewer"],"picked":"Deadly Poison+1","floor":31.0},{"not_picked":["Grand Finale","Unload"],"picked":"Burst+1","floor":33.0},{"not_picked":["Terror+1","Poisoned Stab"],"picked":"Prepared+1","floor":35.0},{"not_picked":["Bane","Sucker Punch","All Out Attack"],"picked":"SKIP","floor":37.0},{"not_picked":["Slice","Quick Slash"],"picked":"Calculated Gamble+1","floor":38.0},{"not_picked":["Dagger Throw","Endless Agony"],"picked":"Malaise+1","floor":40.0},{"not_picked":["Dagger Throw","Dagger Spray","Caltrops"],"picked":"Bouncing Flask+1","floor":42.0},{"not_picked":["Poisoned Stab","Endless Agony","Bane"],"picked":"Burst+1","floor":44.0},{"not_picked":["Tactician+1","Underhanded Strike","Sucker Punch+1","Blade Dance+1"],"picked":"SKIP","floor":45.0},{"not_picked":["Reflex+1","Bouncing Flask+1","Slice+1"],"picked":"Escape Plan+1","floor":47.0},{"not_picked":["Sucker Punch+1","Dagger Throw","Bane+1"],"picked":"Calculated Gamble+1","floor":48.0}],"player_experience":160203,"relics_obtained":[{"floor":5.0,"key":"Toxic Egg 2"},{"floor":7.0,"key":"Old Coin"},{"floor":9.0,"key":"MealTicket"},{"floor":10.0,"key":"Shuriken"},{"floor":23.0,"key":"PreservedInsect"},{"floor":25.0,"key":"Omamori"},{"floor":26.0,"key":"White Beast Statue"},{"floor":27.0,"key":"StrikeDummy"},{"floor":34.0,"key":"Art of War"},{"floor":34.0,"key":"Pear"},{"floor":34.0,"key":"CaptainsWheel"},{"floor":40.0,"key":"Question Card"},{"floor":42.0,"key":"Akabeko"},{"floor":44.0,"key":"Gremlin Horn"}],"event_choices":[{"damage_healed":0.0,"max_hp_gain":0.0,"max_hp_loss":0.0,"gold_gain":0.0,"event_name":"Shining Light","player_choice":"Entered Light","floor":3.0,"gold_loss":0.0,"damage_taken":13.0,"cards_upgraded":["Neutralize","Defend_G"]},{"damage_healed":0.0,"max_hp_gain":5.0,"max_hp_loss":0.0,"gold_gain":0.0,"event_name":"Big Fish","player_choice":"Donut","floor":13.0,"gold_loss":0.0,"damage_taken":0.0},{"damage_healed":0.0,"max_hp_gain":0.0,"max_hp_loss":0.0,"gold_gain":0.0,"event_name":"SensoryStone","player_choice":"Memory 1","floor":39.0,"gold_loss":0.0,"damage_taken":0.0}],"is_beta":false,"boss_relics":[{"not_picked":["Philosopher\u0027s Stone","Empty Cage"],"picked":"Cursed Key"},{"not_picked":["Ring of the Serpent","HoveringKite"],"picked":"Calling Bell"}],"items_purged_floors":[12,14,36],"is_endless":false,"potions_floor_spawned":[2,10,18,22,27,28,29,30,31,33,35,37,38,40,42,44,45,47,48],"ascension_level":14}}