{"host":"tnsigirk6wurdark","time":1610580135,"event":{"mods":["BaseMod","Colored Map","Colored Powertips","Highlight Path","Minty Spire (QoL Compilation)","Quick Restart","Relic Sorter","StSLib","Synergy Search"],"gold_per_floor":[109,28,28,178,16,16,46,46,46,11,36,56,56,77,77,170,170,191,212,2,23,23,67,67,83,83,83,83],"floor_reached":27,"language":"ENG","playtime":1661,"items_purged":["Regret"],"score":418,"play_id":"633327bf-ce75-4fdb-a95f-1ae411b946fc","local_time":"20210113232215","is_ascension_mode":true,"campfire_choices":[{"data":"Deadly Poison","floor":6,"key":"SMITH"},{"data":"Footwork","floor":8,"key":"SMITH"},{"floor":15,"key":"REST"},{"floor":24,"key":"REST"}],"circlet_count":0,"master_deck":["AscendersBane","Strike_G","Strike_G","Strike_G","Strike_G","Strike_G+1","Defend_G","Defend_G","Defend_G","Defend_G","Defend_G","Survivor","Neutralize+1","Footwork","Doubt","Footwork+1","Deadly Poison+1","Backflip","Slice","Leg Sweep","Injury","Envenom","PiercingWail","Bane","Deadly Poison","RitualDagger","Doubt"],"relics":["Busted Crown","Golden Idol","Mummified Hand","Whetstone","Letter Opener","Bag of Preparation","Cursed Key","TwistedFunnel","Juzu Bracelet","Question Card"],"acts_visited":["Exordium","TheCity"],"potions_floor_usage":[18,19,23,27],"damage_taken":[{"damage":0,"enemies":"Cultist","floor":1,"turns":4},{"damage":14,"enemies":"Lagavulin","floor":7,"turns":8},{"damage":20,"enemies":"3 Sentries","floor":11,"turns":8},{"damage":0,"enemies":"Small Slimes","floor":12,"turns":3},{"damage":4,"enemies":"Jaw Worm","floor":14,"turns":3},{"damage":16,"enemies":"Hexaghost","floor":16,"turns":15},{"damage":11,"enemies":"Spheric Guardian","floor":18,"turns":7},{"damage":26,"enemies":"3 Byrds","floor":19,"turns":6},{"damage":4,"enemies":"Snake Plant","floor":21,"turns":5},{"damage":5,"enemies":"Gremlin Leader","floor":23,"turns":7},{"damage":19,"enemies":"Centurion and Healer","floor":25,"turns":7},{"damage":18,"enemies":"Book of Stabbing","floor":27,"turns":1}],"seed_played":"-4273974526075491670","potions_obtained":[{"floor":11,"key":"Block Potion"},{"floor":12,"key":"SpeedPotion"},{"floor":16,"key":"Dexterity Potion"},{"floor":21,"key":"GhostInAJar"},{"floor":23,"key":"Dexterity Potion"}],"is_trial":false,"path_per_floor":["M","$","?","?","$","R","E","R","T","?","E","M","?","M","R","B",null,"M","M","$","M","?","E","R","M","T","E"],"character_chosen":"THE_SILENT","items_purchased":["Footwork","Footwork","Deadly Poison","TwistedFunnel","Deadly Poison"],"campfire_rested":2,"item_purchase_floors":[2,5,5,20,20],"current_hp_per_floor":[59,59,59,59,59,59,45,45,45,61,41,41,41,37,56,40,60,49,23,23,19,13,8,27,8,8,0,0],"gold":83,"neow_bonus":"BOSS_RELIC","is_daily":false,"chose_seed":false,"campfire_upgraded":2,"win_rate":0.0,"timestamp":1610580135,"path_taken":["M","?","?","?","?","R","E","R","T","?","E","M","?","M","R","BOSS","M","M","$","M","?","E","R","M","T","E"],"items_purchased_type":["Card","Card","Card","Relic","Card"],"build_version":"2020-12-22","purchased_purges":1,"victory":false,"max_hp_per_floor":[66,66,66,66,66,66,66,66,66,66,66,66,66,66,66,66,66,66,66,66,66,66,66,66,66,66,66,66],"card_choices":[{"not_picked":["Underhanded Strike"],"picked":"SKIP","floor":1},{"not_picked":[],"picked":"Backflip","floor":7},{"not_picked":[],"picked":"Slice","floor":11},{"not_picked":[],"picked":"Leg Sweep","floor":12},{"not_picked":["Eviscerate"],"picked":"SKIP","floor":14},{"not_picked":[],"picked":"Envenom","floor":16},{"not_picked":[],"picked":"PiercingWail","floor":18},{"not_picked":[],"picked":"Bane","floor":19},{"not_picked":["Dagger Spray"],"picked":"SKIP","floor":21},{"not_picked":["Glass Knife"],"picked":"SKIP","floor":23},{"not_picked":["Sucker Punch"],"picked":"SKIP","floor":25}],"player_experience":721121,"relics_obtained":[{"floor":7,"key":"Whetstone"},{"floor":9,"key":"Letter Opener"},{"floor":11,"key":"Bag of Preparation"},{"floor":23,"key":"Juzu Bracelet"},{"floor":26,"key":"Question Card"}],"event_choices":[{"damage_healed":0,"gold_gain":0,"player_choice":"Box","damage_taken":0,"relics_obtained":["Mummified Hand"],"max_hp_gain":0,"max_hp_loss":0,"event_name":"Big Fish","floor":3,"gold_loss":0,"cards_obtained":["Regret"]},{"damage_healed":0,"gold_gain":150,"player_choice":"AGREE","damage_taken":0,"max_hp_gain":0,"max_hp_loss":0,"event_name":"Liars Game","floor":4,"gold_loss":0,"cards_obtained":["Doubt"]},{"damage_healed":16,"gold_gain":0,"player_choice":"Healed","damage_taken":0,"max_hp_gain":0,"max_hp_loss":0,"event_name":"The Cleric","floor":10,"gold_loss":35},{"damage_healed":0,"gold_gain":0,"player_choice":"Take Wound","damage_taken":0,"relics_obtained":["Golden Idol"],"max_hp_gain":0,"max_hp_loss":0,"event_name":"Golden Idol","floor":13,"gold_loss":0,"cards_obtained":["Injury"]},{"damage_healed":0,"gold_gain":0,"player_choice":"Joined the Cult","damage_taken":6,"max_hp_gain":0,"max_hp_loss":0,"event_name":"Nest","floor":22,"gold_loss":0,"cards_obtained":["RitualDagger"]}],"is_beta":false,"boss_relics":[{"not_picked":["Velvet Choker","Sozu"],"picked":"Cursed Key"}],"items_purged_floors":[5],"is_endless":false,"potions_floor_spawned":[11,12,16,21,23],"killed_by":"Book of Stabbing","ascension_level":15}}