{"host":"zgdag062zrknap1a","time":1610521037,"event":{"mods":["AchievementEnabler","Act Like it!","Aspiration","Bard","BaseMod","BetterRewards","Colored Map","Colored Powertips","Conspire","Downfall","Gensokyo","Hallownest","Hermit","Highlight Path","Hubris","Infinite Spire","Jorbs\u0027s Wanderer Trilogy","Marisa????????","Minty Spire (QoL Compilation)","Quick Restart","Rare Cards Sparkle","Replay The Spire","Shop Mod","StSLib","The Bug Knight","The Cursed","The Hierophant","The Necromancer","The Runesmith","The Servant 0.9.4"],"gold_per_floor":[112,130,142,152,171,200,210,229,280,280,298,309,309,309,309,409,459,478,478,495,508,518,550,550,426,495,495,495,495,508,508,508,606,606,626,626,377,377,394,414,424,175,243,243,261,277,297,297,358,394,394,394,164,213,225,225],"floor_reached":55,"language":"ENG","playtime":3879,"items_purged":["Defend_MRS","Defend_MRS","Defend_MRS","Defend_MRS"],"score":922,"play_id":"529eefb5-dd64-428f-9c30-f5baf1e51116","local_time":"20210112225717","is_ascension_mode":false,"campfire_choices":[{"floor":10,"key":"RECALL"},{"data":"MachineGunSpark","floor":13,"key":"SMITH"},{"data":"GalacticHalo","floor":13,"key":"SMITH"},{"data":"NonDirectionalLaser","floor":15,"key":"SMITH"},{"data":"MasterSpark","floor":15,"key":"SMITH"},{"data":"UnstableBomb","floor":24,"key":"SMITH"},{"data":"UpSweep","floor":24,"key":"SMITH"},{"data":"Strike_MRS","floor":27,"key":"SMITH"},{"data":"Strike_MRS","floor":27,"key":"SMITH"},{"data":"Strike_MRS","floor":29,"key":"SMITH"},{"data":"Strike_MRS","floor":29,"key":"SMITH"},{"floor":32,"key":"REST"},{"floor":44,"key":"REST"},{"floor":52,"key":"REST"}],"circlet_count":0,"master_deck":["Strike_MRS+1","Strike_MRS+1","Strike_MRS+1","MasterSpark+1","UpSweep+1","GalacticHalo+1","GalacticHalo+1","ChargingUp+1","MachineGunSpark+1","MilkyWay+1","UltimateShortwave+1","PowerUp+1","NonDirectionalLaser+1","FinalSpark+1","UnstableBomb+1","PowerUp+1","MilkyWay+1","AsteroidBelt+1","PowerUp+1","DeepEcoloBomb+1","SprinkleStarSeal+1"],"relics":["MiniHakkero","SproutingBranch","Toxic Egg 2","Replay:Arrowhead","infinitespire:Golems Mask","Tiny House","HandmadeGrimoire","Matryoshka","Happy Flower","Blue Candle","Mango","Bag of Preparation","hubris:Towel","Blood Vial","AmplifyWand","ReplayTheSpireMod:Lightbulb","infinitespire:Midas Blood","Cauldron","CaptainsWheel"],"acts_visited":["Exordium","Gensokyo:Gensokyo","TheBeyond","TheEnding"],"potions_floor_usage":[6,16,23,50,50,55,55,55],"damage_taken":[{"damage":9,"enemies":"Gensokyo:Gryphon","floor":1,"turns":4},{"damage":11,"enemies":"Gensokyo:2_Kodama","floor":2,"turns":3},{"damage":0,"enemies":"Gensokyo:3_Fairies","floor":3,"turns":4},{"damage":0,"enemies":"Gensokyo:Kitsune","floor":4,"turns":2},{"damage":7,"enemies":"Gensokyo:CorruptedTreant","floor":5,"turns":4},{"damage":42,"enemies":"Gensokyo:Cirno","floor":6,"turns":7},{"damage":2,"enemies":"Gensokyo:2_Rabbits","floor":7,"turns":3},{"damage":7,"enemies":"Gensokyo:Kitsune","floor":8,"turns":3},{"damage":1,"enemies":"Gensokyo:Python_and_Kodama","floor":11,"turns":3},{"damage":2,"enemies":"Gensokyo:2_Rabbits","floor":12,"turns":3},{"damage":7,"enemies":"Gensokyo:Reimu","floor":16,"turns":7},{"damage":30,"enemies":"Hallownest:2_Mistakes","floor":18,"turns":5},{"damage":3,"enemies":"Hallownest:3_Youths","floor":20,"turns":4},{"damage":16,"enemies":"Hallownest:Master_and_Novice","floor":21,"turns":4},{"damage":0,"enemies":"Hallownest:monsterShrumalOgre","floor":22,"turns":1},{"damage":0,"enemies":"Hallownest:Nosk","floor":23,"turns":5},{"damage":6,"enemies":"Hallownest:2_Husk_Sentries","floor":30,"turns":3},{"damage":32,"enemies":"Hallownest:BossGrimm","floor":33,"turns":6},{"damage":4,"enemies":"3 Shapes","floor":35,"turns":2},{"damage":0,"enemies":"Orb Walker","floor":39,"turns":1},{"damage":0,"enemies":"Maw","floor":40,"turns":4},{"damage":25,"enemies":"Writhing Mass","floor":41,"turns":3},{"damage":0,"enemies":"Spire Growth","floor":45,"turns":2},{"damage":0,"enemies":"Jaw Worm Horde","floor":46,"turns":3},{"damage":15,"enemies":"Maw","floor":47,"turns":5},{"damage":91,"enemies":"infinitespire:MassOfShapes","floor":50,"turns":8},{"damage":56,"enemies":"Shield and Spear","floor":54,"turns":6},{"damage":76,"enemies":"The Heart","floor":55,"turns":5}],"seed_played":"1090486077512022571","potions_obtained":[{"floor":3,"key":"ShroomBrew"},{"floor":4,"key":"Fire Potion"},{"floor":6,"key":"BottledSpark"},{"floor":7,"key":"Dexterity Potion"},{"floor":11,"key":"Energy Potion"},{"floor":12,"key":"LifebloodPotion"},{"floor":17,"key":"GamblersBrew"},{"floor":35,"key":"Swift Potion"},{"floor":53,"key":"Dexterity Potion"},{"floor":53,"key":"Strength Potion"},{"floor":53,"key":"Venom Potion"}],"is_trial":false,"path_per_floor":["M","M","M","M","M","E","M","M","T","R","M","M","R","?","R","B",null,"M","AVR","M","M","M","E","R","$","T","R","$","R","M","?","R","B",null,"M","?","$","?","M","M","M","$","T","R","M","M","M","?","R_BF","B",null,"R","$","E","B"],"character_chosen":"MARISA","items_purchased":["SproutingBranch","GalacticHalo","Toxic Egg 2","Replay:Arrowhead","GalacticHalo+1","MilkyWay+1","Mango","AsteroidBelt+1","PowerUp+1","Blood Vial","AmplifyWand","SprinkleStarSeal+1","Cauldron"],"campfire_rested":3,"item_purchase_floors":[0,0,0,0,0,25,28,37,37,37,42,53,53],"current_hp_per_floor":[36,34,46,51,56,29,36,38,38,38,46,53,53,53,53,61,80,59,59,68,64,64,78,78,78,78,78,68,68,71,71,94,68,94,90,90,90,90,92,94,73,73,73,94,94,94,84,93,93,16,94,94,94,44,0,0],"gold":225,"neow_bonus":"","is_daily":false,"chose_seed":false,"campfire_upgraded":10,"win_rate":0.0,"timestamp":1610521037,"path_taken":["M","M","?","M","?","E","?","M","T","R","M","M","R","?","R","BOSS","M","AVR","M","M","M","E","R","$","T","R","?","R","M","?","R","BOSS","M","?","$","?","M","M","M","$","T","R","?","M","M","?","R_BF","BOSS","R","$","E","BOSS"],"items_purchased_type":["Relic","Card","Relic","Relic","Card","Card","Relic","Card","Card","Relic","Relic","Card","Relic"],"build_version":"2020-12-22","purchased_purges":4,"victory":false,"max_hp_per_floor":[75,75,75,75,75,75,75,75,75,75,75,75,75,75,75,75,80,80,80,80,80,80,80,80,80,80,80,94,94,94,94,94,94,94,94,94,94,94,94,94,94,94,94,94,94,94,94,94,94,94,94,94,94,94,94,94],"card_choices":[{"not_picked":["MeteoricShower","WitchOfGreed"],"picked":"ChargingUp+1","floor":1},{"not_picked":["LuminesStrike","ShootingEcho"],"picked":"MachineGunSpark","floor":2},{"not_picked":["BlazingStar","Acceleration+1"],"picked":"MilkyWay+1","floor":3},{"not_picked":["GasGiant+1","WitchLeyline","WitchOfGreed"],"picked":"SKIP","floor":4},{"not_picked":["MagicAbsorber+1","GalacticHalo+1","LuminesStrike"],"picked":"SKIP","floor":5},{"not_picked":["ManaConvection+1","EnergyFlow"],"picked":"UltimateShortwave+1","floor":6},{"not_picked":["EarthLightRay+1","BlazeAway+1"],"picked":"PowerUp+1","floor":7},{"not_picked":["WitchLeyline","GravityBeat","SporeBomb+1"],"picked":"SKIP","floor":8},{"not_picked":["DC","6A","SporeBomb+1"],"picked":"SKIP","floor":11},{"not_picked":["DoubleSpark","OneTimeOff+1"],"picked":"NonDirectionalLaser","floor":12},{"not_picked":["EscapeVelocity","ManaRampage+1"],"picked":"FinalSpark","floor":16},{"not_picked":["GalacticHalo+1","DarkMatter+1"],"picked":"UnstableBomb","floor":17},{"not_picked":["WitchLeyline","MagicChant+1"],"picked":"PowerUp+1","floor":18},{"not_picked":["Orbital+1","MagicAbsorber+1","WitchLeyline"],"picked":"SKIP","floor":20},{"not_picked":["6A","LuminesStrike","Acceleration+1"],"picked":"SKIP","floor":21},{"not_picked":["Singularity+1","DarkSpark+1","Occultation+1"],"picked":"SKIP","floor":22},{"not_picked":["PropBag+1","UnstableBomb+1","GravityBeat"],"picked":"SKIP","floor":23},{"not_picked":["DarkSpark+1","DC","DarkMatter+1"],"picked":"SKIP","floor":30},{"not_picked":["NonDirectionalLaser","WitchOfGreed","SporeBomb+1"],"picked":"SKIP","floor":35},{"not_picked":["GravityBeat","MysteriousBeam","BlazeAway+1"],"picked":"SKIP","floor":39},{"not_picked":["Acceleration+1","LuminesStrike","ChargingUp+1"],"picked":"SKIP","floor":40},{"not_picked":["OpenUniverse+1","SporeBomb+1","ChargeUpSpray"],"picked":"SKIP","floor":41},{"not_picked":["WitchOfGreed","Acceleration+1"],"picked":"DeepEcoloBomb+1","floor":45},{"not_picked":["StarlightTyphoon+1","EarthLightRay+1","MilkyWay+1"],"picked":"SKIP","floor":46},{"not_picked":["GrandCross+1","Acceleration+1","OortCloud"],"picked":"SKIP","floor":47},{"not_picked":["EarthLightRay+1","EscapeVelocity","SuperPerseids+1"],"picked":"SKIP","floor":54}],"player_experience":385897,"relics_obtained":[{"floor":6,"key":"infinitespire:Golems Mask"},{"floor":23,"key":"Matryoshka"},{"floor":26,"key":"Happy Flower"},{"floor":26,"key":"Blue Candle"},{"floor":43,"key":"ReplayTheSpireMod:Lightbulb"},{"floor":43,"key":"infinitespire:Midas Blood"},{"floor":54,"key":"CaptainsWheel"}],"event_choices":[{"cards_removed":["Strike_MRS"],"damage_healed":0,"gold_gain":0,"player_choice":"Purged","damage_taken":0,"max_hp_gain":0,"max_hp_loss":0,"event_name":"Purifier","floor":38,"gold_loss":0}],"is_beta":false,"boss_relics":[{"not_picked":["RampagingMagicTools","Painkiller Herb"],"picked":"Tiny House"},{"not_picked":["Replay:Grab Bag","Runesmith:UraniumAnvil","Replay:Ancient Bell"]}],"items_purged_floors":[0,19,25,28],"is_endless":false,"potions_floor_spawned":[3,4,6,7,11,12,18,20,22,35],"killed_by":"The Heart","ascension_level":0}}