{"host":"52jmisti11ysmja4","time":1610571335,"event":{"mods":["Aspiration","BaseMod","Better Third Choice","Minty Spire (QoL Compilation)","Remove Card Discount Mod","StSLib","The Bladedancer"],"gold_per_floor":[119,119,132,148,136,170,170,199,199,266,299,311,311,311],"floor_reached":13,"language":"ENG","playtime":664,"items_purged":["blademaster:Defend","blademaster:Defend","blademaster:Defend","blademaster:Defend","blademaster:Strike","blademaster:Strike"],"score":165,"play_id":"7f98e45c-4821-4417-8dda-202386842704","local_time":"20210113125535","is_ascension_mode":true,"campfire_choices":[{"data":"blademaster:LightningCrash","floor":7,"key":"SMITH"}],"circlet_count":0,"master_deck":["AscendersBane","blademaster:Strike","blademaster:Strike","blademaster:RagingBlow","blademaster:HighVoltage","blademaster:DaggerAndCloak+1","blademaster:LeechingStrike","blademaster:BladeCross","blademaster:LightningCrash+1","blademaster:ParryingStrike","blademaster:Bloodbath","blademaster:Stormstrike"],"relics":["blademaster:DancersAmulet","NeowsBlessing","Ornamental Fan","Toy Ornithopter","Mummified Hand","Bottled Lightning"],"acts_visited":["Exordium"],"potions_floor_usage":[6,13],"damage_taken":[{"damage":0,"enemies":"Small Slimes","floor":1,"turns":2},{"damage":0,"enemies":"Jaw Worm","floor":3,"turns":1},{"damage":0,"enemies":"Cultist","floor":4,"turns":1},{"damage":21,"enemies":"Lagavulin","floor":6,"turns":5},{"damage":5,"enemies":"Gremlin Nob","floor":8,"turns":3},{"damage":35,"enemies":"3 Sentries","floor":11,"turns":6},{"damage":8,"enemies":"Blue Slaver","floor":12,"turns":3},{"damage":15,"enemies":"Lagavulin","floor":13,"turns":2}],"seed_played":"6660286701368107504","potions_obtained":[{"floor":3,"key":"SkillPotion"},{"floor":12,"key":"PowerPotion"}],"is_trial":false,"path_per_floor":["M","?","M","M","$","E","R","E","T","?","E","M","E"],"character_chosen":"THE_BLADEMASTER","items_purchased":[],"campfire_rested":0,"item_purchase_floors":[],"current_hp_per_floor":[68,68,68,68,68,50,50,48,48,48,16,8,0,0],"gold":311,"neow_bonus":"THREE_ENEMY_KILL","is_daily":false,"chose_seed":false,"campfire_upgraded":1,"win_rate":0.0,"timestamp":1610571335,"path_taken":["M","?","M","M","$","E","R","E","T","?","E","M","E"],"items_purchased_type":[],"build_version":"2020-12-22","purchased_purges":6,"victory":false,"max_hp_per_floor":[75,75,75,75,75,75,75,75,75,75,75,75,75,75],"card_choices":[{"not_picked":["blademaster:WindSlash","blademaster:Sunder"],"picked":"blademaster:DaggerAndCloak","floor":1},{"not_picked":["blademaster:Cut","blademaster:Discharge"],"picked":"blademaster:LeechingStrike","floor":3},{"not_picked":["blademaster:Blockade","blademaster:Frenzy"],"picked":"blademaster:BladeCross","floor":4},{"not_picked":["blademaster:Frenzy","blademaster:WindSlash"],"picked":"blademaster:LightningCrash","floor":6},{"not_picked":["blademaster:CullingStrike","blademaster:Slice"],"picked":"blademaster:ParryingStrike","floor":8},{"not_picked":["blademaster:ParryingStrike","blademaster:Sharpen"],"picked":"blademaster:Bloodbath","floor":11},{"not_picked":["blademaster:Sharpen","blademaster:BrainBloom"],"picked":"blademaster:Stormstrike","floor":12}],"player_experience":555474,"relics_obtained":[{"floor":6,"key":"Ornamental Fan"},{"floor":6,"key":"blademaster:DextrousPerk"},{"floor":8,"key":"Toy Ornithopter"},{"floor":8,"key":"blademaster:OnAttackedChargePerk"},{"floor":9,"key":"Mummified Hand"},{"floor":11,"key":"Bottled Lightning"},{"floor":11,"key":"blademaster:LightningChargePerk"}],"event_choices":[{"damage_healed":0,"gold_gain":0,"player_choice":"Grow","damage_taken":0,"max_hp_gain":0,"max_hp_loss":0,"event_name":"Living Wall","floor":2,"gold_loss":0,"cards_upgraded":["blademaster:DaggerAndCloak"]},{"damage_healed":0,"gold_gain":67,"player_choice":"Gained Gold","damage_taken":0,"max_hp_gain":0,"max_hp_loss":0,"event_name":"Golden Wing","floor":10,"gold_loss":0}],"is_beta":false,"boss_relics":[],"items_purged_floors":[5,5,5,5,5,5],"is_endless":false,"potions_floor_spawned":[3,12],"killed_by":"Lagavulin","ascension_level":12}}