{"host":"i1h39d0gfh5c6uxl","time":1610528896,"event":{"mods":["AchievementEnabler","BaseMod","Colored Map","Colored Powertips","Highlight Path","Minty Spire (QoL Compilation)"],"gold_per_floor":[114,114,114,141,141,170,182,182,232,232,247,208,80,99,99,201,201,215,215,215,232,242,242,257,257,257,257,288,288,313,213,213,213,213],"floor_reached":33,"language":"ENG","playtime":863,"items_purged":["Strike_P","Strike_P"],"score":286,"play_id":"75c443bf-a557-4373-9f52-b9e7c355dafd","local_time":"20210113170816","is_ascension_mode":false,"campfire_choices":[{"floor":10,"key":"REST"},{"data":"Alpha","floor":15,"key":"SMITH"},{"floor":23,"key":"REST"},{"floor":25,"key":"REST"},{"data":"Omniscience","floor":27,"key":"SMITH"},{"floor":32,"key":"REST"}],"circlet_count":0,"master_deck":["Strike_P","Defend_P","Defend_P","Defend_P+1","Eruption+1","Vigilance","Conclude","FollowUp","SashWhip","Alpha+1","Evaluate","BowlingBash","LessonLearned","EmptyMind","BowlingBash","Omniscience+1","Judgement","Alpha"],"relics":["Runic Dome"],"acts_visited":["Exordium","TheCity"],"potions_floor_usage":[14,22,33,33],"damage_taken":[{"damage":2,"enemies":"Small Slimes","floor":1,"turns":3},{"damage":28,"enemies":"Gremlin Nob","floor":6,"turns":3},{"damage":3,"enemies":"Jaw Worm","floor":7,"turns":3},{"damage":0,"enemies":"2 Louse","floor":11,"turns":2},{"damage":1,"enemies":"Exordium Thugs","floor":14,"turns":3},{"damage":31,"enemies":"Hexaghost","floor":16,"turns":6},{"damage":20,"enemies":"Chosen","floor":18,"turns":3},{"damage":24,"enemies":"Shell Parasite","floor":21,"turns":4},{"damage":7,"enemies":"Centurion and Healer","floor":22,"turns":3},{"damage":18,"enemies":"3 Cultists","floor":24,"turns":3},{"damage":12,"enemies":"Masked Bandits","floor":28,"turns":3},{"damage":14,"enemies":"Gremlin Leader","floor":30,"turns":4},{"damage":66,"enemies":"Collector","floor":33,"turns":6}],"seed_played":"-6383174910237014985","potions_obtained":[{"floor":1,"key":"Dexterity Potion"},{"floor":11,"key":"Swift Potion"},{"floor":24,"key":"BottledMiracle"},{"floor":28,"key":"Regen Potion"}],"is_trial":false,"path_per_floor":["M","?","?","T","?","E","M","?","T","R","M","?","$","M","R","B",null,"M","?","?","M","M","R","M","R","T","R","?","?","E","$","R","B"],"character_chosen":"WATCHER","items_purchased":["Evaluate"],"campfire_rested":4,"item_purchase_floors":[13],"current_hp_per_floor":[70,70,75,75,75,47,44,44,44,67,67,67,67,66,66,35,77,57,57,57,33,26,49,31,54,54,54,42,42,28,28,51,0,0],"gold":213,"neow_bonus":"BOSS_RELIC","is_daily":false,"chose_seed":false,"campfire_upgraded":2,"win_rate":0.0,"timestamp":1610528896,"path_taken":["M","?","?","?","?","E","M","?","T","R","?","?","?","M","R","BOSS","M","?","?","M","M","R","M","R","T","R","?","?","E","?","R","BOSS"],"items_purchased_type":["Card"],"build_version":"2020-12-22","purchased_purges":2,"victory":false,"max_hp_per_floor":[72,72,77,77,77,77,77,77,77,77,77,77,77,77,77,77,77,77,77,77,77,77,77,77,77,77,77,77,77,77,77,77,77,77],"card_choices":[{"not_picked":["InnerPeace","BowlingBash"],"picked":"Conclude","floor":1},{"not_picked":["Evaluate","Protect"],"picked":"FollowUp","floor":6},{"not_picked":["CrushJoints","FlyingSleeves"],"picked":"SashWhip","floor":7},{"not_picked":["Consecrate","Protect"],"picked":"Alpha","floor":11},{"not_picked":["Prostrate","SashWhip"],"picked":"BowlingBash","floor":14},{"not_picked":["DeusExMachina","MasterReality"],"picked":"LessonLearned","floor":16},{"not_picked":["SandsOfTime","PathToVictory+1","ThirdEye"],"picked":"SKIP","floor":18},{"not_picked":["PathToVictory","Halt","TalkToTheHand"],"picked":"SKIP","floor":21},{"not_picked":["JustLucky","CutThroughFate","FlyingSleeves"],"picked":"SKIP","floor":22},{"not_picked":["CrushJoints","Indignation+1","Crescendo"],"picked":"SKIP","floor":24},{"not_picked":["Halt+1","SashWhip"],"picked":"Judgement","floor":28},{"not_picked":["ForeignInfluence","Wallop"],"picked":"Alpha","floor":30}],"player_experience":1364636,"relics_obtained":[],"event_choices":[{"damage_healed":0,"gold_gain":0,"player_choice":"Ignored","damage_taken":0,"max_hp_gain":0,"max_hp_loss":0,"event_name":"Golden Idol","floor":2,"gold_loss":0},{"damage_healed":0,"gold_gain":0,"player_choice":"Donut","damage_taken":0,"max_hp_gain":5,"max_hp_loss":0,"event_name":"Big Fish","floor":3,"gold_loss":0},{"damage_healed":0,"gold_gain":0,"player_choice":"Ignored","damage_taken":0,"max_hp_gain":0,"max_hp_loss":0,"event_name":"Shining Light","floor":5,"gold_loss":0},{"damage_healed":0,"gold_gain":0,"player_choice":"Forge","damage_taken":0,"max_hp_gain":0,"max_hp_loss":0,"event_name":"Accursed Blacksmith","floor":8,"gold_loss":0,"cards_upgraded":["Eruption"]},{"damage_healed":0,"gold_gain":0,"player_choice":"Left Gold","damage_taken":0,"max_hp_gain":0,"max_hp_loss":0,"event_name":"World of Goop","floor":12,"gold_loss":39},{"damage_healed":0,"gold_gain":0,"player_choice":"Read","damage_taken":0,"max_hp_gain":0,"max_hp_loss":0,"event_name":"The Library","floor":19,"gold_loss":0,"cards_obtained":["EmptyMind"]},{"damage_healed":0,"gold_gain":0,"cards_transformed":["Strike_P","Defend_P"],"player_choice":"Became Test Subject","damage_taken":0,"max_hp_gain":0,"max_hp_loss":0,"event_name":"Drug Dealer","floor":20,"gold_loss":0,"cards_obtained":["BowlingBash","Omniscience"]},{"damage_healed":0,"gold_gain":0,"player_choice":"Fought Bandits","damage_taken":0,"max_hp_gain":0,"max_hp_loss":0,"event_name":"Masked Bandits","floor":28,"gold_loss":0},{"damage_healed":0,"gold_gain":0,"player_choice":"Ignored","damage_taken":0,"max_hp_gain":0,"max_hp_loss":0,"event_name":"Cursed Tome","floor":29,"gold_loss":0}],"is_beta":false,"boss_relics":[{"not_picked":["Calling Bell","Philosopher\u0027s Stone","Busted Crown"]}],"items_purged_floors":[13,31],"is_endless":false,"potions_floor_spawned":[1,11,24,28],"killed_by":"Collector","ascension_level":0}}