{"host":"4udtejx3ummmwg8f","time":1610538189,"event":{"mods":["BaseMod","Minty Spire (QoL Compilation)"],"gold_per_floor":[118,68,42,42,67,67,82,82,108,121,140,91,122,122,122,250,250,275,298,323,248,272,272,272,272],"floor_reached":24,"language":"ENG","playtime":1700,"items_purged":[],"score":198,"play_id":"ee8d3cbb-de4a-47bb-b711-e7dc8d394ee1","local_time":"20210113221309","daily_mods":["Heirloom","Time Dilation"],"is_ascension_mode":false,"campfire_choices":[{"floor":6,"key":"REST"},{"data":"Static Discharge","floor":8,"key":"SMITH"},{"floor":15,"key":"REST"},{"floor":23,"key":"REST"}],"circlet_count":0,"master_deck":["Zap","Dualcast","Ball Lightning","Beam Cell","Static Discharge+1","Genetic Algorithm","Reinforced Body","Capacitor","Self Repair","Thunder Strike","Blizzard","Glacier","Force Field","Thunder Strike","Steam","Chaos","Coolheaded+1","Conserve Battery","Lockon+1","Ball Lightning"],"relics":["Cracked Core","Du-Vu Doll","Golden Idol","Blood Vial","Omamori","NlothsMask","Pandora\u0027s Box"],"acts_visited":["Exordium","TheCity"],"potions_floor_usage":[13,16,20,22],"damage_taken":[{"damage":5,"enemies":"Small Slimes","floor":1,"turns":3},{"damage":7,"enemies":"2 Louse","floor":5,"turns":2},{"damage":0,"enemies":"Cultist","floor":7,"turns":2},{"damage":19,"enemies":"3 Louse","floor":10,"turns":2},{"damage":9,"enemies":"Blue Slaver","floor":11,"turns":3},{"damage":24,"enemies":"3 Sentries","floor":13,"turns":6},{"damage":31,"enemies":"Slime Boss","floor":16,"turns":9},{"damage":13,"enemies":"3 Byrds","floor":18,"turns":3},{"damage":7,"enemies":"Chosen","floor":19,"turns":8},{"damage":51,"enemies":"3 Cultists","floor":20,"turns":6},{"damage":20,"enemies":"Centurion and Healer","floor":22,"turns":6},{"damage":38,"enemies":"Slavers","floor":24,"turns":5}],"seed_played":"3170927764358836536","potions_obtained":[{"floor":10,"key":"Dexterity Potion"},{"floor":11,"key":"PotionOfCapacity"},{"floor":18,"key":"FearPotion"},{"floor":19,"key":"Block Potion"}],"is_trial":true,"path_per_floor":["M","?","$","?","M","R","M","R","T","M","M","?","E","?","R","B",null,"M","M","M","?","M","R","E"],"character_chosen":"DEFECT","items_purchased":["Beam Cell"],"campfire_rested":3,"item_purchase_floors":[3],"current_hp_per_floor":[70,70,70,52,45,67,67,67,67,50,43,43,21,21,43,21,75,69,71,22,22,11,33,0,0],"gold":272,"neow_bonus":"","is_daily":false,"chose_seed":false,"campfire_upgraded":1,"win_rate":0.0,"timestamp":1610538189,"path_taken":["M","?","$","?","M","R","M","R","T","M","M","?","E","?","R","BOSS","M","M","?","?","M","R","E"],"items_purchased_type":["Card"],"build_version":"2020-12-22","purchased_purges":0,"victory":false,"max_hp_per_floor":[75,75,75,75,75,75,75,75,75,75,75,75,75,75,75,75,75,75,75,75,75,75,75,75,75],"card_choices":[{"not_picked":["Sweeping Beam","Double Energy"],"picked":"Ball Lightning","floor":1},{"not_picked":["Sweeping Beam","Turbo"],"picked":"Static Discharge","floor":5},{"not_picked":["Aggregate","Redo"],"picked":"Genetic Algorithm","floor":7},{"not_picked":["Beam Cell","Barrage"],"picked":"Reinforced Body","floor":10},{"not_picked":["Genetic Algorithm","Coolheaded"],"picked":"Capacitor","floor":11},{"not_picked":["Tempest","Streamline"],"picked":"Self Repair","floor":13},{"not_picked":["Hyperbeam","Amplify"],"picked":"Thunder Strike","floor":16},{"not_picked":["Undo","Conserve Battery"],"picked":"Coolheaded+1","floor":18},{"not_picked":["Coolheaded","Go for the Eyes"],"picked":"Conserve Battery","floor":19},{"not_picked":["Redo+1","Buffer"],"picked":"Lockon+1","floor":20},{"not_picked":["Glacier","Chaos"],"picked":"Ball Lightning","floor":22}],"player_experience":70516,"relics_obtained":[{"floor":9,"key":"Blood Vial"},{"floor":13,"key":"Omamori"}],"event_choices":[{"cards_removed":["Defend_B"],"damage_healed":0,"gold_gain":0,"player_choice":"Card Removal","damage_taken":0,"max_hp_gain":0,"max_hp_loss":0,"event_name":"The Cleric","floor":2,"gold_loss":50},{"damage_healed":0,"gold_gain":0,"player_choice":"Take Damage","damage_taken":18,"relics_obtained":["Golden Idol"],"max_hp_gain":0,"max_hp_loss":0,"event_name":"Golden Idol","floor":4,"gold_loss":0},{"damage_healed":0,"gold_gain":0,"player_choice":"Left Gold","damage_taken":0,"max_hp_gain":0,"max_hp_loss":0,"event_name":"World of Goop","floor":12,"gold_loss":49},{"damage_healed":0,"gold_gain":0,"player_choice":"Trade","damage_taken":0,"relics_obtained":["NlothsMask"],"max_hp_gain":0,"max_hp_loss":0,"event_name":"FaceTrader","floor":14,"gold_loss":0},{"cards_removed":["Blizzard"],"damage_healed":0,"gold_gain":0,"player_choice":"Gave Gold","damage_taken":0,"max_hp_gain":0,"max_hp_loss":0,"event_name":"Beggar","floor":21,"gold_loss":75}],"is_beta":false,"boss_relics":[{"not_picked":["Runic Dome","Philosopher\u0027s Stone"],"picked":"Pandora\u0027s Box"}],"items_purged_floors":[],"is_endless":false,"potions_floor_spawned":[10,11,18,19],"killed_by":"Slavers","ascension_level":0}}