{"host":"i21o3ayfb6i2uabp","time":1610503474,"event":{"mods":["2.2 Compatiblity","A Magickal Journey","AchievementEnabler","Act Like it!","AlwaysNeverKeys","Aspiration","Bartender","BaseMod","Beaked The Cultist","Better Altar","Better Match","Better Note","Better Third Choice","Better-Laid Plans","BetterRewards","CCEM","CapriCore","ChefMod","Clawfect","Clockwork Mod","Colored Map","Colored Powertips","Conjunction","Conspire","DNKmod","Defuse TimeMaze Blight","Disable Question Mark Monsters","Displayed Cursed Tome","Energized Spire","Evolution","Fiend Mod","Fireblade Mod","Friendly Minions","GifTheSpireLib","Grow up Mod","Halation","Hallownest","Hermit","HexUI Lib","Hubris","Infinite Spire","Jorbs\u0027s Wanderer Trilogy","Key Reminder","Kratos Character Expansion","Lobotomy","LobotomyExtend","Mad Scientist","Marked Mod","Minty Spire (QoL Compilation)","Nova Terra(??·??)","Permanent Neow","Prisma Mod","QueenMod","Quick Restart","Railgun Mod","Rare Cards Sparkle","Relic Stats","Remilia_Scarlet Moed?????·?????3.3.5","Remove Card Discount Mod","Replay The Spire","Retaliation","RumiaBox-????????","SOS???????","Shade Mod","Small Relic Pack","Spicy Shops","Spikes Relics","StSLib","Stuff the Spire","SuperFastMode","The Alterego","The Cursed","The Druid","The Immortal","The Kombatant","The Marked","The Vixen","TheHeartMod","TheHero","TheVacant","TheWitcher","Trackpad","Transform Curses","Uncapped","vexMod"],"gold_per_floor":[1020,1020,1033,845,845,845,857,857,884,932,965,980,990,1004,1004,1100,1100,1120,1139,1181,1181,1196,1221,1221,800,827,856,873,873,928,939,939,1040,1040,1052,852,852,869,906,906,918,918,918,971,995,995,1034,1082,1082,1128,1128,1128,658,737,800],"floor_reached":56,"language":"ENG","playtime":3676,"items_purged":[],"score":1613,"play_id":"a670fa47-60df-41cf-9c63-d3bfbcfee618","local_time":"20210112180434","is_ascension_mode":true,"campfire_choices":[{"floor":6.0,"key":"RECALL"},{"data":"animeID:DetroitSmash","floor":8.0,"key":"SMITH"},{"floor":32.0,"key":"REST"},{"floor":40.0,"key":"REST"},{"data":"animeID:FullCowl","floor":42.0,"key":"SMITH"},{"floor":46.0,"key":"REST"},{"data":"animeID:AllMight","floor":49.0,"key":"SMITH"},{"floor":52.0,"key":"REST"}],"circlet_count":0,"master_deck":["animeID:Deku","animeID:Bakugo","animeID:Smash","animeID:DefendMH","animeID:DefendMH","animeID:DefendMH","animeID:DefendMH","animeID:NightEye","animeID:DelawareSmash","Flying Knee","Choke","StuffTheSpire:BumpUp","animeID:Aoyama","animeID:Hatsume","animeID:DetroitSmash+1","animeID:Hatsume","animeID:Mezo","animeID:TodorokiShoto","animeID:TetsuTetsu+1","animeID:Mineta+1","animeID:TetsuTetsu","animeID:Endeavor","animeID:Stain+1","animeID:DetroitDelaware","animeID:Crystallize","animeID:Momo+1","animeID:Shigaraki","animeID:Mina","animeID:FullCowl+1","animeID:AllMight+1","animeID:Uraraka","conspire:SpireCoStock","conspire:SpireCoStock","conspire:SpireCoStock","conspire:SpireCoStock","animeID:DetroitSmash+1","animeID:Tomura+1","animeID:HighFive","animeID:Mina","animeID:Tamaki","animeID:SkinnyGum","animeID:Rei+1","animeID:GranTorino+1","animeID:GentleCriminal+1","animeID:DetroitSmash+1","Mayhem+1","animeID:DetroitSmash","hubris:DuctTapeCard"],"relics":["animeID:HeroCostume","EVO:Axolotl","Strange Spoon","LetterFromLob","Omamori","CCEMRelics:WhiteRose","hubris:Icosahedron","aspiration:Lifesprig","trackpad:ByrdBGone","CCEMRelics:SpiritsEdge","Dream Catcher","hubris:DuctTape","hubris:TerracottaHorce","hubris:Towel","Golden Egg","Replay:Wax Seal","Ornamental Fan","BicycleWheel","Ccalipers","RedMistMask"],"acts_visited":["Exordium","Hallownest:CityofTears","TheBeyond","TheEnding"],"potions_floor_usage":[],"damage_taken":[{"damage":0.0,"enemies":"2 Louse","floor":1.0,"turns":2.0},{"damage":0.0,"enemies":"Cultist","floor":3.0,"turns":3.0},{"damage":11.0,"enemies":"Jaw Worm","floor":7.0,"turns":2.0},{"damage":11.0,"enemies":"Lagavulin","floor":11.0,"turns":4.0},{"damage":8.0,"enemies":"Large Slime","floor":12.0,"turns":3.0},{"damage":0.0,"enemies":"Looter","floor":13.0,"turns":2.0},{"damage":6.0,"enemies":"3 Louse","floor":14.0,"turns":3.0},{"damage":32.0,"enemies":"The Guardian","floor":16.0,"turns":7.0},{"damage":11.0,"enemies":"Hallownest:2_Mistakes","floor":18.0,"turns":5.0},{"damage":15.0,"enemies":"Hallownest:Flukemon_and_Top","floor":19.0,"turns":5.0},{"damage":12.0,"enemies":"Hallownest:Glutton_and_Coward","floor":20.0,"turns":2.0},{"damage":17.0,"enemies":"Hallownest:Warrior_and_Youth","floor":22.0,"turns":4.0},{"damage":0.0,"enemies":"Hallownest:eliteSoulWarrior","floor":23.0,"turns":7.0},{"damage":3.0,"enemies":"Hallownest:Nosk","floor":27.0,"turns":7.0},{"damage":11.0,"enemies":"Hallownest:3_Mistakes","floor":28.0,"turns":5.0},{"damage":17.0,"enemies":"Hallownest:Glutton_and_Coward","floor":30.0,"turns":2.0},{"damage":42.0,"enemies":"Hallownest:2_Flukemon","floor":31.0,"turns":5.0},{"damage":73.0,"enemies":"Hallownest:BossMantisLord","floor":33.0,"turns":5.0},{"damage":45.0,"enemies":"3 Shapes","floor":35.0,"turns":4.0},{"damage":94.0,"enemies":"3 Darklings","floor":38.0,"turns":4.0},{"damage":52.0,"enemies":"Sphere and 2 Shapes","floor":39.0,"turns":5.0},{"damage":14.0,"enemies":"Maw","floor":41.0,"turns":5.0},{"damage":64.0,"enemies":"Reptomancer","floor":44.0,"turns":5.0},{"damage":69.0,"enemies":"Writhing Mass","floor":45.0,"turns":4.0},{"damage":12.0,"enemies":"Nemesis","floor":47.0,"turns":6.0},{"damage":21.0,"enemies":"Sphere and 2 Shapes","floor":48.0,"turns":4.0},{"damage":87.0,"enemies":"Donu and Deca","floor":50.0,"turns":6.0},{"damage":135.0,"enemies":"Shield and Spear","floor":54.0,"turns":6.0},{"damage":149,"enemies":"The Heart","floor":55,"turns":7}],"seed_played":"9212440273251495525","potions_obtained":[{"floor":1.0,"key":"SteroidPotion"},{"floor":11.0,"key":"Dexterity Potion"},{"floor":12.0,"key":"Regen Potion"},{"floor":30.0,"key":"infinitespire:BlackPotion"}],"is_trial":false,"path_per_floor":["M","?","M","$","?","R","M","R","T","T","E","M","M","M","R","B",null,"M","M","M","?","M","E","R","$","T","E","M","R","M","M","R","B",null,"M","?","?","M","M","R","M","R","T","E","M","R","E","M","R_BF","B",null,"R","$","E","B",null],"character_chosen":"THE_HERO","items_purchased":["animeID:Hatsume","Strange Spoon","animeID:DetroitDelaware","trackpad:ByrdBGone","CCEMRelics:SpiritsEdge","Mayhem","BicycleWheel"],"campfire_rested":4,"item_purchase_floors":[4,4,25,25,25,53,53],"current_hp_per_floor":[120,130,140,150,160,170,169,179,189,199,200,206,218,224,234,218,280,283,282,282,292,289,303,313,323,333,348,351,361,356,326,430,369,432,401,411,421,339,303,463,463,473,483,433,378,556,558,551,561,490,590,630,640,521,398],"gold":800,"neow_bonus":"THREE_CARDS","is_daily":false,"chose_seed":false,"campfire_upgraded":3,"win_rate":0.0,"timestamp":1610503474,"path_taken":["M","?","M","?","?","R","M","R","T","?","E","M","M","M","R","BOSS","M","M","M","?","M","E","R","$","T","E","M","R","M","M","R","BOSS","M","?","?","M","M","R","M","R","T","E","M","R","E","M","R_BF","BOSS","R","$","E","BOSS"],"items_purchased_type":["Card","Relic","Card","Relic","Relic","Card","Relic"],"build_version":"2020-12-22","purchased_purges":0,"victory":true,"max_hp_per_floor":[120,130,140,150,160,170,180,190,200,210,220,230,240,250,260,270,280,290,300,310,320,330,340,350,360,370,380,390,400,410,420,430,440,450,460,470,480,490,500,510,520,530,540,550,560,570,580,590,600,610,620,630,640,650,670],"relic_stats":{"Strange Spoon":[86],"Dream Catcher":4,"counters":[29,129],"Ornamental Fan":[20],"obtain_stats":[{"Golden Egg":43,"aspiration:Lifesprig":23,"hubris:DuctTape":27,"trackpad:ByrdBGone":25,"Omamori":10,"EVO:Axolotl":0,"hubris:Towel":37,"CCEMRelics:SpiritsEdge":25,"hubris:TerracottaHorce":34,"keyreminder:keyreminder":6,"Strange Spoon":4,"Dream Catcher":26,"hubris:Icosahedron":21,"Ornamental Fan":47,"Ccalipers":54,"RedMistMask":54,"LetterFromLob":7,"animeID:HeroCostume":0,"CCEMRelics:WhiteRose":11,"Replay:Wax Seal":44,"BicycleWheel":53},{"Golden Egg":22,"aspiration:Lifesprig":13,"hubris:DuctTape":14,"trackpad:ByrdBGone":13,"Omamori":3,"EVO:Axolotl":0,"hubris:Towel":19,"CCEMRelics:SpiritsEdge":13,"hubris:TerracottaHorce":18,"keyreminder:keyreminder":2,"Strange Spoon":2,"Dream Catcher":13,"hubris:Icosahedron":11,"Ornamental Fan":25,"Ccalipers":28,"RedMistMask":28,"LetterFromLob":3,"animeID:HeroCostume":0,"CCEMRelics:WhiteRose":4,"Replay:Wax Seal":23,"BicycleWheel":27},{"Golden Egg":91,"aspiration:Lifesprig":49,"hubris:DuctTape":56,"trackpad:ByrdBGone":49,"Omamori":7,"EVO:Axolotl":0,"hubris:Towel":77,"CCEMRelics:SpiritsEdge":49,"hubris:TerracottaHorce":73,"keyreminder:keyreminder":5,"Strange Spoon":5,"Dream Catcher":49,"hubris:Icosahedron":38,"Ornamental Fan":106,"Ccalipers":122,"RedMistMask":122,"LetterFromLob":7,"animeID:HeroCostume":0,"CCEMRelics:WhiteRose":11,"Replay:Wax Seal":96,"BicycleWheel":116}]},"card_choices":[{"not_picked":["animeID:HowitzerImpact","animeID:GranTorino"],"picked":"animeID:NightEye","floor":0.0},{"not_picked":["animeID:Ojiro","animeID:EraserHead"],"picked":"animeID:DelawareSmash","floor":1.0},{"not_picked":["animeID:Momo","animeID:Himiko"],"picked":"animeID:Aoyama","floor":3.0},{"not_picked":["animeID:RecoveryGirl","animeID:Mina"],"picked":"animeID:DetroitSmash","floor":7.0},{"not_picked":["animeID:ToruHagakure","animeID:Chisaki"],"picked":"animeID:Hatsume","floor":11.0},{"not_picked":["animeID:Mina","animeID:Kaminari"],"picked":"animeID:ShootStyle","floor":12.0},{"not_picked":["animeID:HighFive","animeID:Ojiro"],"picked":"animeID:Mezo","floor":13.0},{"not_picked":["animeID:Momo","animeID:GentleCriminal"],"picked":"animeID:TodorokiShoto","floor":14.0},{"not_picked":["animeID:PresentMic","animeID:Endeavor"],"picked":"animeID:Hawks","floor":16.0},{"not_picked":["animeID:Rappa","animeID:Kendo+1"],"picked":"animeID:TetsuTetsu+1","floor":18.0},{"not_picked":["animeID:Kirishima","animeID:Kaminari+1"],"picked":"animeID:Mineta+1","floor":19.0},{"not_picked":["animeID:Tsuyu","animeID:Tomura"],"picked":"animeID:TetsuTetsu","floor":20.0},{"not_picked":["animeID:Deku","animeID:ToruHagakure"],"picked":"animeID:Endeavor","floor":22.0},{"not_picked":["animeID:Crystallize","animeID:Kendo"],"picked":"animeID:Stain+1","floor":23.0},{"not_picked":["animeID:Bakugo","animeID:Nomu+1"],"picked":"animeID:Crystallize","floor":27.0},{"not_picked":["animeID:ToruHagakure","animeID:Iida"],"picked":"animeID:Momo+1","floor":28.0},{"not_picked":["animeID:Momo","animeID:RecoveryGirl"],"picked":"animeID:Shigaraki","floor":30.0},{"not_picked":["animeID:Bakugo","animeID:Cementoss"],"picked":"animeID:Mina","floor":31.0},{"not_picked":["animeID:ToruHagakure","animeID:Aoyama"],"picked":"animeID:FullCowl","floor":32.0},{"not_picked":["animeID:Chisaki","animeID:USA_Smash"],"picked":"animeID:AllMight","floor":33.0},{"not_picked":["animeID:Kirishima","animeID:Bakugo"],"picked":"animeID:Uraraka","floor":35.0},{"not_picked":["animeID:Mezo","animeID:Aoyama+1"],"picked":"animeID:DetroitSmash+1","floor":38.0},{"not_picked":["animeID:Hatsume","animeID:Twice"],"picked":"animeID:Tomura+1","floor":39.0},{"not_picked":["animeID:RecoveryGirl","animeID:ToruHagakure"],"picked":"animeID:HighFive","floor":40.0},{"not_picked":["animeID:Momo+1","animeID:DetroitSmash+1"],"picked":"animeID:Mina","floor":41.0},{"not_picked":["animeID:HighFive+1","animeID:ShootStyle+1"],"picked":"animeID:Tamaki","floor":44.0},{"not_picked":["animeID:DetroitSmash","animeID:DetroitDelaware+1"],"picked":"animeID:SkinnyGum","floor":45.0},{"not_picked":["animeID:Kendo","animeID:Momo"],"picked":"animeID:Rei+1","floor":46.0},{"not_picked":["animeID:Bakugo+1","animeID:Chisaki"],"picked":"animeID:GranTorino+1","floor":47.0},{"not_picked":["animeID:Bakugo","animeID:Kirishima"],"picked":"animeID:GentleCriminal+1","floor":48.0},{"not_picked":["animeID:ToruHagakure+1","animeID:Bakugo"],"picked":"animeID:DetroitSmash+1","floor":52.0},{"not_picked":["animeID:RecoveryGirl+1","animeID:Mina+1"],"picked":"animeID:DetroitSmash","floor":54.0}],"player_experience":205561,"relics_obtained":[{"floor":7.0,"key":"LetterFromLob"},{"floor":10.0,"key":"Omamori"},{"floor":11.0,"key":"CCEMRelics:WhiteRose"},{"floor":23.0,"key":"aspiration:Lifesprig"},{"floor":26.0,"key":"Dream Catcher"},{"floor":27.0,"key":"hubris:DuctTape"},{"floor":43.0,"key":"Golden Egg"},{"floor":44.0,"key":"Replay:Wax Seal"},{"floor":47.0,"key":"Ornamental Fan"},{"floor":54.0,"key":"Ccalipers"},{"floor":54.0,"key":"RedMistMask"}],"event_choices":[{"damage_healed":0.0,"max_hp_gain":0.0,"max_hp_loss":0.0,"gold_gain":0.0,"event_name":"conspire:Investor","player_choice":"Invest 4","floor":36.0,"gold_loss":0.0,"damage_taken":0.0}],"is_beta":false,"boss_relics":[{"not_picked":["Ectoplasm","hubris:CrackedHourglass","ReplayTheSpireMod:DimensionalGlitch"]},{"not_picked":["vexMod:BigBerry","energizedSpire:SpiderWeb"],"picked":"hubris:TerracottaHorce"}],"items_purged_floors":[],"is_endless":false,"potions_floor_spawned":[1,11,12,13,19,22,27,30,39,44,45,48],"ascension_level":5}}