{"host":"xt797mi8yhee06c1","time":1610552338,"event":{"mods":["Arknights The Spire","BaseMod","Bestiary","Koishi","Marisa£¨Ùöéë¡¡Øª×âÞÞ£©","Minty Spire (QoL Compilation)","Poor People Problems","Prisma Mod","Relic Filter","Shop Mod","Spicy Shops","StSLib","The Marked","The Runesmith","The Servant 0.9.4","WarShipGirlsR/??á´Ò³R mod"],"gold_per_floor":[114,127,4,16,16,16,41,41,41,52,68,98,127,214,226,343,355,387,409,421,447,559,603,631,673,709,721,833,845,867,879,891,1007,1019,1045,1057,1085,1097,1127,1139,1139],"floor_reached":40,"language":"KOR","playtime":2903,"items_purged":[],"score":488,"play_id":"426bdc61-bd2a-46fe-9d86-74271c1b39b7","local_time":"20210114003858","is_ascension_mode":false,"campfire_choices":[{"data":"PrismaMod:IllyaUncommonDefend","floor":6.0,"key":"SMITH"},{"data":"PrismaMod:IllyaZwei","floor":8.0,"key":"SMITH"},{"data":"PrismaMod:IllyaPoisonBomb","floor":15.0,"key":"SMITH"},{"data":"PrismaMod:IllyaReinForce","floor":29.0,"key":"SMITH"},{"data":"PrismaMod:IllyaUberAttackChannel","floor":32.0,"key":"SMITH"}],"circlet_count":0,"master_deck":["PrismaMod:IllyaCommonAttack","PrismaMod:IllyaCommonDefend","PrismaMod:IllyaCommonAttack","PrismaMod:IllyaCommonDefend","PrismaMod:IllyaCommonAttack","PrismaMod:IllyaCommonDefend","PrismaMod:IllyaCommonAttack","PrismaMod:IllyaCommonDefend","PrismaMod:IllyaCommonAttack","PrismaMod:IllyaCommonDefend","PrismaMod:IllyaUncommonAttack","PrismaMod:IllyaUncommonDefend+1","PrismaMod:IllyaPoisonBomb+1","PrismaMod:IllyaPartialInstallAssassin","PrismaMod:IllyaCommandSeal","PrismaMod:IllyaPoisonTippedWeapons","PrismaMod:IllyaZwei+1","PrismaMod:IllyaPoisonBomb","PrismaMod:IllyaSaphire","PrismaMod:IllyaFeed","PrismaMod:IllyaDevil","PrismaMod:IllyaUberAttackChannel","PrismaMod:IllyaCheapDefend","PrismaMod:IllyaPoisonTippedWeapons","PrismaMod:IllyaGrail","PrismaMod:IllyaCommonAttack","PrismaMod:IllyaUberAttackChannel+1","Flash of Steel","PrismaMod:IllyaGun","PrismaMod:IllyaBerserCAR+1","PrismaMod:IllyaReinForce+1","PrismaMod:IllyaTestament+1","PrismaMod:IllyaStunPoison","PrismaMod:IllyaInstallBerserker","PrismaMod:IllyaPoisonBomb+1","PrismaMod:IllyaInstallArcher","PrismaMod:IllyaBride+1","PrismaMod:IllyaRapidFire+1","Master of Strategy","Forethought","Violence"],"relics":["PrismaMod:PrismaZwei","NeowsBlessing","Orichalcum","Omamori","Runesmith:AutoHammer","MawBank","Blood Vial","Akabeko","Ancient Tea Set","CaptainsWheel","Ornamental Fan","Black Star"],"acts_visited":["Exordium","TheCity","TheBeyond"],"potions_floor_usage":[40,40],"damage_taken":[{"damage":0.0,"enemies":"Small Slimes","floor":1.0,"turns":1.0},{"damage":0.0,"enemies":"Cultist","floor":2.0,"turns":1.0},{"damage":0.0,"enemies":"2 Louse","floor":4.0,"turns":1.0},{"damage":8.0,"enemies":"Lagavulin","floor":7.0,"turns":8.0},{"damage":0.0,"enemies":"Gremlin Gang","floor":10.0,"turns":4.0},{"damage":0.0,"enemies":"Red Slaver","floor":11.0,"turns":3.0},{"damage":15.0,"enemies":"Gremlin Nob","floor":12.0,"turns":6.0},{"damage":15.0,"enemies":"Large Slime","floor":13.0,"turns":6.0},{"damage":42.0,"enemies":"The Guardian","floor":16.0,"turns":9.0},{"damage":4.0,"enemies":"Shell Parasite","floor":18.0,"turns":4.0},{"damage":4.0,"enemies":"Spheric Guardian","floor":19.0,"turns":4.0},{"damage":8.0,"enemies":"Snecko","floor":21.0,"turns":5.0},{"damage":43.0,"enemies":"Gremlin Leader","floor":23.0,"turns":8.0},{"damage":0.0,"enemies":"3 Cultists","floor":24.0,"turns":3.0},{"damage":17.0,"enemies":"Book of Stabbing","floor":25.0,"turns":3.0},{"damage":0.0,"enemies":"Colosseum Slavers","floor":28.0,"turns":1.0},{"damage":1.0,"enemies":"Colosseum Nobs","floor":28.0,"turns":2.0},{"damage":2.0,"enemies":"Centurion and Healer","floor":30.0,"turns":5.0},{"damage":36.0,"enemies":"Collector","floor":33.0,"turns":7.0},{"damage":8.0,"enemies":"3 Shapes","floor":35.0,"turns":3.0},{"damage":0.0,"enemies":"3 Darklings","floor":37.0,"turns":2.0},{"damage":62.0,"enemies":"Writhing Mass","floor":39.0,"turns":6.0},{"damage":26,"enemies":"Giant Head","floor":40,"turns":6}],"seed_played":"4124182893351706941","potions_obtained":[{"floor":4.0,"key":"BlessingOfTheForge"},{"floor":7.0,"key":"ColorlessPotion"},{"floor":10.0,"key":"Block Potion"},{"floor":13.0,"key":"Fire Potion"},{"floor":21.0,"key":"EntropicBrew"},{"floor":24.0,"key":"SpeedPotion"},{"floor":30.0,"key":"Regen Potion"}],"is_trial":false,"path_per_floor":["M","M","$","M","?","R","E","R","T","M","M","E","M","?","R","B",null,"M","M","?","M","?","E","M","E","T","$","?","R","M","?","R","B",null,"M","?","M","?","M","E"],"character_chosen":"ILLYA","items_purchased":["PrismaMod:IllyaCommandSeal"],"campfire_rested":0,"item_purchase_floors":[3],"current_hp_per_floor":[75,75,75,75,75,75,67,67,67,73,73,64,49,38,38,17,75,75,75,75,73,73,48,56,62,62,62,65,65,71,71,71,58,75,67,67,69,59,16,0,0],"gold":1139,"neow_bonus":"THREE_ENEMY_KILL","is_daily":false,"chose_seed":false,"campfire_upgraded":5,"win_rate":0.0,"timestamp":1610552338,"path_taken":["M","M","$","M","?","R","E","R","T","M","?","E","M","?","R","BOSS","M","M","?","?","?","E","?","E","T","?","?","R","M","?","R","BOSS","M","?","M","?","?","E"],"items_purchased_type":["Card"],"build_version":"2020-12-22","purchased_purges":0,"victory":false,"max_hp_per_floor":[75,75,75,75,75,75,75,75,75,75,75,75,75,75,75,75,75,75,75,75,75,75,75,75,75,75,75,75,75,75,75,75,75,75,75,75,75,75,75,75,75],"card_choices":[{"not_picked":["PrismaMod:IllyaCheapChannelDefend","PrismaMod:IllyaUpgradeOrbs"],"picked":"PrismaMod:IllyaPoisonBomb","floor":1.0},{"not_picked":["PrismaMod:IllyaCheapChannelAttack","PrismaMod:IllyaEvokeAll"],"picked":"PrismaMod:IllyaPartialInstallAssassin","floor":2.0},{"not_picked":["PrismaMod:IllyaCheapChannelDefend","PrismaMod:IllyaPartialInstallAssassin"],"picked":"PrismaMod:IllyaPoisonTippedWeapons","floor":4.0},{"not_picked":["PrismaMod:IllyaPoisonTippedWeapons","PrismaMod:IllyaGun"],"picked":"PrismaMod:IllyaZwei","floor":7.0},{"not_picked":["PrismaMod:IllyaRubysPotion","PrismaMod:IllyaStunPoison"],"picked":"PrismaMod:IllyaPoisonBomb","floor":10.0},{"not_picked":["PrismaMod:IllyaDetonatingBlow","PrismaMod:IllyaBoysLove"],"picked":"PrismaMod:IllyaSaphire","floor":11.0},{"not_picked":["PrismaMod:IllyaBlindPoisonToss","PrismaMod:IllyaHassanGift"],"picked":"PrismaMod:IllyaFeed","floor":12.0},{"not_picked":["PrismaMod:IllyaEvokeAll","PrismaMod:IllyaPartialInstallAssassin"],"picked":"PrismaMod:IllyaDevil","floor":13.0},{"not_picked":["PrismaMod:IllyaUberDefendChannel","PrismaMod:IllyaCarnivalDefend"],"picked":"PrismaMod:IllyaUberAttackChannel","floor":16.0},{"not_picked":["PrismaMod:IllyaBoysLove","PrismaMod:IllyaFriendMaker"],"picked":"PrismaMod:IllyaCheapDefend","floor":18.0},{"not_picked":["PrismaMod:IllyaFeed","PrismaMod:IllyaBlindPoisonToss+1"],"picked":"PrismaMod:IllyaPoisonTippedWeapons","floor":19.0},{"not_picked":["PrismaMod:IllyaCheapChannelAttack","PrismaMod:IllyaUpgradeOrbs"],"picked":"PrismaMod:IllyaBerserCAR+1","floor":21.0},{"not_picked":["PrismaMod:IllyaUncommonAttack","PrismaMod:IllyaPoisoningPhantasm"],"picked":"PrismaMod:IllyaReinForce","floor":23.0},{"not_picked":["PrismaMod:IllyaCheapChannelAttack","PrismaMod:IllyaUpgradeOrbs+1"],"picked":"PrismaMod:IllyaTestament+1","floor":24.0},{"not_picked":["PrismaMod:IllyaMinorReinForce","PrismaMod:IllyaCheapChannelAttack"],"picked":"PrismaMod:IllyaStunPoison","floor":25.0},{"not_picked":["PrismaMod:IllyaCommonEvoke+1","PrismaMod:IllyaCheapChannelPoison"],"picked":"PrismaMod:IllyaInstallBerserker","floor":28.0},{"not_picked":["PrismaMod:IllyaUpgradeOrbs","PrismaMod:IllyaBerserCAR+1"],"picked":"PrismaMod:IllyaPoisonBomb+1","floor":30.0},{"not_picked":["PrismaMod:IllyaCarnivalDefend","PrismaMod:IllyaCarnivalPrismaAstolfo"],"picked":"PrismaMod:IllyaInstallArcher","floor":33.0},{"not_picked":["PrismaMod:IllyaBerserCAR","PrismaMod:IllyaCheapChannelAttack+1"],"picked":"PrismaMod:IllyaBride+1","floor":35.0},{"not_picked":["PrismaMod:IllyaPoisonBomb","PrismaMod:IllyaAssassinRevenge+1"],"picked":"PrismaMod:IllyaRapidFire+1","floor":37.0},{"not_picked":["Enlightenment","Transmutation"],"picked":"Master of Strategy","floor":38.0},{"not_picked":["Swift Strike","Dark Shackles"],"picked":"Forethought","floor":38.0},{"not_picked":["Flash of Steel","Mind Blast"],"picked":"Violence","floor":38.0},{"not_picked":["PrismaMod:IllyaPartialInstallAssassin","PrismaMod:IllyaAOECommonAttack","PrismaMod:IllyaUncommonAttack+1"],"picked":"SKIP","floor":39.0}],"player_experience":337431,"relics_obtained":[{"floor":7.0,"key":"Omamori"},{"floor":9.0,"key":"Runesmith:AutoHammer"},{"floor":12.0,"key":"MawBank"},{"floor":23.0,"key":"Blood Vial"},{"floor":25.0,"key":"Akabeko"},{"floor":26.0,"key":"Ancient Tea Set"},{"floor":28.0,"key":"CaptainsWheel"},{"floor":28.0,"key":"Ornamental Fan"}],"event_choices":[{"damage_healed":0.0,"max_hp_gain":0.0,"max_hp_loss":0.0,"gold_gain":0.0,"event_name":"WeMeetAgain","player_choice":"Gave Potion","floor":5.0,"gold_loss":0.0,"damage_taken":0.0,"relics_obtained":["Orichalcum"]},{"damage_healed":0.0,"max_hp_gain":0.0,"max_hp_loss":0.0,"gold_gain":75.0,"event_name":"World of Goop","player_choice":"Gather Gold","floor":14.0,"gold_loss":0.0,"damage_taken":11.0},{"damage_healed":0.0,"max_hp_gain":0.0,"max_hp_loss":0.0,"gold_gain":0.0,"event_name":"Match and Keep!","player_choice":"5 cards matched","floor":20.0,"gold_loss":0.0,"damage_taken":0.0,"cards_obtained":["PrismaMod:IllyaGrail","PrismaMod:IllyaCommonAttack","PrismaMod:IllyaUberAttackChannel","Flash of Steel","PrismaMod:IllyaGun"]},{"damage_healed":0.0,"max_hp_gain":0.0,"max_hp_loss":0.0,"gold_gain":100.0,"event_name":"Golden Shrine","player_choice":"Pray","floor":22.0,"gold_loss":0.0,"damage_taken":0.0},{"damage_healed":0.0,"max_hp_gain":0.0,"max_hp_loss":0.0,"gold_gain":0.0,"event_name":"Colosseum","player_choice":"Fight","floor":28.0,"gold_loss":0.0,"damage_taken":0.0},{"damage_healed":0.0,"max_hp_gain":0.0,"max_hp_loss":0.0,"gold_gain":0.0,"event_name":"Colosseum","player_choice":"Fought Nobs","floor":28.0,"gold_loss":0.0,"damage_taken":0.0},{"damage_healed":0.0,"max_hp_gain":0.0,"max_hp_loss":0.0,"gold_gain":0.0,"event_name":"Beggar","player_choice":"Ignored","floor":31.0,"gold_loss":0.0,"damage_taken":0.0},{"damage_healed":0.0,"max_hp_gain":0.0,"max_hp_loss":0.0,"gold_gain":0.0,"event_name":"Tomb of Lord Red Mask","player_choice":"Ignored","floor":36.0,"gold_loss":0.0,"damage_taken":0.0},{"damage_healed":0.0,"max_hp_gain":0.0,"max_hp_loss":0.0,"gold_gain":0.0,"event_name":"SensoryStone","player_choice":"Memory 3","floor":38.0,"gold_loss":0.0,"damage_taken":10.0}],"is_beta":false,"boss_relics":[{"not_picked":["Pandora\u0027s Box","Tiny House"],"picked":"PrismaMod:PrismaZwei"},{"not_picked":["Busted Crown","Cursed Key"],"picked":"Black Star"}],"items_purged_floors":[],"is_endless":false,"potions_floor_spawned":[4,7,10,13,21,24,25,30],"killed_by":"Giant Head","ascension_level":0}}