{"host":"mai03x2ekbjy4059","time":1610520408,"event":{"mods":["2.2 Compatiblity","BaseMod","DeckTracker","Highlight Path","Keyboard Shortcuts","Minty Spire (QoL Compilation)","Permanent Neow","Quick Restart","SuperFastMode","everything is the same but u backflip on backflip"],"gold_per_floor":[112,112,130,143,143,172,172,46,70,70,70],"floor_reached":10,"language":"KOR","playtime":263,"items_purged":[],"score":116,"play_id":"bf5fd231-e6f4-46d9-9951-a4ae1f265adc","local_time":"20210113154648","is_ascension_mode":true,"campfire_choices":[],"circlet_count":0,"master_deck":["AscendersBane","Strike_P","Strike_P","Strike_P+1","Defend_P","Defend_P","Defend_P","Defend_P","Eruption","Vigilance","Alpha+1","WaveOfTheHand","Sanctity","Impatience"],"relics":["PureWater","Happy Flower"],"acts_visited":["Exordium"],"potions_floor_usage":[10],"damage_taken":[{"damage":2.0,"enemies":"Small Slimes","floor":1.0,"turns":5.0},{"damage":0.0,"enemies":"Cultist","floor":3.0,"turns":3.0},{"damage":0.0,"enemies":"2 Louse","floor":4.0,"turns":3.0},{"damage":17.0,"enemies":"3 Sentries","floor":6.0,"turns":4.0},{"damage":8,"enemies":"Gremlin Nob","floor":10,"turns":3}],"seed_played":"5554671467695705237","potions_obtained":[{"floor":3.0,"key":"LiquidBronze"},{"floor":6.0,"key":"DuplicationPotion"}],"is_trial":false,"path_per_floor":["M","?","M","M","?","E","?","$","T","E"],"character_chosen":"WATCHER","items_purchased":["Sanctity","Impatience"],"campfire_rested":0,"item_purchase_floors":[8,8],"current_hp_per_floor":[59,59,59,59,40,23,23,23,23,15,15],"gold":70,"neow_bonus":"THREE_RARE_CARDS","is_daily":false,"chose_seed":false,"campfire_upgraded":0,"win_rate":0.0,"timestamp":1610520408,"path_taken":["M","?","?","M","?","E","?","?","T","E"],"items_purchased_type":["Card","Card"],"build_version":"2020-12-22","purchased_purges":0,"victory":false,"max_hp_per_floor":[62,62,62,62,62,62,62,62,62,62,62],"card_choices":[{"not_picked":["SpiritShield","Omniscience"],"picked":"Alpha","floor":0.0},{"not_picked":["Consecrate","FlurryOfBlows"],"picked":"WaveOfTheHand","floor":1.0},{"not_picked":["Crescendo","ClearTheMind","FlurryOfBlows"],"picked":"SKIP","floor":3.0},{"not_picked":["CutThroughFate","Consecrate","CarveReality"],"picked":"SKIP","floor":4.0},{"not_picked":["Alpha","MentalFortress","FlurryOfBlows"],"picked":"SKIP","floor":6.0}],"player_experience":1077953,"relics_obtained":[{"floor":6.0,"key":"Happy Flower"}],"event_choices":[{"damage_healed":0.0,"max_hp_gain":0.0,"max_hp_loss":0.0,"gold_gain":0.0,"event_name":"Match and Keep!","player_choice":"0 cards matched","floor":2.0,"gold_loss":0.0,"damage_taken":0.0,"cards_obtained":[]},{"damage_healed":0.0,"max_hp_gain":0.0,"max_hp_loss":0.0,"gold_gain":0.0,"event_name":"Shining Light","player_choice":"Entered Light","floor":5.0,"gold_loss":0.0,"damage_taken":19.0,"cards_upgraded":["Strike_P","Alpha"]},{"cards_removed":["Strike_P"],"damage_healed":0.0,"max_hp_gain":0.0,"max_hp_loss":0.0,"gold_gain":0.0,"event_name":"Living Wall","player_choice":"Forget","floor":7.0,"gold_loss":0.0,"damage_taken":0.0}],"is_beta":false,"boss_relics":[],"items_purged_floors":[],"is_endless":false,"potions_floor_spawned":[3,6],"killed_by":"Gremlin Nob","ascension_level":15}}