{"host":"k0kjm4m87pwj4phr","time":1610539799,"event":{"mods":["BaseMod","Colored Map","Colored Powertips","Minty Spire (QoL Compilation)","Permanent Neow","Quick Restart","Relic Stats","StSLib","vexMod","óô»ðÖ¸ÄÏ"],"gold_per_floor":[110,127,145,145,157,157,184,197,267,267,29,40,40,68,68,143,143,162,162,162],"floor_reached":19,"language":"ZHS","playtime":911,"items_purged":["Strike_G"],"score":338,"play_id":"1372fa8c-5b3d-4011-9eb3-68581f961301","local_time":"20210113200959","is_ascension_mode":true,"campfire_choices":[{"data":"Noxious Fumes","floor":6.0,"key":"SMITH"},{"floor":10.0,"key":"REST"},{"floor":15.0,"key":"RECALL"}],"circlet_count":0,"master_deck":["AscendersBane","Strike_G","Strike_G","Strike_G","Strike_G","Defend_G","Defend_G","Defend_G","Defend_G","Defend_G","Survivor","Neutralize","Footwork+1","Noxious Fumes+1","Backstab","Blade Dance+1","Infinite Blades","Backflip+1","Adrenaline+1","Reflex+1"],"relics":["Sozu","Letter Opener","Bird Faced Urn","Toxic Egg 2","vexMod:PaidLearning","Odd Mushroom","vexMod:EndlessSickness"],"acts_visited":["Exordium","TheCity"],"potions_floor_usage":[],"damage_taken":[{"damage":4.0,"enemies":"Small Slimes","floor":1.0,"turns":5.0},{"damage":1.0,"enemies":"Cultist","floor":2.0,"turns":5.0},{"damage":4.0,"enemies":"Jaw Worm","floor":3.0,"turns":6.0},{"damage":0.0,"enemies":"2 Fungi Beasts","floor":5.0,"turns":5.0},{"damage":46.0,"enemies":"Gremlin Nob","floor":7.0,"turns":5.0},{"damage":3.0,"enemies":"Large Slime","floor":8.0,"turns":7.0},{"damage":4.0,"enemies":"Blue Slaver","floor":12.0,"turns":3.0},{"damage":18.0,"enemies":"The Mushroom Lair","floor":14.0,"turns":3.0},{"damage":24.0,"enemies":"Slime Boss","floor":16.0,"turns":10.0},{"damage":15,"enemies":"2 Thieves","floor":18,"turns":5},{"damage":29,"enemies":"Shell Parasite","floor":19,"turns":6}],"seed_played":"3476720160606702515","potions_obtained":[],"is_trial":false,"path_per_floor":["M","M","M","?","M","R","E","M","T","R","$","M","?","?","R","B",null,"M","M"],"character_chosen":"THE_SILENT","items_purchased":["vexMod:PaidLearning"],"campfire_rested":1,"item_purchase_floors":[11],"current_hp_per_floor":[55,54,50,50,50,50,4,5,5,24,24,20,42,26,26,8,52,43,20,20],"gold":162,"neow_bonus":"BOSS_RELIC","is_daily":false,"chose_seed":false,"campfire_upgraded":1,"win_rate":0.0,"timestamp":1610539799,"path_taken":["M","M","M","?","M","R","E","?","T","R","?","M","?","?","R","BOSS","M","M"],"items_purchased_type":["Relic"],"build_version":"2020-12-22","purchased_purges":1,"victory":false,"max_hp_per_floor":[66,66,66,66,66,66,66,66,66,66,66,66,66,66,66,66,66,66,66,66],"relic_stats":{"Sozu":5,"counters":[11,59],"Bird Faced Urn":[24],"Letter Opener":[123],"obtain_stats":[{"Sozu":0,"Bird Faced Urn":7,"vexMod:EndlessSickness":17,"vexMod:PaidLearning":11,"Letter Opener":4,"Toxic Egg 2":9,"Odd Mushroom":14,"Ring of the Snake":0},{"Sozu":0,"Bird Faced Urn":5,"vexMod:EndlessSickness":9,"vexMod:PaidLearning":6,"Letter Opener":3,"Toxic Egg 2":6,"Odd Mushroom":8,"Ring of the Snake":0},{"Sozu":0,"Bird Faced Urn":26,"vexMod:EndlessSickness":49,"vexMod:PaidLearning":33,"Letter Opener":16,"Toxic Egg 2":33,"Odd Mushroom":39,"Ring of the Snake":0}]},"card_choices":[{"not_picked":["Flying Knee","Cloak And Dagger","Poisoned Stab"],"picked":"SKIP","floor":1.0},{"not_picked":["Cloak And Dagger","Prepared"],"picked":"Reflex","floor":2.0},{"not_picked":["Flying Knee","Dagger Spray"],"picked":"Footwork","floor":3.0},{"not_picked":["Phantasmal Killer","Flying Knee"],"picked":"Noxious Fumes","floor":5.0},{"not_picked":["Endless Agony","Choke"],"picked":"Backstab","floor":7.0},{"not_picked":["Bane","Quick Slash"],"picked":"Blade Dance","floor":8.0},{"not_picked":["Prepared+1","Setup+1"],"picked":"Infinite Blades","floor":12.0},{"not_picked":["PiercingWail+1","Deflect+1"],"picked":"Backflip+1","floor":14.0},{"not_picked":["Glass Knife","Unload"],"picked":"Adrenaline+1","floor":16.0},{"not_picked":["Sucker Punch","Dagger Throw"],"picked":"Reflex+1","floor":18}],"player_experience":439772,"relics_obtained":[{"floor":7.0,"key":"Bird Faced Urn"},{"floor":9.0,"key":"Toxic Egg 2"},{"floor":14.0,"key":"Odd Mushroom"}],"event_choices":[{"cards_removed":["Reflex"],"damage_healed":0.0,"max_hp_gain":0.0,"max_hp_loss":0.0,"gold_gain":0.0,"event_name":"WeMeetAgain","player_choice":"Gave Card","floor":4.0,"gold_loss":0.0,"damage_taken":0.0,"relics_obtained":["Letter Opener"]},{"damage_healed":22.0,"max_hp_gain":0.0,"max_hp_loss":0.0,"gold_gain":0.0,"event_name":"Big Fish","player_choice":"Banana","floor":13.0,"gold_loss":0.0,"damage_taken":0.0},{"damage_healed":0.0,"max_hp_gain":0.0,"max_hp_loss":0.0,"gold_gain":0.0,"event_name":"Mushrooms","player_choice":"Fought Mushrooms","floor":14.0,"gold_loss":0.0,"damage_taken":0.0}],"is_beta":false,"boss_relics":[{"not_picked":["Busted Crown","Calling Bell"],"picked":"vexMod:EndlessSickness"}],"items_purged_floors":[11],"is_endless":false,"potions_floor_spawned":[2,8,12,14,16],"killed_by":"Shell Parasite","ascension_level":20}}