{"host":"Connor","time":1610535001,"event":{"mods":["Aspiration","BaseMod","Downfall","Hubris","Marisa????????","Minty Spire (QoL Compilation)","Replay The Spire","StSLib","The Cursed","The Jungle","The Servant 0.9.4"],"gold_per_floor":[144,181,243,313,43,43,43,43,43,106,150,237,25,25,25,97,97,134,134,184,17,60,60,60],"floor_reached":23,"language":"ENG","playtime":935,"items_purged":[],"score":353,"play_id":"1d2bdd3f-acca-4fa2-9e9c-641575c7f108","local_time":"20210113025001","is_ascension_mode":true,"campfire_choices":[{"floor":6,"key":"RECALL"},{"data":"Pot Of Greed","floor":8,"key":"SMITH"},{"data":"Metallicize","floor":15,"key":"SMITH"}],"circlet_count":0,"master_deck":["AscendersBane","HandOfGreed+1","Strike_R","Strike_R","Strike_R","Strike_R","Defend_R","Defend_R","Defend_R","Defend_R","Bash","Exhume","Replay:Undeath\u0027s Touch","Metallicize+1","Defy Death","Pot Of Greed","Pot Of Greed+1","expansioncontent:DecasProtection","Flame Barrier","Intimidate","Inflame","Exhume","Feel No Pain","Rampage"],"relics":["Burning Blood","hubris:OldNail","Grinning Jar","Bottled Flame","aspiration:Lifesprig","Black Star","Vajra"],"acts_visited":["Exordium","TheCity"],"potions_floor_usage":[11,16,23],"damage_taken":[{"damage":4,"enemies":"Jaw Worm","floor":1,"turns":4},{"damage":0,"enemies":"Cultist","floor":2,"turns":2},{"damage":0,"enemies":"2 Louse","floor":4,"turns":4},{"damage":6,"enemies":"2 Fungi Beasts","floor":10,"turns":5},{"damage":12,"enemies":"Exordium Wildlife","floor":11,"turns":1},{"damage":3,"enemies":"3 Louse","floor":12,"turns":7},{"damage":19,"enemies":"Fading Forest","floor":16,"turns":13},{"damage":22,"enemies":"Chosen","floor":18,"turns":9},{"damage":17,"enemies":"Spheric Guardian","floor":22,"turns":21},{"damage":44,"enemies":"Slavers","floor":23,"turns":2}],"seed_played":"2235019779378231720","potions_obtained":[{"floor":1,"key":"BlessingOfTheForge"},{"floor":2,"key":"Death Potion"},{"floor":12,"key":"SpeedPotion"},{"floor":22,"key":"ColorlessPotion"}],"is_trial":false,"path_per_floor":["M","M","?","M","$","R","$","R","T","M","M","M","$","?","R","B",null,"M","?","?","$","M","E"],"character_chosen":"IRONCLAD","items_purchased":["Grinning Jar","expansioncontent:DecasProtection","aspiration:Lifesprig","Inflame","Vajra"],"campfire_rested":0,"item_purchase_floors":[5,5,13,13,21],"current_hp_per_floor":[70,75,51,57,57,57,57,57,57,57,51,54,54,47,47,42,67,51,51,51,51,40,0,0],"gold":60,"neow_bonus":"ONE_RANDOM_RARE_CARD","is_daily":false,"chose_seed":false,"campfire_upgraded":2,"win_rate":0.0,"timestamp":1610535001,"path_taken":["M","M","?","?","$","R","?","R","T","M","M","M","$","?","R","BOSS","M","?","?","$","M","E"],"items_purchased_type":["Relic","Card","Relic","Card","Relic"],"build_version":"2020-12-18","purchased_purges":0,"victory":false,"max_hp_per_floor":[75,75,75,75,75,75,75,75,75,75,75,75,75,75,75,75,75,75,75,75,75,75,75,75],"card_choices":[{"not_picked":["Reckless Charge","Twin Strike"],"picked":"Replay:Undeath\u0027s Touch","floor":1},{"not_picked":["hubris:ReadiedAction","Iron Wave"],"picked":"Metallicize","floor":2},{"not_picked":["Havoc","Thunderclap"],"picked":"Defy Death","floor":3},{"not_picked":["Flex","True Grit","Evolve"],"picked":"SKIP","floor":4},{"not_picked":["Ghostly Armor","Clash"],"picked":"Flame Barrier","floor":10},{"not_picked":["Warcry","hubris:ReadiedAction","Carnage"],"picked":"SKIP","floor":11},{"not_picked":["Massacre","Replay:Many Hands"],"picked":"Intimidate","floor":12},{"not_picked":["Hemogenesis","Bludgeon"],"picked":"Exhume","floor":16},{"not_picked":["hubris:ReadiedAction","Clothesline"],"picked":"Feel No Pain","floor":18},{"not_picked":["Cleave","Flame Barrier"],"picked":"Rampage","floor":22}],"player_experience":623859,"relics_obtained":[{"floor":3,"key":"hubris:OldNail"},{"floor":9,"key":"Bottled Flame"}],"event_choices":[{"cards_removed":["Strike_R"],"damage_healed":0,"gold_gain":0,"player_choice":"Card Removal","damage_taken":7,"max_hp_gain":0,"max_hp_loss":0,"event_name":"Golden Wing","floor":14,"gold_loss":0},{"damage_healed":0,"gold_gain":0,"player_choice":"Ignored","damage_taken":0,"max_hp_gain":0,"max_hp_loss":0,"event_name":"Vampires","floor":19,"gold_loss":0},{"damage_healed":0,"gold_gain":50,"player_choice":"Stole From Cult","damage_taken":0,"max_hp_gain":0,"max_hp_loss":0,"event_name":"Nest","floor":20,"gold_loss":0}],"is_beta":true,"boss_relics":[{"not_picked":["Replay:Ancient Bell","Ring of Chaos"],"picked":"Black Star"}],"items_purged_floors":[],"is_endless":false,"potions_floor_spawned":[1,2,10,12,22],"killed_by":"Slavers","ascension_level":19}}