{"host":"dl7h25vjpuplx29g","time":1610555127,"event":{"mods":["BaseMod","Colored Map","Minty Spire (QoL Compilation)"],"gold_per_floor":[113,113,123,133,1,30,30,55,79,93,123,137,187,205,205,281,281,299,299,132,146,166,166,177,196,196,196,196,212,212,230,230,303,303,313,329,329,24,41,41,60,60,110,110,138,138,11,22,22,22,22,22,22,57,57,57],"floor_reached":55,"playtime":6450,"items_purged":["Strike_G","Strike_G","Defend_G"],"score":1278,"play_id":"271d67b9-d180-4907-a4bc-0fa9ee2e8d0c","local_time":"20210114012527","is_ascension_mode":true,"campfire_choices":[{"floor":7.0,"key":"REST"},{"floor":15.0,"key":"REST"},{"data":"Catalyst","floor":23.0,"key":"SMITH"},{"data":"Footwork","floor":27.0,"key":"SMITH"},{"data":"Tactician","floor":30.0,"key":"SMITH"},{"data":"Corpse Explosion","floor":32.0,"key":"SMITH"},{"floor":40.0,"key":"RECALL"},{"data":"Neutralize","floor":42.0,"key":"SMITH"},{"data":"Poisoned Stab","floor":44.0,"key":"SMITH"},{"data":"Noxious Fumes","floor":49.0,"key":"SMITH"},{"data":"Prepared","floor":52.0,"key":"SMITH"}],"circlet_count":0,"master_deck":["AscendersBane","Defend_G","Defend_G","Defend_G","Defend_G","Survivor","Neutralize+1","Backflip","Flying Knee","PiercingWail","Poisoned Stab+1","Deflect","Corpse Explosion+1","Dagger Spray","Prepared","Venomology","Footwork+1","Catalyst+1","Calculated Gamble+1","Outmaneuver","Tactician+1","Prepared+1","Outmaneuver+1","Reflex+1","Deflect","Adrenaline","Madness","Madness","Leg Sweep","Adrenaline","PanicButton","Noxious Fumes+1"],"relics":["Ring of the Snake","Anchor","Smiling Mask","Bronze Scales","Singing Bowl","Runic Pyramid","Meat on the Bone","SlaversCollar","Snake Skull","Ancient Tea Set","The Specimen"],"acts_visited":["Exordium","TheCity","TheBeyond","TheEnding"],"potions_floor_usage":[54,55,55,55],"damage_taken":[{"damage":0.0,"enemies":"2 Louse","floor":1.0,"turns":5.0},{"damage":0.0,"enemies":"Cultist","floor":3.0,"turns":6.0},{"damage":6.0,"enemies":"Small Slimes","floor":4.0,"turns":4.0},{"damage":21.0,"enemies":"3 Sentries","floor":6.0,"turns":4.0},{"damage":15.0,"enemies":"Lagavulin","floor":8.0,"turns":7.0},{"damage":0.0,"enemies":"Gremlin Gang","floor":10.0,"turns":3.0},{"damage":11.0,"enemies":"3 Sentries","floor":11.0,"turns":4.0},{"damage":0.0,"enemies":"3 Louse","floor":12.0,"turns":3.0},{"damage":0.0,"enemies":"Exordium Wildlife","floor":14.0,"turns":2.0},{"damage":33.0,"enemies":"Slime Boss","floor":16.0,"turns":9.0},{"damage":17.0,"enemies":"Spheric Guardian","floor":18.0,"turns":6.0},{"damage":2.0,"enemies":"Chosen","floor":21.0,"turns":5.0},{"damage":0.0,"enemies":"Centurion and Healer","floor":22.0,"turns":5.0},{"damage":22.0,"enemies":"Snecko","floor":24.0,"turns":7.0},{"damage":3.0,"enemies":"Snake Plant","floor":25.0,"turns":4.0},{"damage":6.0,"enemies":"Sentry and Sphere","floor":29.0,"turns":7.0},{"damage":10.0,"enemies":"Snecko","floor":31.0,"turns":6.0},{"damage":6.0,"enemies":"Collector","floor":33.0,"turns":11.0},{"damage":0.0,"enemies":"Orb Walker","floor":35.0,"turns":4.0},{"damage":5.0,"enemies":"3 Shapes","floor":36.0,"turns":3.0},{"damage":0.0,"enemies":"Maw","floor":39.0,"turns":7.0},{"damage":11.0,"enemies":"Jaw Worm Horde","floor":41.0,"turns":3.0},{"damage":10.0,"enemies":"Reptomancer","floor":45.0,"turns":9.0},{"damage":5.0,"enemies":"Transient","floor":48.0,"turns":5.0},{"damage":18.0,"enemies":"Awakened One","floor":50.0,"turns":15.0},{"damage":27,"enemies":"Shield and Spear","floor":54,"turns":6},{"damage":92,"enemies":"The Heart","floor":55,"turns":6}],"seed_played":"-349007323707775163","potions_obtained":[{"floor":3.0,"key":"Dexterity Potion"},{"floor":11.0,"key":"Swift Potion"},{"floor":12.0,"key":"DuplicationPotion"},{"floor":22.0,"key":"GhostInAJar"},{"floor":29.0,"key":"Dexterity Potion"},{"floor":45.0,"key":"Explosive Potion"}],"is_trial":false,"path_per_floor":["M","?","M","M","$","E","R","E","T","M","E","M","?","M","R","B",null,"M","?","$","M","M","R","M","M","T","R","?","M","R","M","R","B",null,"M","M","?","$","M","R","M","R","T","R","E","?","$","M","R","B",null,"R","$","E","B"],"character_chosen":"THE_SILENT","items_purchased":["Corpse Explosion","Dexterity Potion","Tactician","Prepared","Leg Sweep","Snake Skull","Noxious Fumes"],"campfire_rested":2,"item_purchase_floors":[5,5,20,20,38,38,47],"current_hp_per_floor":[59,59,59,53,53,32,51,36,36,36,25,25,25,25,44,13,54,37,37,37,35,37,37,17,14,14,14,14,22,22,24,24,30,63,65,62,48,48,50,50,51,51,51,51,43,40,40,49,49,43,75,75,75,50,0,0],"gold":57,"neow_bonus":"TRANSFORM_CARD","is_daily":false,"chose_seed":false,"campfire_upgraded":8,"win_rate":0.0,"timestamp":1610555127,"path_taken":["M","?","M","M","$","E","R","E","T","M","E","M","?","M","R","BOSS","M","?","$","M","?","R","M","M","T","R","?","M","R","M","R","BOSS","M","?","?","$","M","R","M","R","T","R","E","?","$","M","R","BOSS","R","$","E","BOSS"],"items_purchased_type":["Card","Potion","Card","Card","Card","Relic","Card"],"build_version":"2020-12-22","purchased_purges":3,"victory":false,"max_hp_per_floor":[66,66,66,66,66,66,66,66,66,66,66,66,66,66,66,68,68,68,68,68,68,70,70,72,72,72,72,72,74,74,74,74,74,74,76,78,78,78,80,80,80,80,80,80,82,84,84,86,86,86,86,86,86,88,88,88],"card_choices":[{"not_picked":["PiercingWail","Expertise"],"picked":"Flying Knee","floor":1.0},{"not_picked":["Deflect","Prepared"],"picked":"Poisoned Stab","floor":3.0},{"not_picked":["Dodge and Roll","Caltrops"],"picked":"Deflect","floor":4.0},{"not_picked":["Backflip","Endless Agony"],"picked":"Dagger Spray","floor":6.0},{"not_picked":["Acrobatics","Finisher"],"picked":"Prepared","floor":8.0},{"not_picked":["Deadly Poison","Blade Dance"],"picked":"Venomology","floor":10.0},{"not_picked":["Bane","Expertise"],"picked":"Footwork","floor":11.0},{"not_picked":["Outmaneuver","Footwork"],"picked":"Catalyst","floor":12.0},{"not_picked":["Poisoned Stab","Prepared"],"picked":"Calculated Gamble","floor":14.0},{"not_picked":["Venomology","Corpse Explosion","Glass Knife"],"picked":"Singing Bowl","floor":16.0},{"not_picked":["Riddle With Holes","Backflip"],"picked":"Outmaneuver","floor":18.0},{"not_picked":["Escape Plan","Endless Agony"],"picked":"Outmaneuver+1","floor":21.0},{"not_picked":["Deflect","Flechettes","Predator"],"picked":"Singing Bowl","floor":22.0},{"not_picked":["Quick Slash","Backflip","Setup"],"picked":"Singing Bowl","floor":24.0},{"not_picked":["Acrobatics","Poisoned Stab"],"picked":"Reflex+1","floor":25.0},{"not_picked":["Predator","Dagger Spray+1","Setup"],"picked":"Singing Bowl","floor":29.0},{"not_picked":["Cloak And Dagger","Caltrops"],"picked":"Deflect","floor":31.0},{"not_picked":["Envenom","Glass Knife"],"picked":"Adrenaline","floor":33.0},{"not_picked":["Choke","Flying Knee","Expertise+1"],"picked":"Singing Bowl","floor":35.0},{"not_picked":["Quick Slash","Prepared","Dagger Throw"],"picked":"Singing Bowl","floor":36.0},{"not_picked":["Dodge and Roll+1","Quick Slash","Dagger Spray"],"picked":"Singing Bowl","floor":39.0},{"not_picked":["Quick Slash+1","Prepared"],"picked":"Adrenaline","floor":41.0},{"not_picked":["Bane","Sucker Punch","Cloak And Dagger"],"picked":"Singing Bowl","floor":45.0},{"not_picked":["Thinking Ahead","Jack Of All Trades"],"picked":"PanicButton","floor":46.0},{"not_picked":["Swift Strike","Trip","Discovery"],"picked":"Singing Bowl","floor":46.0},{"not_picked":["Bane+1","PiercingWail","Sucker Punch"],"picked":"Singing Bowl","floor":48.0},{"not_picked":["Heel Hook","Eviscerate","Prepared"],"picked":"Singing Bowl","floor":54}],"player_experience":1619133,"relics_obtained":[{"floor":6.0,"key":"Anchor"},{"floor":8.0,"key":"Smiling Mask"},{"floor":9.0,"key":"Bronze Scales"},{"floor":11.0,"key":"Singing Bowl"},{"floor":26.0,"key":"Meat on the Bone"},{"floor":45.0,"key":"Ancient Tea Set"},{"floor":54,"key":"The Specimen"}],"event_choices":[{"damage_healed":0.0,"max_hp_gain":0.0,"max_hp_loss":0.0,"gold_gain":0.0,"cards_transformed":["Strike_G"],"event_name":"Living Wall","player_choice":"Change","floor":2.0,"gold_loss":0.0,"damage_taken":0.0,"cards_obtained":["PiercingWail"]},{"damage_healed":0.0,"max_hp_gain":0.0,"max_hp_loss":0.0,"gold_gain":50.0,"event_name":"Golden Shrine","player_choice":"Pray","floor":13.0,"gold_loss":0.0,"damage_taken":0.0},{"cards_removed":["Strike_G"],"damage_healed":0.0,"max_hp_gain":0.0,"max_hp_loss":0.0,"gold_gain":0.0,"event_name":"Purifier","player_choice":"Purged","floor":19.0,"gold_loss":0.0,"damage_taken":0.0},{"damage_healed":0.0,"max_hp_gain":0.0,"max_hp_loss":0.0,"gold_gain":0.0,"event_name":"Upgrade Shrine","player_choice":"Upgraded","floor":28.0,"gold_loss":0.0,"damage_taken":0.0,"cards_upgraded":["Calculated Gamble"]},{"damage_healed":0.0,"max_hp_gain":0.0,"max_hp_loss":0.0,"gold_gain":0.0,"event_name":"Winding Halls","player_choice":"Embrace Madness","floor":37.0,"gold_loss":0.0,"damage_taken":14.0,"cards_obtained":["Madness","Madness"]},{"damage_healed":0.0,"max_hp_gain":0.0,"max_hp_loss":0.0,"gold_gain":0.0,"event_name":"SensoryStone","player_choice":"Memory 2","floor":46.0,"gold_loss":0.0,"damage_taken":5.0}],"is_beta":false,"boss_relics":[{"not_picked":["Coffee Dripper","Empty Cage"],"picked":"Runic Pyramid"},{"not_picked":["Astrolabe","Black Star"],"picked":"SlaversCollar"}],"items_purged_floors":[20,38,47],"is_endless":false,"potions_floor_spawned":[3,11,12,14,21,22,24,29,39,41,45],"killed_by":"The Heart","ascension_level":16}}