{"host":"2sr8q4b3ioepghas","time":1610525326,"event":{"mods":["BaseMod","Bestiary","Colored Map","Curses Come First","FTL Soundtrack","Minty Spire (QoL Compilation)","Permanent Neow","Quick Restart","Rare Cards Sparkle","StSLib","UnlockEverythingMod"],"gold_per_floor":[115,115,128,1,16,16,28,57,83,83,93,93,9,41,53,136,148,173,185,207,134,146,189,201,242,333,345,392,404,6,37,37,112,112,130,130,143,9,25,55,74,74,74,107,107,107,123,134,134,134,134],"floor_reached":50,"language":"ENG","playtime":2883,"items_purged":["Strike_B","Zap"],"score":1272,"play_id":"c2471e7e-613e-47e6-b2c6-0e337287e843","local_time":"20210113180846","is_ascension_mode":true,"campfire_choices":[{"data":"Beam Cell","floor":6.0,"key":"SMITH"},{"floor":12.0,"key":"REST"},{"data":"Hyperbeam","floor":15.0,"key":"SMITH"},{"floor":24.0,"key":"REST"},{"floor":27.0,"key":"REST"},{"floor":29.0,"key":"REST"},{"floor":32.0,"key":"REST"},{"floor":42,"key":"REST"},{"data":"Hologram","floor":46,"key":"SMITH"},{"floor":49,"key":"REST"}],"circlet_count":0,"master_deck":["AscendersBane","Defend_B+1","Defend_B+1","Buffer+1","Turbo+1","BootSequence+1","Ball Lightning","Sweeping Beam","Beam Cell+1","Sweeping Beam","Skim","Cold Snap","Reinforced Body","Hyperbeam+1","Creative AI","Gash","Fission","Beam Cell","Steam","Storm","Cold Snap","Double Energy","Amplify","Hologram+1","Coolheaded","Hologram+1","Meteor Strike","Hologram+1"],"relics":["Astrolabe","DataDisk","Bag of Marbles","MawBank","Runic Pyramid","Smiling Mask","Tiny Chest","Nunchaku","Shuriken","Darkstone Periapt","Membership Card","Orichalcum","Sozu","Singing Bowl","Incense Burner","Bottled Lightning","Blood Vial","Gambling Chip"],"acts_visited":["Exordium","TheCity","TheBeyond"],"potions_floor_usage":[40],"damage_taken":[{"damage":0.0,"enemies":"Jaw Worm","floor":1.0,"turns":5.0},{"damage":7.0,"enemies":"Cultist","floor":3.0,"turns":4.0},{"damage":0.0,"enemies":"2 Louse","floor":5.0,"turns":3.0},{"damage":6.0,"enemies":"Exordium Thugs","floor":7.0,"turns":3.0},{"damage":23.0,"enemies":"Gremlin Nob","floor":8.0,"turns":4.0},{"damage":0.0,"enemies":"Looter","floor":11.0,"turns":3.0},{"damage":0.0,"enemies":"Lagavulin","floor":14.0,"turns":6.0},{"damage":40.0,"enemies":"Hexaghost","floor":16.0,"turns":10.0},{"damage":0.0,"enemies":"3 Byrds","floor":18.0,"turns":3.0},{"damage":0.0,"enemies":"Chosen","floor":20.0,"turns":4.0},{"damage":26.0,"enemies":"Slavers","floor":23.0,"turns":5.0},{"damage":38.0,"enemies":"Book of Stabbing","floor":25.0,"turns":5.0},{"damage":11.0,"enemies":"Slavers","floor":28.0,"turns":3.0},{"damage":6.0,"enemies":"Gremlin Leader","floor":31.0,"turns":5.0},{"damage":17.0,"enemies":"Collector","floor":33.0,"turns":8.0},{"damage":13,"enemies":"3 Shapes","floor":35,"turns":3},{"damage":0,"enemies":"3 Darklings","floor":37,"turns":4},{"damage":5,"enemies":"Sphere and 2 Shapes","floor":39,"turns":5},{"damage":31,"enemies":"Nemesis","floor":40,"turns":5},{"damage":0,"enemies":"Transient","floor":41,"turns":6},{"damage":0,"enemies":"Giant Head","floor":44,"turns":9},{"damage":3,"enemies":"3 Darklings","floor":47,"turns":5},{"damage":14,"enemies":"4 Shapes","floor":48,"turns":1},{"damage":66,"enemies":"Time Eater","floor":50,"turns":8}],"seed_played":"5409794737481140192","potions_obtained":[{"floor":5.0,"key":"LiquidMemories"},{"floor":8.0,"key":"Strength Potion"},{"floor":16.0,"key":"SpeedPotion"},{"floor":23.0,"key":"PowerPotion"},{"floor":31.0,"key":"GamblersBrew"}],"is_trial":false,"path_per_floor":["M","?","M","$","M","R","M","E","T","?","M","R","$","E","R","B",null,"M","?","M","?","?","E","R","E","T","R","E","R","$","E","R","B",null,"M","?","M","$","M","E","M","R","T","E","?","R","M","M","R","B"],"character_chosen":"DEFECT","items_purchased":["Beam Cell","Reinforced Body","Membership Card","Storm","Cold Snap","Fire Potion","Metamorphosis","Singing Bowl"],"campfire_rested":7,"item_purchase_floors":[4,13,30,30,30,30,30,38],"current_hp_per_floor":[64,64,57,57,57,57,51,28,28,21,21,42,42,42,42,2,54,54,54,54,54,54,28,49,11,11,32,21,42,42,36,57,40,63,50,50,50,50,45,16,18,39,39,39,39,39,38,28,49,0,0],"gold":134,"neow_bonus":"BOSS_RELIC","is_daily":false,"chose_seed":false,"campfire_upgraded":3,"win_rate":0.0,"timestamp":1610525326,"path_taken":["M","?","M","?","M","R","M","E","T","?","M","R","$","E","R","BOSS","M","?","?","?","?","E","R","E","T","R","E","R","$","E","R","BOSS","M","?","M","$","M","E","M","R","T","E","?","R","?","M","R","BOSS"],"items_purchased_type":["Card","Card","Relic","Card","Card","Potion","Card","Relic"],"build_version":"2020-12-22","purchased_purges":2,"victory":false,"max_hp_per_floor":[71,71,71,71,71,71,71,71,71,71,71,71,71,71,71,71,71,71,71,71,71,71,71,71,71,71,71,71,71,71,71,71,71,71,71,67,67,67,67,69,71,71,71,71,71,71,71,73,73,73,73],"card_choices":[{"not_picked":["Stack","Rip and Tear"],"picked":"Ball Lightning","floor":1.0},{"not_picked":["Rip and Tear","Static Discharge"],"picked":"Sweeping Beam","floor":3.0},{"not_picked":["Hologram","Barrage"],"picked":"Sweeping Beam","floor":5.0},{"not_picked":["Steam","Thunder Strike","Chill"],"picked":"SKIP","floor":7.0},{"not_picked":["Undo","Sweeping Beam"],"picked":"Skim","floor":8.0},{"not_picked":["Leap","Barrage"],"picked":"Cold Snap","floor":11.0},{"not_picked":["Scrape","Beam Cell"],"picked":"Hyperbeam","floor":14.0},{"not_picked":["Biased Cognition","Buffer"],"picked":"Creative AI","floor":16.0},{"not_picked":["Compile Driver","Skim","Steam Power"],"picked":"SKIP","floor":18.0},{"not_picked":["Steam","Blizzard"],"picked":"Gash","floor":20.0},{"not_picked":["Aggregate","Reprogram"],"picked":"Fission","floor":23.0},{"not_picked":["Aggregate","Ball Lightning"],"picked":"Beam Cell","floor":25.0},{"not_picked":["Beam Cell+1","Sweeping Beam"],"picked":"Steam","floor":28.0},{"not_picked":["Scrape","Aggregate"],"picked":"Double Energy","floor":31.0},{"not_picked":["Meteor Strike","Buffer"],"picked":"Amplify","floor":33.0},{"not_picked":["Conserve Battery","Sweeping Beam"],"picked":"Hologram","floor":35},{"not_picked":["Leap+1","Go for the Eyes"],"picked":"Coolheaded","floor":37},{"not_picked":["Compile Driver","Barrage+1"],"picked":"Hologram+1","floor":39},{"not_picked":["Reinforced Body","Stack","Streamline"],"picked":"Singing Bowl","floor":40},{"not_picked":["Conserve Battery","Hologram","Coolheaded"],"picked":"Singing Bowl","floor":41},{"not_picked":["Auto Shields","BootSequence+1"],"picked":"Meteor Strike","floor":44},{"not_picked":["Tempest","Auto Shields"],"picked":"Hologram+1","floor":47},{"not_picked":["Leap+1","Barrage","Rip and Tear"],"picked":"Singing Bowl","floor":48}],"player_experience":50487,"relics_obtained":[{"floor":8.0,"key":"DataDisk"},{"floor":9.0,"key":"Bag of Marbles"},{"floor":14.0,"key":"MawBank"},{"floor":23.0,"key":"Tiny Chest"},{"floor":25.0,"key":"Nunchaku"},{"floor":26.0,"key":"Shuriken"},{"floor":28.0,"key":"Darkstone Periapt"},{"floor":31.0,"key":"Orichalcum"},{"floor":40,"key":"Incense Burner"},{"floor":43,"key":"Bottled Lightning"},{"floor":44,"key":"Blood Vial"}],"event_choices":[{"cards_removed":["Strike_B"],"damage_healed":0.0,"max_hp_gain":0.0,"max_hp_loss":0.0,"gold_gain":0.0,"event_name":"Purifier","player_choice":"Purged","floor":2.0,"gold_loss":0.0,"damage_taken":0.0},{"cards_removed":["Strike_B"],"damage_healed":0.0,"max_hp_gain":0.0,"max_hp_loss":0.0,"gold_gain":0.0,"event_name":"Golden Wing","player_choice":"Card Removal","floor":10.0,"gold_loss":0.0,"damage_taken":7.0},{"cards_removed":["Dualcast"],"damage_healed":0.0,"max_hp_gain":0.0,"max_hp_loss":0.0,"gold_gain":0.0,"event_name":"Purifier","player_choice":"Purged","floor":19.0,"gold_loss":0.0,"damage_taken":0.0},{"damage_healed":0.0,"max_hp_gain":0.0,"max_hp_loss":0.0,"gold_gain":0.0,"event_name":"Addict","player_choice":"Obtained Relic","floor":21.0,"gold_loss":85.0,"damage_taken":0.0,"relics_obtained":["Smiling Mask"]},{"damage_healed":0.0,"max_hp_gain":0.0,"max_hp_loss":0.0,"gold_gain":0.0,"event_name":"Back to Basics","player_choice":"Simplicity","floor":22.0,"gold_loss":0.0,"damage_taken":0.0,"cards_upgraded":["Defend_B","Defend_B"]},{"damage_healed":0,"gold_gain":0,"player_choice":"Max HP","damage_taken":0,"max_hp_gain":0,"max_hp_loss":4,"event_name":"Winding Halls","floor":36,"gold_loss":0},{"cards_removed":["Metamorphosis"],"damage_healed":0,"gold_gain":0,"player_choice":"Gave Card","damage_taken":0,"relics_obtained":["Gambling Chip"],"max_hp_gain":0,"max_hp_loss":0,"event_name":"WeMeetAgain","floor":45,"gold_loss":0}],"is_beta":false,"boss_relics":[{"not_picked":["Coffee Dripper","Tiny House"],"picked":"Runic Pyramid"},{"not_picked":["Black Star","Velvet Choker"],"picked":"Sozu"}],"items_purged_floors":[4,30],"is_endless":false,"potions_floor_spawned":[5,8,16,23,31,33,39,40,41,48],"killed_by":"Time Eater","ascension_level":20}}