{"host":"l4jj3li0klahglqo","time":1610502846,"event":{"mods":["BaseMod","Conspire","Hubris","Infinite Spire","Marisa????????","Minty Spire (QoL Compilation)","Quick Restart","Replay The Spire","Shop Mod","StSLib","The Animator"],"gold_per_floor":[112,128,142,60,77,105,105,105,105],"floor_reached":8,"language":"ENG","playtime":515,"items_purged":[],"score":84,"play_id":"b0a9ba3a-fb3c-4750-bafe-8242a829bfb5","local_time":"20210112195406","is_ascension_mode":true,"campfire_choices":[{"data":"Hemogenesis","floor":7,"key":"SMITH"}],"circlet_count":0,"master_deck":["Strike_R","Strike_R","Strike_R","Strike_R","Strike_R","Defend_R","Defend_R","Defend_R","Defend_R","Bash","Mayhem","Iron Wave","Rampage","Burning Pact","Hemogenesis+1","Havoc","hubris:CleavingFinish"],"relics":["Burning Blood","hubris:MobiusCoin"],"acts_visited":["Exordium"],"potions_floor_usage":[5,8,8],"damage_taken":[{"damage":6,"enemies":"Cultist","floor":1,"turns":4},{"damage":4,"enemies":"2 Louse","floor":2,"turns":4},{"damage":0,"enemies":"Small Slimes","floor":3,"turns":3},{"damage":27,"enemies":"3 Louse","floor":5,"turns":6},{"damage":30,"enemies":"Lagavulin","floor":6,"turns":7},{"damage":34,"enemies":"3 Sentries","floor":8,"turns":5}],"seed_played":"4523747549897165283","potions_obtained":[{"floor":1,"key":"ColorlessPotion"},{"floor":2,"key":"Ancient Potion"},{"floor":5,"key":"Flashbang"},{"floor":6,"key":"EssenceOfSteel"}],"is_trial":false,"path_per_floor":["M","M","M","$","M","E","R","E"],"character_chosen":"IRONCLAD","items_purchased":["Hemogenesis"],"campfire_rested":0,"item_purchase_floors":[4],"current_hp_per_floor":[51,53,59,59,43,24,24,0,0],"gold":105,"neow_bonus":"RANDOM_COLORLESS_2","is_daily":false,"chose_seed":false,"campfire_upgraded":1,"win_rate":0.0,"timestamp":1610502846,"path_taken":["M","?","M","$","M","E","R","E"],"items_purchased_type":["Card"],"build_version":"2020-12-22","purchased_purges":0,"victory":false,"max_hp_per_floor":[80,80,80,80,80,80,80,80,80],"card_choices":[{"not_picked":["Midas Touch","ReplayUltimateDefense"],"picked":"Mayhem","floor":0},{"not_picked":["hubris:ReadiedAction","Flame Barrier"],"picked":"Iron Wave","floor":1},{"not_picked":["Perfected Strike","Sword Boomerang"],"picked":"Rampage","floor":2},{"not_picked":["Dual Wield","ReplayTheSpireMod:Stacked"],"picked":"Burning Pact","floor":3},{"not_picked":["Run Through","Shockwave"],"picked":"Havoc","floor":5},{"not_picked":["Anger","Flex"],"picked":"hubris:CleavingFinish","floor":6}],"player_experience":1206524,"relics_obtained":[{"floor":6,"key":"hubris:MobiusCoin"}],"event_choices":[],"is_beta":false,"boss_relics":[],"items_purged_floors":[],"is_endless":false,"potions_floor_spawned":[1,2,5,6],"killed_by":"3 Sentries","ascension_level":9}}