{"host":"0xtpc43j5kblke7u","time":1610513884,"event":{"mods":["AchievementEnabler","BaseMod","Colored Map","Highlight Path","Minty Spire (QoL Compilation)"],"gold_per_floor":[112,112,128,128,151,176,176,176,176,196,216,216,247,266,266,361,361,380,380,392,392,20,47,47,75,75,100,112,139,183,145,157,273,285,308,88,108,119,130,130,80,97,122,139,150,199,199,213,213,213],"floor_reached":51,"language":"ENG","playtime":3445,"items_purged":["Strike_P"],"score":923,"play_id":"979624d7-8d06-4ee8-acde-0cc7384d0c9b","local_time":"20210112235804","is_ascension_mode":true,"campfire_choices":[{"data":"CarveReality","floor":7.0,"key":"SMITH"},{"data":"Prostrate","floor":12.0,"key":"SMITH"},{"data":"EmptyFist","floor":15.0,"key":"SMITH"},{"data":"Vault","floor":24.0,"key":"SMITH"},{"floor":32.0,"key":"REST"},{"floor":40.0,"key":"REST"},{"data":"Pray","floor":47.0,"key":"SMITH"},{"data":"Dark Shackles","floor":49.0,"key":"SMITH"}],"circlet_count":0,"master_deck":["Strike_P+1","Defend_P","Defend_P","Defend_P","Defend_P","Eruption+1","Vigilance","CarveReality+1","InnerPeace","Prostrate+1","Pray+1","EmptyFist+1","Vault+1","ThirdEye","Dark Shackles+1","Evaluate+1"],"relics":["PureWater","NeowsBlessing","Boot","Centennial Puzzle","Ornamental Fan","Turnip","Bird Faced Urn","Busted Crown","Bag of Marbles","Whetstone","Akabeko","Dream Catcher","Bag of Preparation","MawBank","Dead Branch","VioletLotus","Pen Nib","Toy Ornithopter","GoldenEye"],"acts_visited":["Exordium","TheCity","TheBeyond"],"potions_floor_usage":[50,50,50],"damage_taken":[{"damage":0.0,"enemies":"2 Louse","floor":1.0,"turns":1.0},{"damage":0.0,"enemies":"Jaw Worm","floor":3.0,"turns":1.0},{"damage":0.0,"enemies":"3 Sentries","floor":6.0,"turns":2.0},{"damage":0.0,"enemies":"Small Slimes","floor":10.0,"turns":2.0},{"damage":3.0,"enemies":"Gremlin Gang","floor":11.0,"turns":2.0},{"damage":9.0,"enemies":"Gremlin Nob","floor":13.0,"turns":3.0},{"damage":0.0,"enemies":"Large Slime","floor":14.0,"turns":2.0},{"damage":30.0,"enemies":"Hexaghost","floor":16.0,"turns":8.0},{"damage":12.0,"enemies":"2 Thieves","floor":18.0,"turns":3.0},{"damage":0.0,"enemies":"Spheric Guardian","floor":20.0,"turns":4.0},{"damage":10.0,"enemies":"Slavers","floor":23.0,"turns":4.0},{"damage":2.0,"enemies":"Gremlin Leader","floor":25.0,"turns":6.0},{"damage":0.0,"enemies":"Chosen and Byrds","floor":27.0,"turns":3.0},{"damage":5.0,"enemies":"Centurion and Healer","floor":29.0,"turns":3.0},{"damage":4.0,"enemies":"Book of Stabbing","floor":30.0,"turns":4.0},{"damage":17.0,"enemies":"Collector","floor":33.0,"turns":6.0},{"damage":1.0,"enemies":"3 Shapes","floor":35.0,"turns":4.0},{"damage":8.0,"enemies":"3 Darklings","floor":37.0,"turns":3.0},{"damage":23.0,"enemies":"Maw","floor":38.0,"turns":8.0},{"damage":18.0,"enemies":"Spire Growth","floor":39.0,"turns":4.0},{"damage":0.0,"enemies":"4 Shapes","floor":42.0,"turns":3.0},{"damage":0.0,"enemies":"Maw","floor":44.0,"turns":7.0},{"damage":4.0,"enemies":"Spire Growth","floor":45.0,"turns":4.0},{"damage":8.0,"enemies":"2 Orb Walkers","floor":46.0,"turns":5.0},{"damage":2.0,"enemies":"Jaw Worm Horde","floor":48.0,"turns":4.0},{"damage":53,"enemies":"Awakened One","floor":50,"turns":15}],"seed_played":"8696032515342470087","potions_obtained":[{"floor":1.0,"key":"EntropicBrew"},{"floor":3.0,"key":"StancePotion"},{"floor":10.0,"key":"SteroidPotion"},{"floor":16.0,"key":"EssenceOfSteel"},{"floor":18.0,"key":"BottledMiracle"},{"floor":25.0,"key":"DistilledChaos"},{"floor":29.0,"key":"Strength Potion"},{"floor":30.0,"key":"Swift Potion"},{"floor":39.0,"key":"Regen Potion"},{"floor":42.0,"key":"BottledMiracle"},{"floor":44.0,"key":"SkillPotion"},{"floor":45.0,"key":"Ancient Potion"},{"floor":46.0,"key":"Swift Potion"}],"is_trial":false,"path_per_floor":["M","?","M","?","T","E","R","?","T","M","M","R","E","M","R","B",null,"M","?","M","?","$","E","R","E","T","M","?","M","E","?","R","B",null,"M","$","M","M","M","R","$","M","T","M","M","?","R","M","R","B",null],"character_chosen":"WATCHER","items_purchased":["Whetstone","Akabeko","Dark Shackles","Pen Nib","BlessingOfTheForge"],"campfire_rested":2,"item_purchase_floors":[22,22,36,36,41],"current_hp_per_floor":[72,72,72,69,69,69,69,69,69,69,66,66,57,57,57,27,72,60,60,60,60,60,50,50,48,48,48,48,43,39,39,60,45,72,71,71,63,44,26,47,47,47,47,72,68,68,68,66,66,25],"gold":213,"neow_bonus":"THREE_ENEMY_KILL","is_daily":false,"chose_seed":false,"campfire_upgraded":6,"win_rate":0.0,"timestamp":1610513884,"path_taken":["M","?","M","?","?","E","R","?","T","M","?","R","E","M","R","BOSS","M","?","M","?","$","E","R","E","T","M","?","?","E","?","R","BOSS","M","$","M","?","M","R","?","M","T","M","M","?","R","?","R","BOSS"],"items_purchased_type":["Relic","Relic","Card","Relic","Potion"],"build_version":"2020-12-22","purchased_purges":1,"victory":true,"max_hp_per_floor":[72,72,72,72,72,72,72,72,72,72,72,72,72,72,72,72,72,72,72,72,72,72,72,72,72,72,72,72,72,72,72,72,72,72,72,72,72,72,72,72,72,72,72,72,72,72,72,72,72,72],"card_choices":[{"not_picked":["WreathOfFlame","EmptyBody"],"picked":"CarveReality","floor":1.0},{"not_picked":["WaveOfTheHand","FlyingSleeves"],"picked":"InnerPeace","floor":3.0},{"not_picked":["FlurryOfBlows","Crescendo","Vengeance"],"picked":"SKIP","floor":6.0},{"not_picked":["Evaluate","Crescendo"],"picked":"Pray","floor":10.0},{"not_picked":["Evaluate","Vengeance"],"picked":"EmptyFist","floor":11.0},{"not_picked":["CrushJoints","JustLucky","Prostrate"],"picked":"SKIP","floor":13.0},{"not_picked":["WreathOfFlame","FlurryOfBlows","Weave"],"picked":"SKIP","floor":14.0},{"not_picked":["Omniscience","LessonLearned"],"picked":"Vault","floor":16.0},{"not_picked":["ForeignInfluence+1"],"picked":"SKIP","floor":18.0},{"not_picked":[],"picked":"ThirdEye","floor":20.0},{"not_picked":["Omniscience"],"picked":"SKIP","floor":23.0},{"not_picked":["Consecrate+1"],"picked":"SKIP","floor":25.0},{"not_picked":["EmptyBody"],"picked":"SKIP","floor":27.0},{"not_picked":["EmptyFist+1"],"picked":"SKIP","floor":29.0},{"not_picked":["SashWhip+1"],"picked":"SKIP","floor":30.0},{"not_picked":["SignatureMove"],"picked":"SKIP","floor":35.0},{"not_picked":["Adaptation"],"picked":"SKIP","floor":37.0},{"not_picked":["ClearTheMind+1"],"picked":"SKIP","floor":38.0},{"not_picked":["PathToVictory+1"],"picked":"SKIP","floor":39.0},{"not_picked":["Wallop+1"],"picked":"SKIP","floor":42.0},{"not_picked":[],"picked":"Evaluate+1","floor":44.0},{"not_picked":["TalkToTheHand"],"picked":"SKIP","floor":45.0},{"not_picked":["SandsOfTime+1"],"picked":"SKIP","floor":48.0}],"player_experience":629243,"relics_obtained":[{"floor":5.0,"key":"Centennial Puzzle"},{"floor":6.0,"key":"Ornamental Fan"},{"floor":9.0,"key":"Turnip"},{"floor":13.0,"key":"Bird Faced Urn"},{"floor":23.0,"key":"Dream Catcher"},{"floor":25.0,"key":"Bag of Preparation"},{"floor":26.0,"key":"MawBank"},{"floor":30.0,"key":"Dead Branch"},{"floor":43.0,"key":"Toy Ornithopter"},{"floor":46.0,"key":"GoldenEye"}],"event_choices":[{"damage_healed":0.0,"max_hp_gain":0.0,"max_hp_loss":0.0,"gold_gain":0.0,"event_name":"Living Wall","player_choice":"Grow","floor":2.0,"gold_loss":0.0,"damage_taken":0.0,"cards_upgraded":["Eruption"]},{"damage_healed":0.0,"max_hp_gain":0.0,"max_hp_loss":0.0,"gold_gain":0.0,"event_name":"Scrap Ooze","player_choice":"Success","floor":4.0,"gold_loss":0.0,"damage_taken":3.0,"relics_obtained":["Boot"]},{"damage_healed":0.0,"max_hp_gain":0.0,"max_hp_loss":0.0,"gold_gain":0.0,"cards_transformed":["Strike_P"],"event_name":"Transmorgrifier","player_choice":"Transformed","floor":8.0,"gold_loss":0.0,"damage_taken":0.0,"cards_obtained":["Prostrate"]},{"damage_healed":0.0,"max_hp_gain":0.0,"max_hp_loss":0.0,"gold_gain":0.0,"event_name":"The Mausoleum","player_choice":"Opened","floor":19.0,"gold_loss":0.0,"damage_taken":0.0,"relics_obtained":["Bag of Marbles"]},{"damage_healed":0.0,"max_hp_gain":0.0,"max_hp_loss":0.0,"gold_gain":0.0,"event_name":"Vampires","player_choice":"Ignored","floor":21.0,"gold_loss":0.0,"damage_taken":0.0},{"cards_removed":["Strike_P"],"damage_healed":0.0,"max_hp_gain":0.0,"max_hp_loss":0.0,"gold_gain":0.0,"event_name":"Bonfire Elementals","player_choice":"Offered Basic","floor":28.0,"gold_loss":0.0,"damage_taken":0.0},{"damage_healed":0.0,"max_hp_gain":0.0,"max_hp_loss":0.0,"gold_gain":0.0,"event_name":"The Joust","player_choice":"Bet on Owner","floor":31.0,"gold_loss":50.0,"damage_taken":0.0},{"damage_healed":0.0,"max_hp_gain":0.0,"max_hp_loss":0.0,"gold_gain":0.0,"event_name":"Mysterious Sphere","player_choice":"Fight","floor":46.0,"gold_loss":0.0,"damage_taken":0.0}],"is_beta":false,"boss_relics":[{"not_picked":["Tiny House","Calling Bell"],"picked":"Busted Crown"},{"not_picked":["Velvet Choker","SacredBark"],"picked":"VioletLotus"}],"items_purged_floors":[22],"is_endless":false,"potions_floor_spawned":[1,3,10,16,18,25,29,30,39,42,44,45,46],"ascension_level":3}}