{"host":"mal0jdk4f6ubgyb8","time":1610540146,"event":{"mods":["Act Like it!","Aspiration","BaseMod","Gensokyo","Hallownest","Koishi","Luminous","Marisa£®ÏF”Í°°ƒß¿Ì…≥£©","Minty Spire (QoL Compilation)","Quick Restart","Reimu£®≤©¿ˆ¡È√Œ£©","Relic Stats","Remilia£®¿Ÿ√◊¿Ú—«£©","StSLib","The Bug Knight","WarShipGirlsR/’ΩΩ¢…Ÿ≈ÆR mod","Yakumo Yukari mod","Youmu£®ªÍ∆«—˝√Œ£©","Yuri Mod","Yuyuko"],"gold_per_floor":[116,116,128,42,53,53,86,86,113,448,481,494,494,494,494,593,593,612,612,275,525,538,565,579,579,655,684,684,684,283,302,302,407,407,418,437,437,437,144,173,173,189,213,239,254,254,288,300,300,300,300,300,57,89,89,89],"floor_reached":55,"language":"ZHS","playtime":3735,"items_purged":["Faramita\u0027s Temptation","Clumsy","Dreamy Sakura"],"score":944,"play_id":"e2edfe91-5e6b-4ef7-ba07-97cc3f3cb805","local_time":"20210113201546","is_ascension_mode":true,"campfire_choices":[{"data":"Showy Withering","floor":6.0,"key":"SMITH"},{"data":"Song of Papilio","floor":8.0,"key":"SMITH"},{"data":"Full Inky Sakura","floor":13.0,"key":"SMITH"},{"data":"Deathly Ground","floor":15.0,"key":"SMITH"},{"data":"Gensokyo:MissMary","floor":25.0,"key":"SMITH"},{"floor":29.0,"key":"RECALL"},{"data":"Full Inky Sakura","floor":32.0,"key":"SMITH"},{"data":"Living to Die","floor":41.0,"key":"SMITH"},{"data":"Bloom","floor":46.0,"key":"SMITH"},{"data":"Bloom","floor":49.0,"key":"SMITH"},{"data":"Dreamy Sakura","floor":52.0,"key":"SMITH"}],"circlet_count":0,"master_deck":["Fantasy Butterflies","Fantasy Butterflies","Fantasy Butterflies","Fantasy Butterflies","Fantasy Butterflies","Dreamy Sakura","Dreamy Sakura+1","Dreamy Sakura","Dreamy Sakura","Deathly Ground+1","Song of Papilio+1","Bloom+1","Bloom+1","Full Inky Sakura+1","Living to Die+1","Gensokyo:MissMary+1","Fondling of Papilio+1","Full Inky Sakura+1","Mini Ghostdom+1","Mayhem+1","The Inky Sakura","Phantom Gift+1","Magnetism+1"],"relics":["Coronal","Yuyuko\u0027s fan","NeowsBlessing","Gensokyo:NagashiBinaDoll","Bronze Scales","Smiling Mask","Old Coin","Torii","Omamori","Gensokyo:LunaticRedEyes","SlaversCollar","aspiration:SeaSaltIceCream","Calling Bell","aspiration:HiddenCompartment","Singing Bowl","Ginger","Mummified Hand","HollowMod:StagPassRelic","Mercury Hourglass","CaptainsWheel","aspiration:Lifesprig","Medical Kit","Coffee Dripper","Gensokyo:TheCrow","Gremlin Horn","Ice Cream","Anchor","TungstenRod","MealTicket","Tea:ReiMu"],"acts_visited":["Exordium","Gensokyo:Gensokyo","Gensokyo:Gensokyoer","TheEnding"],"potions_floor_usage":[],"damage_taken":[{"damage":1.0,"enemies":"Gensokyo:3_Fairies","floor":1.0,"turns":1.0},{"damage":1.0,"enemies":"Gensokyo:2_Kodama","floor":3.0,"turns":1.0},{"damage":1.0,"enemies":"Gensokyo:Gryphon","floor":5.0,"turns":1.0},{"damage":80.0,"enemies":"Gensokyo:Cirno","floor":7.0,"turns":7.0},{"damage":36.0,"enemies":"Gensokyo:Aya","floor":10.0,"turns":6.0},{"damage":26.0,"enemies":"Gensokyo:Cirno","floor":11.0,"turns":6.0},{"damage":29.0,"enemies":"Gensokyo:LivingMonolith","floor":12.0,"turns":4.0},{"damage":66.0,"enemies":"Gensokyo:Reimu","floor":16.0,"turns":10.0},{"damage":21.0,"enemies":"Gensokyo:3_Dogs","floor":18.0,"turns":5.0},{"damage":63.0,"enemies":"Gensokyo:AngelMirror","floor":22.0,"turns":6.0},{"damage":44.0,"enemies":"Gensokyo:Reisen","floor":23.0,"turns":6.0},{"damage":35.0,"enemies":"Gensokyo:Monolith_and_Dog","floor":24.0,"turns":6.0},{"damage":27.0,"enemies":"Gensokyo:Koishi","floor":27.0,"turns":6.0},{"damage":19.0,"enemies":"Gensokyo:Slime_Group","floor":31.0,"turns":5.0},{"damage":32.0,"enemies":"Gensokyo:Eternal_Rivals","floor":33.0,"turns":9.0},{"damage":96.0,"enemies":"Gensokyo:AncientGuardian","floor":35.0,"turns":11.0},{"damage":7.0,"enemies":"Gensokyo:3_Boulders","floor":36.0,"turns":4.0},{"damage":9.0,"enemies":"Gensokyo:Doremy","floor":40.0,"turns":5.0},{"damage":5.0,"enemies":"Gensokyo:SeedOfUnknown","floor":42.0,"turns":4.0},{"damage":16.0,"enemies":"Gensokyo:Kasen","floor":44.0,"turns":5.0},{"damage":3.0,"enemies":"Gensokyo:Sharpion","floor":45.0,"turns":4.0},{"damage":3.0,"enemies":"Gensokyo:Doremy","floor":47.0,"turns":4.0},{"damage":39.0,"enemies":"Gensokyo:Rafflesia","floor":48.0,"turns":6.0},{"damage":12.0,"enemies":"Gensokyo:Scarlet_Devils","floor":50.0,"turns":6.0},{"damage":58.0,"enemies":"Shield and Spear","floor":54.0,"turns":5.0},{"damage":81,"enemies":"The Heart","floor":55,"turns":5}],"seed_played":"2305370785283338028","potions_obtained":[{"floor":5.0,"key":"LiquidBronze"},{"floor":10.0,"key":"Turbid Wine"},{"floor":11.0,"key":"Turbid Wine"},{"floor":16.0,"key":"Turbid Wine"},{"floor":16.0,"key":"BlessingOfTheForge"},{"floor":18.0,"key":"Turbid Wine"},{"floor":18.0,"key":"Block Potion"},{"floor":22.0,"key":"Turbid Wine"},{"floor":22.0,"key":"Gelsemium Tea"},{"floor":23.0,"key":"Turbid Wine"},{"floor":24.0,"key":"Turbid Wine"},{"floor":24.0,"key":"Regen Potion"},{"floor":27.0,"key":"Turbid Wine"},{"floor":31.0,"key":"Turbid Wine"},{"floor":33.0,"key":"Turbid Wine"},{"floor":36.0,"key":"Turbid Wine"},{"floor":36.0,"key":"Pckles"},{"floor":40.0,"key":"Turbid Wine"},{"floor":40.0,"key":"Pckles"},{"floor":40.0,"key":"DuplicationPotion"},{"floor":42.0,"key":"BlessingOfTheForge"},{"floor":47.0,"key":"Turbid Wine"},{"floor":47.0,"key":"GamblersBrew"},{"floor":54.0,"key":"MagicPotion:ReiMu"}],"is_trial":false,"path_per_floor":["M","?","M","COS","M","R","E","R","T","E","?","M","R","?","R","B",null,"M","T","COS","?","M","E","M","R","T","E","?","R","$","M","R","B",null,"M","M","?","?","$","E","R","M","T","E","M","R","E","M","R","B",null,"R","$","E","B"],"character_chosen":"YUYOKO","items_purchased":["Mini Ghostdom","Medical Kit","Mayhem","Gremlin Horn","Magnetism"],"campfire_rested":0,"item_purchase_floors":[30,30,30,39,53],"current_hp_per_floor":[39,39,38,38,37,37,2,2,2,14,34,25,25,25,25,30,40,35,35,35,35,34,23,36,36,36,36,36,36,36,39,39,37,44,21,42,42,42,42,43,43,46,46,46,51,51,51,31,31,44,56,56,56,34,0,0],"gold":89,"neow_bonus":"THREE_ENEMY_KILL","is_daily":false,"chose_seed":false,"campfire_upgraded":10,"win_rate":0.0,"timestamp":1610540146,"path_taken":["M","?","M","COS","?","R","E","R","T","E","?","M","R","?","R","BOSS","M","?","COS","?","M","E","M","R","T","E","?","R","$","M","R","BOSS","M","M","?","?","$","E","R","M","T","E","M","R","E","M","R","BOSS","R","$","E","BOSS"],"items_purchased_type":["Card","Relic","Card","Relic","Card"],"build_version":"2020-12-22","purchased_purges":3,"victory":false,"max_hp_per_floor":[40,40,40,40,40,40,40,40,40,40,40,40,40,40,40,40,40,40,40,40,38,40,40,42,42,42,42,42,42,42,44,44,44,44,44,46,46,46,46,48,48,50,50,52,54,54,54,56,56,56,56,56,56,58,58,58],"relic_stats":{"Torii":126,"Singing Bowl":20,"Gremlin Horn":[4,4],"counters":[26,137],"Ginger":[22],"Smiling Mask":150,"Medical Kit":[200],"Mercury Hourglass":[250],"Mummified Hand":[49],"Bronze Scales":[335],"MealTicket":0,"obtain_stats":[{"Ice Cream":40,"aspiration:Lifesprig":27,"Torii":11,"Singing Bowl":20,"Gremlin Horn":39,"Tea:ReiMu":54,"Gensokyo:NagashiBinaDoll":2,"Ginger":20,"Smiling Mask":10,"HollowMod:StagPassRelic":24,"Gensokyo:LunaticRedEyes":14,"Old Coin":10,"Frozen Eye":27,"Mummified Hand":23,"Coronal":0,"MealTicket":47,"NeowsBlessing":0,"Gensokyo:TheCrow":37,"Omamori":11,"aspiration:SeaSaltIceCream":19,"aspiration:HiddenCompartment":20,"Medical Kit":30,"Mercury Hourglass":26,"Calling Bell":19,"SlaversCollar":17,"CaptainsWheel":27,"Anchor":43,"Yuyuko\u0027s fan":0,"Bronze Scales":7,"Coffee Dripper":34,"TungstenRod":44},{"Ice Cream":18,"aspiration:Lifesprig":13,"Torii":6,"Singing Bowl":9,"Gremlin Horn":17,"Tea:ReiMu":25,"Gensokyo:NagashiBinaDoll":1,"Ginger":9,"Smiling Mask":5,"HollowMod:StagPassRelic":12,"Gensokyo:LunaticRedEyes":7,"Old Coin":5,"Frozen Eye":12,"Mummified Hand":11,"Coronal":0,"MealTicket":22,"NeowsBlessing":0,"Gensokyo:TheCrow":17,"Omamori":6,"aspiration:SeaSaltIceCream":9,"aspiration:HiddenCompartment":9,"Medical Kit":13,"Mercury Hourglass":12,"Calling Bell":9,"SlaversCollar":8,"CaptainsWheel":13,"Anchor":19,"Yuyuko\u0027s fan":0,"Bronze Scales":4,"Coffee Dripper":15,"TungstenRod":20},{"Ice Cream":99,"aspiration:Lifesprig":65,"Torii":19,"Singing Bowl":41,"Gremlin Horn":94,"Tea:ReiMu":132,"Gensokyo:NagashiBinaDoll":1,"Ginger":41,"Smiling Mask":14,"HollowMod:StagPassRelic":57,"Gensokyo:LunaticRedEyes":26,"Old Coin":16,"Frozen Eye":59,"Mummified Hand":53,"Coronal":0,"MealTicket":116,"NeowsBlessing":0,"Gensokyo:TheCrow":94,"Omamori":22,"aspiration:SeaSaltIceCream":41,"aspiration:HiddenCompartment":41,"Medical Kit":65,"Mercury Hourglass":59,"Calling Bell":41,"SlaversCollar":36,"CaptainsWheel":61,"Anchor":103,"Yuyuko\u0027s fan":0,"Bronze Scales":10,"Coffee Dripper":79,"TungstenRod":108}],"TungstenRod":78},"card_choices":[{"not_picked":["All Wander","Dancing Butterflies","Dying Sakura"],"picked":"SKIP","floor":1.0},{"not_picked":["Become Phantom","Gather the Spring"],"picked":"Showy Withering","floor":3.0},{"not_picked":["Dancing Butterflies","The Nether","End of Faramita"],"picked":"SKIP","floor":5.0},{"not_picked":["Phantom Butterflies","Unborn Light"],"picked":"Song of Papilio","floor":7.0},{"not_picked":["Unborn Light","Trap Lamp"],"picked":"Bloom","floor":10.0},{"not_picked":["Unborn Light","The Nether"],"picked":"Bloom","floor":11.0},{"not_picked":["Redemption of Death","Lunch"],"picked":"Full Inky Sakura","floor":12.0},{"not_picked":["Home of Suicide","Ghastly Dream"],"picked":"Living to Die","floor":16.0},{"not_picked":["All Wander+1","Unstable Ward","End of Faramita"],"picked":"SKIP","floor":18.0},{"not_picked":["Unstable Ward+1","Monster Cherry Tree+1","Chase The Sukhavati+1"],"picked":"Singing Bowl","floor":22.0},{"not_picked":["Bomb","Dying Dream"],"picked":"Fondling of Papilio+1","floor":23.0},{"not_picked":["Reverse The Screen","Dying Butterflies+1","All Wander"],"picked":"Singing Bowl","floor":24.0},{"not_picked":["Open The Fan","Dancing Soul"],"picked":"Full Inky Sakura","floor":27.0},{"not_picked":["Bloom","The Nether+1","The Forgotten Winter"],"picked":"Singing Bowl","floor":31.0},{"not_picked":["Ghastly Dream","Dying Dream"],"picked":"The Inky Sakura","floor":33.0},{"not_picked":["Open The Fan+1","Reverse The Screen+1"],"picked":"Mini Ghostdom+1","floor":35.0},{"not_picked":["Infinite Sin+1","Gauzy Sakura","Wandering Soul"],"picked":"Singing Bowl","floor":36.0},{"not_picked":["Open The Fan+1","Sakura Ward","Dark Wind"],"picked":"Singing Bowl","floor":40.0},{"not_picked":["Showy Withering+1","Wandering Soul","All Wander"],"picked":"Singing Bowl","floor":42.0},{"not_picked":["Wandering Soul+1","Supernatural Nether","Linger over Flower+1"],"picked":"Singing Bowl","floor":44.0},{"not_picked":["End of Faramita","Bomb+1","Gather the Spring"],"picked":"Singing Bowl","floor":45.0},{"not_picked":["Dancing Soul+1","Linger over Flower"],"picked":"Phantom Gift+1","floor":47.0},{"not_picked":["Steamed Phantom+1","Phantom Village","Death Dancing+1"],"picked":"Singing Bowl","floor":48.0},{"not_picked":["Stifle","Wandering Soul+1","Gone"],"picked":"Singing Bowl","floor":54.0}],"player_experience":298885,"relics_obtained":[{"floor":7.0,"key":"Bronze Scales"},{"floor":10.0,"key":"Old Coin"},{"floor":11.0,"key":"Omamori"},{"floor":19.0,"key":"aspiration:SeaSaltIceCream"},{"floor":20.0,"key":"aspiration:HiddenCompartment"},{"floor":20.0,"key":"Singing Bowl"},{"floor":20.0,"key":"Ginger"},{"floor":23.0,"key":"Mummified Hand"},{"floor":26.0,"key":"Mercury Hourglass"},{"floor":27.0,"key":"aspiration:Lifesprig"},{"floor":40.0,"key":"Ice Cream"},{"floor":43.0,"key":"Anchor"},{"floor":44.0,"key":"TungstenRod"},{"floor":47.0,"key":"MealTicket"},{"floor":54.0,"key":"Tea:ReiMu"}],"event_choices":[],"is_beta":false,"boss_relics":[{"not_picked":["Tiny House","Fusion Hammer"],"picked":"SlaversCollar"},{"not_picked":["SacredBark","aspiration:SecretTechniqueScroll"],"picked":"Coffee Dripper"}],"items_purged_floors":[30,39,53],"is_endless":false,"potions_floor_spawned":[5,10,16,18,22,24,36,40,42,47,54],"killed_by":"The Heart","ascension_level":1}}