{"host":"hcqkcraj366891gy","time":1610562615,"event":{"mods":["BaseMod","Colored Map","Minty Spire (QoL Compilation)","Permanent Neow","Relic Stats","StSLib"],"gold_per_floor":[110,2,14,33,33,33,63,82,132,208,208,228,260,287,299,311,311],"floor_reached":16,"language":"ENG","playtime":470,"items_purged":["Strike_P"],"score":138,"play_id":"85335796-9900-49ee-8dfe-da99b7ff07d7","local_time":"20210114023015","is_ascension_mode":true,"campfire_choices":[{"data":"Eruption","floor":6,"key":"SMITH"},{"floor":11,"key":"REST"},{"floor":15,"key":"REST"}],"circlet_count":0,"master_deck":["Strike_P+1","Strike_P","Strike_P+1","Defend_P","Defend_P","Defend_P","Defend_P","Eruption+1","Vigilance","ClearTheMind","SashWhip","BattleHymn","Evaluate","EmptyFist","Halt","FlyingSleeves"],"relics":["PureWater","Vajra","The Courier","MawBank"],"acts_visited":["Exordium"],"potions_floor_usage":[8,16],"damage_taken":[{"damage":5,"enemies":"Small Slimes","floor":1,"turns":3},{"damage":4,"enemies":"Jaw Worm","floor":3,"turns":4},{"damage":0,"enemies":"Cultist","floor":4,"turns":3},{"damage":18,"enemies":"Gremlin Gang","floor":8,"turns":3},{"damage":8,"enemies":"Exordium Wildlife","floor":12,"turns":4},{"damage":20,"enemies":"3 Sentries","floor":13,"turns":7},{"damage":8,"enemies":"Blue Slaver","floor":14,"turns":2},{"damage":30,"enemies":"Slime Boss","floor":16,"turns":5}],"seed_played":"-3086383007665856534","potions_obtained":[{"floor":4,"key":"SkillPotion"},{"floor":13,"key":"Energy Potion"},{"floor":14,"key":"Dexterity Potion"}],"is_trial":false,"path_per_floor":["M","$","M","M","?","R","?","M","T","T","R","M","E","M","R","B"],"character_chosen":"WATCHER","items_purchased":["BattleHymn"],"campfire_rested":2,"item_purchase_floors":[2],"current_hp_per_floor":[60,60,56,56,42,42,42,24,24,24,45,37,17,9,30,0,0],"gold":311,"neow_bonus":"THREE_CARDS","is_daily":false,"chose_seed":false,"campfire_upgraded":1,"win_rate":0.0,"timestamp":1610562615,"path_taken":["M","$","M","M","?","R","?","M","T","?","R","M","E","?","R","BOSS"],"items_purchased_type":["Card"],"build_version":"2020-12-22","purchased_purges":1,"victory":false,"max_hp_per_floor":[72,72,72,72,72,72,72,72,72,72,72,72,72,72,72,72,72],"relic_stats":{"counters":[8,31],"MawBank":36,"obtain_stats":[{"Vajra":9,"The Courier":10,"PureWater":0,"MawBank":13},{"Vajra":4,"The Courier":4,"PureWater":0,"MawBank":6},{"Vajra":13,"The Courier":13,"PureWater":0,"MawBank":24}]},"card_choices":[{"not_picked":["EmptyBody","JustLucky"],"picked":"ClearTheMind","floor":0},{"not_picked":["CutThroughFate","BowlingBash"],"picked":"SashWhip","floor":1},{"not_picked":["JustLucky","Prostrate"],"picked":"Evaluate","floor":3},{"not_picked":["Evaluate","Vengeance"],"picked":"EmptyFist","floor":4},{"not_picked":["EmptyFist","Prostrate"],"picked":"Halt","floor":8},{"not_picked":["CrushJoints","EmptyFist"],"picked":"FlyingSleeves","floor":12},{"not_picked":["EmptyFist","SashWhip","Halt"],"picked":"SKIP","floor":13},{"not_picked":["SandsOfTime","PathToVictory","Fasting2"],"picked":"SKIP","floor":14}],"player_experience":1640646,"relics_obtained":[{"floor":9,"key":"Vajra"},{"floor":10,"key":"The Courier"},{"floor":13,"key":"MawBank"}],"event_choices":[{"damage_healed":0,"gold_gain":0,"player_choice":"Entered Light","damage_taken":14,"max_hp_gain":0,"max_hp_loss":0,"event_name":"Shining Light","floor":5,"gold_loss":0,"cards_upgraded":["Strike_P","Strike_P"]},{"damage_healed":0,"gold_gain":30,"player_choice":"Searched \u00271\u0027 times","damage_taken":0,"max_hp_gain":0,"max_hp_loss":0,"event_name":"Dead Adventurer","floor":7,"gold_loss":0}],"is_beta":false,"boss_relics":[],"items_purged_floors":[2],"is_endless":false,"potions_floor_spawned":[4,13,14],"killed_by":"Slime Boss","ascension_level":7}}