{"host":"okln270zkafj6dck","time":1610526796,"event":{"mods":["Ascension Unlocker","BaseMod","Minty Spire (QoL Compilation)","Permanent Neow","Quick Restart","Relic Stats","StSLib","SuperFastMode"],"gold_per_floor":[109,67,67,67,78,78,105,105,105,70,102,102,122,137,137,208,208,218,218,268,268,268,268,303,303,303,21,54,54,67,87,87,160,160,172,184,184,184,200,200,229,229,229,254,274,293,46,81,81,81,81],"floor_reached":52,"language":"ENG","playtime":1993,"items_purged":["Strike_G+1"],"score":2293,"play_id":"53b16785-18b5-45d0-ba01-79ce438e576e","local_time":"20210113003316","is_ascension_mode":true,"campfire_choices":[{"data":"Noxious Fumes","floor":6.0,"key":"SMITH"},{"floor":8.0,"key":"REST"},{"data":"Neutralize","floor":12.0,"key":"SMITH"},{"data":"Well Laid Plans","floor":15.0,"key":"SMITH"},{"data":"Wraith Form v2","floor":23,"key":"SMITH"},{"floor":25,"key":"REST"},{"data":"Adrenaline","floor":29,"key":"SMITH"},{"data":"Blade Dance","floor":32,"key":"SMITH"},{"data":"Survivor","floor":40,"key":"SMITH"},{"data":"Defend_G","floor":42,"key":"SMITH"},{"floor":49,"key":"REST"}],"circlet_count":0,"master_deck":["AscendersBane","Strike_G+1","Defend_G+1","Defend_G","Defend_G","Defend_G","Defend_G","Survivor+1","Neutralize+1","Adrenaline+1","Dagger Throw","Noxious Fumes+1","Blade Dance+1","Infinite Blades","Backflip+1","Well Laid Plans+1","Wraith Form v2+1","Prepared+1","Ghostly+1","Ghostly+1","Ghostly+1","Deadly Poison+1","Footwork+1","Crippling Poison+1","Blur+1","Flechettes+1","Catalyst+1","Corpse Explosion+1","Choke+1","Finisher+1","Envenom+1","Cloak And Dagger+1","Deflect+1","Panache+1","PiercingWail+1","PiercingWail+1","Deadly Poison+1","Backflip+1"],"relics":["Ring of the Snake","InkBottle","Toxic Egg 2","Omamori","Philosopher\u0027s Stone","Frozen Egg 2","Dead Branch","Strawberry","Ornamental Fan","Astrolabe","Nunchaku","Girya","CaptainsWheel","ClockworkSouvenir","Torii"],"acts_visited":["Exordium","TheCity","TheBeyond"],"potions_floor_usage":[18,30,51,51],"damage_taken":[{"damage":0.0,"enemies":"2 Louse","floor":1.0,"turns":3.0},{"damage":0.0,"enemies":"Jaw Worm","floor":5.0,"turns":4.0},{"damage":32.0,"enemies":"Gremlin Nob","floor":7.0,"turns":4.0},{"damage":12.0,"enemies":"Lagavulin","floor":11.0,"turns":7.0},{"damage":0.0,"enemies":"Small Slimes","floor":13.0,"turns":3.0},{"damage":1.0,"enemies":"Looter","floor":14.0,"turns":4.0},{"damage":26.0,"enemies":"Hexaghost","floor":16.0,"turns":10.0},{"damage":13,"enemies":"Shell Parasite","floor":18,"turns":6},{"damage":10,"enemies":"Gremlin Leader","floor":24,"turns":9},{"damage":0,"enemies":"Book of Stabbing","floor":28,"turns":7},{"damage":0,"enemies":"3 Byrds","floor":30,"turns":4},{"damage":0,"enemies":"3 Cultists","floor":31,"turns":3},{"damage":2,"enemies":"Automaton","floor":33,"turns":7},{"damage":0,"enemies":"3 Darklings","floor":35,"turns":2},{"damage":0,"enemies":"Orb Walker","floor":36,"turns":4},{"damage":0,"enemies":"3 Darklings","floor":39,"turns":3},{"damage":0,"enemies":"Giant Head","floor":41,"turns":6},{"damage":6,"enemies":"Reptomancer","floor":44,"turns":6},{"damage":0,"enemies":"Sphere and 2 Shapes","floor":45,"turns":5},{"damage":1,"enemies":"Transient","floor":46,"turns":6},{"damage":0,"enemies":"Nemesis","floor":48,"turns":7},{"damage":0,"enemies":"Awakened One","floor":50,"turns":14},{"damage":33,"enemies":"Time Eater","floor":51,"turns":14}],"seed_played":"-4584972802701829429","potions_obtained":[{"floor":7.0,"key":"LiquidMemories"},{"floor":11.0,"key":"Regen Potion"},{"floor":16.0,"key":"Swift Potion"},{"floor":28,"key":"Energy Potion"},{"floor":30,"key":"Regen Potion"},{"floor":33,"key":"Weak Potion"},{"floor":38,"key":"Strength Potion"},{"floor":38,"key":"PowerPotion"},{"floor":44,"key":"Poison Potion"}],"is_trial":false,"path_per_floor":["M","$","?","$","M","R","E","R","T","?","E","R","M","M","R","B",null,"M","?","?","?","?","R","E","R","T","$","E","R","M","M","R","B",null,"M","M","?","?","M","R","E","R","T","E","M","M","$","E","R","B","B",null],"character_chosen":"THE_SILENT","items_purchased":["Noxious Fumes","Footwork+1","Crippling Poison+1","Strawberry","ClockworkSouvenir"],"campfire_rested":3,"item_purchase_floors":[2,27,27,27,47],"current_hp_per_floor":[59,59,41,41,41,41,9,27,27,42,30,30,30,29,29,18,50,37,30,30,30,30,30,20,29,29,36,36,36,36,36,36,34,36,36,36,36,36,36,36,36,36,36,30,30,29,29,29,37,37,4],"gold":81,"neow_bonus":"THREE_RARE_CARDS","is_daily":false,"chose_seed":false,"campfire_upgraded":8,"win_rate":0.0,"timestamp":1610526796,"path_taken":["M","$","?","$","M","R","E","R","T","?","E","R","M","M","R","BOSS","M","?","?","?","?","R","E","R","T","$","E","R","M","M","R","BOSS","M","M","?","?","M","R","E","R","T","E","?","M","$","E","R","BOSS","BOSS"],"items_purchased_type":["Card","Card","Card","Relic","Relic"],"build_version":"2020-12-22","purchased_purges":1,"victory":true,"max_hp_per_floor":[60,60,60,60,60,60,60,60,60,60,60,60,60,60,60,60,60,60,30,30,30,30,30,30,30,30,37,37,37,37,37,37,37,37,37,37,37,37,37,37,37,37,37,37,37,37,37,37,37,37,37],"relic_stats":{"Nunchaku":[8],"Torii":4,"counters":[23,138],"Ornamental Fan":[156],"Dead Branch":[212],"Astrolabe":["Choke","Finisher","Envenom"],"obtain_stats":[{"Girya":43,"Torii":48,"Dead Branch":26,"Astrolabe":34,"Omamori":11,"Frozen Egg 2":24,"ClockworkSouvenir":47,"Nunchaku":41,"CaptainsWheel":44,"Ornamental Fan":28,"Strawberry":27,"Philosopher\u0027s Stone":17,"Toxic Egg 2":9,"InkBottle":7,"Ring of the Snake":0},{"Girya":17,"Torii":21,"Dead Branch":9,"Astrolabe":13,"Omamori":4,"Frozen Egg 2":9,"ClockworkSouvenir":20,"Nunchaku":17,"CaptainsWheel":18,"Ornamental Fan":10,"Strawberry":9,"Philosopher\u0027s Stone":7,"Toxic Egg 2":3,"InkBottle":3,"Ring of the Snake":0},{"Girya":86,"Torii":110,"Dead Branch":50,"Astrolabe":71,"Omamori":18,"Frozen Egg 2":50,"ClockworkSouvenir":103,"Nunchaku":86,"CaptainsWheel":92,"Ornamental Fan":57,"Strawberry":50,"Philosopher\u0027s Stone":35,"Toxic Egg 2":11,"InkBottle":11,"Ring of the Snake":0}],"InkBottle":[71],"Ring of the Snake":[46]},"card_choices":[{"not_picked":["Burst","Die Die Die"],"picked":"Adrenaline","floor":0.0},{"not_picked":["Underhanded Strike","Acrobatics"],"picked":"Dagger Throw","floor":1.0},{"not_picked":["Prepared","Dagger Throw"],"picked":"Blade Dance","floor":5.0},{"not_picked":["Slice","Phantasmal Killer"],"picked":"Infinite Blades","floor":7.0},{"not_picked":["Distraction+1","Endless Agony","Underhanded Strike"],"picked":"SKIP","floor":11.0},{"not_picked":["Terror+1","Sucker Punch"],"picked":"Backflip+1","floor":13.0},{"not_picked":["Sucker Punch","Endless Agony"],"picked":"Well Laid Plans","floor":14.0},{"not_picked":["Malaise+1","Storm of Steel+1"],"picked":"Wraith Form v2","floor":16.0},{"not_picked":["Skewer","Concentrate+1"],"picked":"Prepared+1","floor":18},{"not_picked":["Underhanded Strike","Outmaneuver+1","All Out Attack"],"picked":"SKIP","floor":24},{"not_picked":["Bane","Endless Agony"],"picked":"Blur+1","floor":28},{"not_picked":["Outmaneuver+1","Endless Agony"],"picked":"Flechettes+1","floor":30},{"not_picked":["Cloak And Dagger+1","PiercingWail+1"],"picked":"Catalyst+1","floor":31},{"not_picked":["A Thousand Cuts+1","Malaise+1"],"picked":"Corpse Explosion+1","floor":33},{"not_picked":["Distraction+1","Deadly Poison+1"],"picked":"Cloak And Dagger+1","floor":35},{"not_picked":["Finisher","All Out Attack"],"picked":"Deflect+1","floor":36},{"not_picked":["Forethought+1","Metamorphosis+1"],"picked":"Panache+1","floor":37},{"not_picked":["Deflect+1","Choke"],"picked":"PiercingWail+1","floor":39},{"not_picked":["Die Die Die","Eviscerate"],"picked":"PiercingWail+1","floor":41},{"not_picked":["Phantasmal Killer+1","Blur+1"],"picked":"Deadly Poison+1","floor":44},{"not_picked":["Masterful Stab","Accuracy+1"],"picked":"Backflip+1","floor":45},{"not_picked":["Expertise+1","Well Laid Plans+1","Dagger Spray"],"picked":"SKIP","floor":46},{"not_picked":["Blur+1","Dagger Spray","Prepared+1"],"picked":"SKIP","floor":48}],"player_experience":66962,"relics_obtained":[{"floor":7.0,"key":"InkBottle"},{"floor":9.0,"key":"Toxic Egg 2"},{"floor":11.0,"key":"Omamori"},{"floor":24,"key":"Frozen Egg 2"},{"floor":26,"key":"Dead Branch"},{"floor":28,"key":"Ornamental Fan"},{"floor":41,"key":"Nunchaku"},{"floor":43,"key":"Girya"},{"floor":44,"key":"CaptainsWheel"},{"floor":48,"key":"Torii"}],"event_choices":[{"damage_healed":0.0,"max_hp_gain":0.0,"max_hp_loss":0.0,"gold_gain":0.0,"event_name":"Shining Light","player_choice":"Entered Light","floor":3.0,"gold_loss":0.0,"damage_taken":18.0,"cards_upgraded":["Strike_G","Strike_G"]},{"damage_healed":15.0,"max_hp_gain":0.0,"max_hp_loss":0.0,"gold_gain":0.0,"event_name":"The Cleric","player_choice":"Healed","floor":10.0,"gold_loss":35.0,"damage_taken":0.0},{"damage_healed":0,"gold_gain":0,"player_choice":"Became a Ghost","damage_taken":0,"max_hp_gain":0,"max_hp_loss":30,"event_name":"Ghosts","floor":19,"gold_loss":0,"cards_obtained":["Ghostly","Ghostly","Ghostly"]},{"damage_healed":0,"gold_gain":50,"player_choice":"Stole From Cult","damage_taken":0,"max_hp_gain":0,"max_hp_loss":0,"event_name":"Nest","floor":20,"gold_loss":0},{"damage_healed":0,"gold_gain":0,"player_choice":"Read","damage_taken":0,"max_hp_gain":0,"max_hp_loss":0,"event_name":"The Library","floor":21,"gold_loss":0,"cards_obtained":["Deadly Poison"]},{"damage_healed":0,"gold_gain":0,"player_choice":"Ignored","damage_taken":0,"max_hp_gain":0,"max_hp_loss":0,"event_name":"The Mausoleum","floor":22,"gold_loss":0},{"damage_healed":0,"gold_gain":0,"player_choice":"Memory 1","damage_taken":0,"max_hp_gain":0,"max_hp_loss":0,"event_name":"SensoryStone","floor":37,"gold_loss":0},{"damage_healed":0,"gold_gain":0,"player_choice":"Got Potions","damage_taken":0,"max_hp_gain":0,"max_hp_loss":0,"event_name":"Lab","floor":38,"gold_loss":0}],"is_beta":false,"boss_relics":[{"not_picked":["Ectoplasm","Empty Cage"],"picked":"Philosopher\u0027s Stone"},{"not_picked":["WristBlade","Tiny House"],"picked":"Astrolabe"}],"items_purged_floors":[47],"is_endless":false,"potions_floor_spawned":[7,11,13,14,16,28,30,33,35,36,41,44],"ascension_level":20}}