{"host":"laaugowj4oxtps61","time":1610568585,"event":{"mods":["2.2 Compatiblity","AchievementEnabler","Act Like it!","BaseMod","Better Third Choice","Conspire","Curses Come First","Downfall","Hubris","Hyrulean Relics","Infinite Spire","Minty Spire (QoL Compilation)","Nova Terra(??·??)","Pale of the Ancients","Prisma Mod","Rare Cards Sparkle","Replay The Spire","SOS???????","Small Relic Pack","StSLib","The Bug Knight","The Cursed","The Death Knight","The Exalted","The Kombatant","The Saiyan","The Servant 0.9.4","The Wild Card","TheHero","TheVelvet","vexMod"],"gold_per_floor":[119,136,150,167,181,213,233,233,233,233,233,233,25,51,51,97,97,113,113,113,110,110,110,110,0,0,0,0],"floor_reached":27,"language":"ENG","playtime":1689,"items_purged":[],"score":219,"play_id":"adfc0149-602c-4ccf-9a17-1d706f83a742","local_time":"20210113140945","is_ascension_mode":false,"campfire_choices":[{"floor":8.0,"key":"REST"},{"floor":11.0,"key":"REST"},{"floor":15.0,"key":"REST"},{"floor":23,"key":"REST"}],"circlet_count":0,"master_deck":["Strike_G","Strike_G","Strike_G","Strike_G","Strike_G","Defend_G","Defend_G","Defend_G","Defend_G","Defend_G","Survivor","Neutralize","Noxious Fumes+1","Sucker Punch","ReplayTheSpireMod:Scrap Shanks","Underhanded Strike","ReplayTheSpireMod:Scrap Shanks","Dagger Spray","Blade Dance","Backstab","Backstab","Dagger Spray+1","Poison Darts+1","Toxin Wave+1","Caltrops"],"relics":["hubris:Backtick","Snake Skull","StrikeDummy","Odd Mushroom","hubris:GlazedTorus","hubris:Icosahedron","Strange Spoon","Molten Egg 2","vexMod:DeviousBotling","MutagenicStrength","infinitespire:BottledMercury"],"acts_visited":["Exordium","TheCity"],"potions_floor_usage":[],"damage_taken":[{"damage":0.0,"enemies":"Small Slimes","floor":1.0,"turns":4.0},{"damage":2.0,"enemies":"2 Louse","floor":2.0,"turns":4.0},{"damage":5.0,"enemies":"Jaw Worm","floor":3.0,"turns":4.0},{"damage":7.0,"enemies":"Large Slime","floor":4.0,"turns":6.0},{"damage":12.0,"enemies":"Exordium Wildlife","floor":5.0,"turns":4.0},{"damage":11.0,"enemies":"Lagavulin","floor":6.0,"turns":7.0},{"damage":5.0,"enemies":"The Mushroom Lair","floor":7.0,"turns":4.0},{"damage":23.0,"enemies":"Gremlin Nob","floor":14.0,"turns":4.0},{"damage":11,"enemies":"Slime Boss","floor":16,"turns":7},{"damage":23,"enemies":"Shell Parasite","floor":18,"turns":4},{"damage":22,"enemies":"2 Thieves","floor":21,"turns":3},{"damage":33,"enemies":"Centurion and Healer","floor":27,"turns":3}],"seed_played":"-1185118449562459282","potions_obtained":[{"floor":3.0,"key":"infinitespire:BlackPotion"},{"floor":4.0,"key":"Swift Potion"},{"floor":6.0,"key":"Swift Potion"}],"is_trial":false,"path_per_floor":["M","M","M","M","M","E","?","R","T","?","R","?","$","E","R","B",null,"M","?","?","M","?","R","$","?","T","M"],"character_chosen":"THE_SILENT","items_purchased":["Strange Spoon","Backstab"],"campfire_rested":4,"item_purchase_floors":[13,13],"current_hp_per_floor":[70,68,63,56,44,33,28,49,49,54,75,75,75,52,74,63,75,52,52,30,8,8,30,30,30,30,0,0],"gold":0,"neow_bonus":"BOSS_RELIC","is_daily":false,"chose_seed":false,"campfire_upgraded":0,"win_rate":0.0,"timestamp":1610568585,"path_taken":["M","M","M","M","M","E","?","R","T","?","R","?","?","E","R","BOSS","M","?","?","M","?","R","$","?","T","M"],"items_purchased_type":["Relic","Card"],"build_version":"2020-12-22","purchased_purges":0,"victory":false,"max_hp_per_floor":[70,70,70,70,70,70,70,70,70,75,75,75,75,75,75,75,75,75,75,75,75,75,75,75,75,75,75,75],"card_choices":[{"not_picked":["Hidden Blade","Dagger Throw"],"picked":"Noxious Fumes","floor":1.0},{"not_picked":["Tactician","Dagger Throw"],"picked":"Sucker Punch","floor":2.0},{"not_picked":["Prepared","hubris:TrickCloak"],"picked":"ReplayTheSpireMod:Scrap Shanks","floor":3.0},{"not_picked":["Terror","Outmaneuver"],"picked":"Underhanded Strike","floor":4.0},{"not_picked":["Deflect","Prepared"],"picked":"ReplayTheSpireMod:Scrap Shanks","floor":5.0},{"not_picked":["Tactician","Cloak And Dagger"],"picked":"Dagger Spray","floor":6.0},{"not_picked":["Adrenaline","Quick Slash"],"picked":"Blade Dance","floor":7.0},{"not_picked":["Underhanded Strike+1","Endless Agony+1"],"picked":"Dagger Spray+1","floor":14.0},{"not_picked":["Wraith Form v2","After Image"],"picked":"Poison Darts","floor":16},{"not_picked":["Terror+1","Well Laid Plans"],"picked":"Toxin Wave","floor":18},{"not_picked":["Flying Knee+1","Masterful Stab+1"],"picked":"Caltrops","floor":21}],"player_experience":484786,"relics_obtained":[{"floor":6.0,"key":"StrikeDummy"},{"floor":7.0,"key":"Odd Mushroom"},{"floor":9.0,"key":"hubris:GlazedTorus"},{"floor":14.0,"key":"Molten Egg 2"},{"floor":26,"key":"infinitespire:BottledMercury"}],"event_choices":[{"damage_healed":0.0,"max_hp_gain":0.0,"max_hp_loss":0.0,"gold_gain":0.0,"event_name":"Mushrooms","player_choice":"Fought Mushrooms","floor":7.0,"gold_loss":0.0,"damage_taken":0.0},{"damage_healed":0.0,"max_hp_gain":5.0,"max_hp_loss":0.0,"gold_gain":0.0,"event_name":"Big Fish","player_choice":"Donut","floor":10.0,"gold_loss":0.0,"damage_taken":0.0},{"damage_healed":0,"gold_gain":0,"player_choice":"Inject Mutagens","damage_taken":0,"relics_obtained":["MutagenicStrength"],"max_hp_gain":0,"max_hp_loss":0,"event_name":"Drug Dealer","floor":19,"gold_loss":0},{"damage_healed":0,"gold_gain":0,"player_choice":"Ignored","damage_taken":0,"max_hp_gain":0,"max_hp_loss":0,"event_name":"Vampires","floor":22,"gold_loss":0},{"damage_healed":0,"gold_gain":0,"player_choice":"Paid Fearfully","damage_taken":0,"max_hp_gain":0,"max_hp_loss":0,"event_name":"Masked Bandits","floor":25,"gold_loss":110}],"is_beta":false,"boss_relics":[{"not_picked":["Kintsugi","Empty Cage"],"picked":"vexMod:DeviousBotling"}],"items_purged_floors":[],"is_endless":false,"potions_floor_spawned":[3,4,6,7],"killed_by":"Centurion and Healer","ascension_level":0}}