{"host":"uxx7prhn9zlu6i2v","time":1610504203,"event":{"mods":["100% Spire Juice","2.2 Compatiblity","AchievementEnabler","Act Like it!","Arknights The Spire","BaseMod","CapriCore","Colored Powertips","Dio Mod","Gensokyo","GifTheSpireLib","KomeijiMod","Marisa????????","Minty Spire (QoL Compilation)","Pale of the Ancients","Permanent Neow","Quick Restart","RNG Fix","Rare Cards Sparkle","Reimu??????","Relic Filter","Relic Sorter","Relic Stats","Spicy Shops","StSLib","Strawberry Spire","The Administrix","The Bug Knight","The Exalted","The Immortal","The Mystic","Yakumo Yukari mod","??????REMEMod"],"gold_per_floor":[118,118,118,132,132,163,163,183,208,220,235,235,69,82,82,186,186,201,201,420,420,430,430,102,131,131,144,358,358,374,390,390,486,486,500,500,520,520,9,40,50,75,75,85,96,36,47,13,13,13,31,50,50,50,50,50,50,50,50,50],"floor_reached":61,"language":"ENG","playtime":3620,"items_purged":["ats:Strike S"],"score":1309,"play_id":"95dbe50e-686c-4254-8dc6-4876beb81383","local_time":"20210112201643","is_ascension_mode":false,"campfire_choices":[{"data":"ats:Apocalypse","floor":12.0,"key":"SMITH"},{"data":"ats:Armor Crushing Shot","floor":15.0,"key":"SMITH"},{"data":"ats:Flame Of Heaven","floor":23.0,"key":"SMITH"},{"data":"ats:Volcano","floor":29.0,"key":"SMITH"},{"data":"ats:Apocalypse","floor":32.0,"key":"SMITH"},{"data":"Gensokyo:GreaterSplit","floor":49.0,"key":"SMITH"},{"data":"ats:Demon Strength","floor":55.0,"key":"SMITH"},{"data":"ats:Song Of Battle","floor":57.0,"key":"SMITH"}],"circlet_count":0,"master_deck":["ats:Strike C+1","ats:Armor Crushing Shot+1","ats:Defend","ats:Defend","ats:Defend","ats:Emotion Absorption+1","ats:Apocalypse+1","ats:Assault Order","ats:Mental Burst+1","ats:Leaping Hammer","ats:Hook Shot","ats:Emotion Absorption+1","ats:Volcano+1","ats:Hook Shot","ats:Charging Defense","ats:Flame Of Heaven+1","ats:Magnetic Hammer","ats:Apocalypse+1","ats:Wolf Pack","ats:Demon Strength+1","Gensokyo:GreaterSplit+1","ats:Thorns+1","ats:Wolf Pack","ats:Demon Strength+1","ats:Song Of Battle+1","Gensokyo:CustomPotion"],"relics":["ats:Sanity","REME_ComplimentaryCards","Bromod:ArcaneAegis","ats:Originium","Anchor","Strawberry","Bromod:ArcaneMomentum","DollysMirror","Sozu","ats:Rhine Circuitry","REME_CardOfGreed","ClockworkSouvenir","Gambling Chip","Mercury Hourglass","KyoryuNoHagoromo","ats:Military Tradition","White Beast Statue","Lantern","Bag of Preparation","Mummified Hand","paleoftheancients:Timepiece","paleoftheancients:KeyRelic","REME_HandOfSuture"],"acts_visited":["Gensokyo:Gensokyo","Gensokyo:Gensokyoer","Gensokyo:Gensokyoest","paleoftheancients:PaleOfTheAncients"],"potions_floor_usage":[],"damage_taken":[{"damage":1.0,"enemies":"Gensokyo:Python","floor":1.0,"turns":4.0},{"damage":11.0,"enemies":"Gensokyo:Gryphon","floor":4.0,"turns":4.0},{"damage":9.0,"enemies":"Gensokyo:Aya","floor":6.0,"turns":4.0},{"damage":0.0,"enemies":"Gensokyo:3_Fairies","floor":8.0,"turns":3.0},{"damage":1.0,"enemies":"Gensokyo:2_Rabbits","floor":10.0,"turns":4.0},{"damage":2.0,"enemies":"Gensokyo:CorruptedTreant","floor":11.0,"turns":2.0},{"damage":2.0,"enemies":"Gensokyo:Kitsune","floor":14.0,"turns":2.0},{"damage":6.0,"enemies":"Gensokyo:Reimu","floor":16.0,"turns":6.0},{"damage":3.0,"enemies":"Gensokyo:Chomper","floor":18.0,"turns":3.0},{"damage":0.0,"enemies":"Gensokyo:CosmicMonolith","floor":20.0,"turns":2.0},{"damage":10.0,"enemies":"Gensokyo:Wraith","floor":22.0,"turns":3.0},{"damage":7.0,"enemies":"Gensokyo:Reisen","floor":25.0,"turns":6.0},{"damage":12.0,"enemies":"Gensokyo:Slime_Group","floor":27.0,"turns":3.0},{"damage":6.0,"enemies":"Gensokyo:Mirror_and_Dog","floor":28.0,"turns":4.0},{"damage":0.0,"enemies":"Gensokyo:Swordslinger","floor":30.0,"turns":2.0},{"damage":1.0,"enemies":"Gensokyo:Monolith_and_Dog","floor":31.0,"turns":3.0},{"damage":1.0,"enemies":"Gensokyo:Kaguya","floor":33.0,"turns":12.0},{"damage":0.0,"enemies":"Gensokyo:3_Bats","floor":35.0,"turns":3.0},{"damage":9.0,"enemies":"Gensokyo:AncientGuardian","floor":37.0,"turns":5.0},{"damage":9.0,"enemies":"Gensokyo:Doremy","floor":40.0,"turns":6.0},{"damage":0.0,"enemies":"Gensokyo:AtlasGolem","floor":41.0,"turns":3.0},{"damage":42.0,"enemies":"Gensokyo:Kasen","floor":42.0,"turns":8.0},{"damage":0.0,"enemies":"Gensokyo:3_Boulders","floor":44.0,"turns":2.0},{"damage":2.0,"enemies":"Gensokyo:4_Bats","floor":45.0,"turns":3.0},{"damage":0.0,"enemies":"Gensokyo:AtlasGolem","floor":47.0,"turns":3.0},{"damage":24.0,"enemies":"Gensokyo:Scarlet_Devils","floor":50.0,"turns":7.0},{"damage":0.0,"enemies":"Gensokyo:Scarlet_Devils","floor":51.0,"turns":10.0},{"damage":22.0,"enemies":"Gensokyo:Scarlet_Devils","floor":52.0,"turns":7.0},{"damage":109.0,"enemies":"Gensokyo:Scarlet_Devils","floor":56.0,"turns":14.0},{"damage":36,"enemies":"paleoftheancients:N","floor":60,"turns":16}],"seed_played":"-8336525058060468949","potions_obtained":[{"floor":4.0,"key":"Ancient Potion"},{"floor":8.0,"key":"EntropicBrew"},{"floor":10.0,"key":"LiquidMemories"}],"is_trial":false,"path_per_floor":["M","?","T","M","?","E","?","M","T","M","M","R","COS","M","R","B",null,"M","?","M","?","M","R","COS","E","T","M","M","R","M","M","R","B",null,"M","?","M","?","$","E","M","E","T","M","M","?","M","COS","R","B","M","M","?","T","R","M","R","$","?","B",null],"character_chosen":"DOCTOR_CLASS","items_purchased":["ats:Military Tradition","ats:Encircling Forest","White Beast Statue"],"campfire_rested":0,"item_purchase_floors":[39,39,39],"current_hp_per_floor":[71,43,43,44,44,43,40,48,48,51,49,49,49,52,52,56,79,76,76,79,73,63,63,63,61,61,59,58,58,58,62,62,73,73,73,73,73,73,73,69,73,56,56,66,71,71,73,73,73,73,73,62,62,62,62,73,73,73,73,45],"gold":50,"neow_bonus":"UPGRADE_CARD","is_daily":false,"chose_seed":false,"campfire_upgraded":8,"win_rate":0.0,"timestamp":1610504203,"path_taken":["M","?","?","M","?","E","?","M","T","M","M","R","COS","M","R","BOSS","M","?","M","?","M","R","COS","E","T","M","M","R","M","?","R","BOSS","M","?","?","?","$","E","M","E","T","M","M","?","?","COS","R","BOSS","M","M","?","T","R","M","R","$","?","BOSS"],"items_purchased_type":["Relic","Card","Relic"],"build_version":"2020-12-22","purchased_purges":1,"victory":true,"max_hp_per_floor":[72,72,72,72,72,72,79,79,79,79,79,79,79,79,79,79,79,79,79,79,73,73,73,73,73,73,73,73,73,73,73,73,73,73,73,73,73,73,73,73,73,73,73,73,73,73,73,73,73,73,73,73,73,73,73,73,73,73,73,73],"relic_stats":{"Sozu":12,"counters":[30,149],"Mummified Hand":[48],"Gambling Chip":[60],"Bag of Preparation":[24],"obtain_stats":[{"Lantern":40,"paleoftheancients:KeyRelic":50,"Bag of Preparation":42,"KyoryuNoHagoromo":34,"Bromod:ArcaneAegis":3,"White Beast Statue":39,"Bromod:ArcaneMomentum":9,"ClockworkSouvenir":24,"Mercury Hourglass":26,"Sozu":17,"paleoftheancients:Timepiece":50,"Anchor":6,"ats:Originium":6,"DollysMirror":13,"Mummified Hand":43,"Strawberry":7,"Gambling Chip":25,"REME_HandOfSuture":54,"ats:Sanity":0,"REME_CardOfGreed":24,"ats:Military Tradition":39,"ats:Rhine Circuitry":21,"REME_ComplimentaryCards":0},{"Lantern":20,"paleoftheancients:KeyRelic":26,"Bag of Preparation":22,"KyoryuNoHagoromo":17,"Bromod:ArcaneAegis":1,"White Beast Statue":19,"Bromod:ArcaneMomentum":4,"ClockworkSouvenir":11,"Mercury Hourglass":12,"Sozu":8,"paleoftheancients:Timepiece":26,"Anchor":3,"ats:Originium":3,"DollysMirror":6,"Mummified Hand":22,"Strawberry":3,"Gambling Chip":12,"REME_HandOfSuture":28,"ats:Sanity":0,"REME_CardOfGreed":11,"ats:Military Tradition":19,"ats:Rhine Circuitry":10,"REME_ComplimentaryCards":0},{"Lantern":77,"paleoftheancients:KeyRelic":102,"Bag of Preparation":88,"KyoryuNoHagoromo":63,"Bromod:ArcaneAegis":4,"White Beast Statue":71,"Bromod:ArcaneMomentum":15,"ClockworkSouvenir":35,"Mercury Hourglass":40,"Sozu":27,"paleoftheancients:Timepiece":102,"Anchor":12,"ats:Originium":12,"DollysMirror":20,"Mummified Hand":88,"Strawberry":12,"Gambling Chip":40,"REME_HandOfSuture":119,"ats:Sanity":0,"REME_CardOfGreed":35,"ats:Military Tradition":71,"ats:Rhine Circuitry":32,"REME_ComplimentaryCards":0}],"Mercury Hourglass":[436]},"card_choices":[{"not_picked":["ats:Demon Strength","ats:Assault Order"],"picked":"ats:Apocalypse","floor":1.0},{"not_picked":["ats:Ignite","ats:Overload"],"picked":"ats:Assault Order","floor":4.0},{"not_picked":["ats:Fractured Body","ats:Collapsing Strike","ats:LN2 Cannon"],"picked":"SKIP","floor":6.0},{"not_picked":["ats:Cat Scratch","ats:Encircling Forest"],"picked":"ats:Leaping Hammer","floor":8.0},{"not_picked":["ats:Leaping Hammer","ats:Beaten Up","ats:Cat Scratch"],"picked":"SKIP","floor":10.0},{"not_picked":["ats:Blood Oath","ats:Flexible Camouflage"],"picked":"ats:Hook Shot","floor":11.0},{"not_picked":["ats:Assault Order","ats:Very Hot Blade","ats:Powerful Strike"],"picked":"SKIP","floor":14.0},{"not_picked":["ats:Calcification","ats:Shadow Assault"],"picked":"ats:Volcano","floor":16.0},{"not_picked":["ats:Explosion Area Strengthen","ats:Cat Scratch","ats:Rapid Magazine"],"picked":"SKIP","floor":18.0},{"not_picked":["ats:Poison Spread","ats:Shell Defense"],"picked":"ats:Charging Defense","floor":20.0},{"not_picked":["ats:Counter Healing Mode","ats:Poison Spread+1"],"picked":"ats:Flame Of Heaven","floor":22.0},{"not_picked":["ats:Composite Medical Shells","ats:Consecutive Shot Auto","ats:Shadow Assault"],"picked":"SKIP","floor":25.0},{"not_picked":["ats:Revitalization","ats:Assault Order+1"],"picked":"ats:Magnetic Hammer","floor":27.0},{"not_picked":["ats:Flexible Camouflage","ats:Healing Drone+1","ats:Explosion Area Strengthen+1"],"picked":"SKIP","floor":28.0},{"not_picked":["ats:Revitalization","ats:Leaping Hammer","ats:Flexible Camouflage+1"],"picked":"SKIP","floor":30.0},{"not_picked":["ats:Hammer On","ats:Charging Defense"],"picked":"ats:Apocalypse","floor":31.0},{"not_picked":["ats:Echo Reverb","ats:True Silver Slash"],"picked":"ats:Wolf Pack","floor":33.0},{"not_picked":["ats:Cat Scratch+1","ats:Thermite Blade+1"],"picked":"ats:Demon Strength+1","floor":35.0},{"not_picked":["ats:Cat Scratch+1","ats:Assault Order+1"],"picked":"ats:Thorns+1","floor":37.0},{"not_picked":["ats:Neurotoxin+1","ats:Ignite","ats:Beaten Up"],"picked":"SKIP","floor":40.0},{"not_picked":["ats:Counter Healing Mode","ats:Ignite+1","ats:Automatic Cover"],"picked":"SKIP","floor":41.0},{"not_picked":["ats:Curse Doll+1","ats:Assault Order"],"picked":"ats:Wolf Pack","floor":42.0},{"not_picked":["ats:Assault Order+1","ats:Closed Bolt Burst Fire"],"picked":"ats:Demon Strength","floor":44.0},{"not_picked":["ats:Powerful Strike","ats:Chain Hook+1"],"picked":"ats:Song Of Battle","floor":45.0},{"not_picked":["ats:Leaping Hammer","ats:Powerful Strike","ats:Apocalypse"],"picked":"SKIP","floor":47.0},{"not_picked":["ats:Cat Scratch","ats:Childhood Dance","ats:Ignite"],"picked":"SKIP","floor":51.0},{"not_picked":["ats:Hook Shot+1","ats:Explosion Area Strengthen+1","ats:Leaping Hammer"],"picked":"SKIP","floor":52.0}],"player_experience":1749954,"relics_obtained":[{"floor":3.0,"key":"Bromod:ArcaneAegis"},{"floor":6.0,"key":"ats:Originium"},{"floor":6.0,"key":"Anchor"},{"floor":9.0,"key":"Bromod:ArcaneMomentum"},{"floor":25.0,"key":"ats:Originium"},{"floor":25.0,"key":"Gambling Chip"},{"floor":26.0,"key":"Mercury Hourglass"},{"floor":40.0,"key":"ats:Originium"},{"floor":40.0,"key":"Lantern"},{"floor":42.0,"key":"Bag of Preparation"},{"floor":43.0,"key":"Mummified Hand"},{"floor":54.0,"key":"REME_HandOfSuture"}],"event_choices":[],"is_beta":false,"boss_relics":[{"not_picked":["Bromod:ArcaneBarrier","Empty Cage"],"picked":"Sozu"},{"not_picked":["Tiny House","Bromod:ArcaneGrace"],"picked":"KyoryuNoHagoromo"}],"items_purged_floors":[39],"is_endless":false,"potions_floor_spawned":[4,8,10,11,18,27,30,31,40,41,42,44,45,47,51,52,56],"ascension_level":0}}