{"host":"st1kg310ms6sytc5","time":1610536116,"event":{"mods":["100% Spire Juice","Act Like it!","BaseMod","CapriCore","Good Game Mod","Minty Spire (QoL Compilation)","StSLib","SuperFastMode"],"gold_per_floor":[113,132,132,132,142,171,171,200,200,211,211,238,250,284,284,384,384,413,433,433,460,375,408,420,451,475,501,426,426,454,477,477,585,585,606,625,634,654,190,190,230,242,268,309,337,368,99,134,134,134,134,134,36,66,66],"floor_reached":56,"language":"ZHS","playtime":2046,"items_purged":["Strike_G","Strike_G+1","Defend_G"],"score":1955,"play_id":"302f9439-08c6-460a-9a62-07f6e37ff789","local_time":"20210113190836","is_ascension_mode":true,"campfire_choices":[{"data":"Neutralize","floor":11.0,"key":"SMITH"},{"data":"Deflect","floor":15.0,"key":"SMITH"},{"data":"Adrenaline","floor":32.0,"key":"SMITH"},{"data":"Adrenaline","floor":40.0,"key":"SMITH"},{"floor":49,"key":"RECALL"},{"data":"After Image","floor":52,"key":"SMITH"}],"circlet_count":0,"master_deck":["Defend_G+1","Defend_G","Defend_G","Survivor","Neutralize+1","Core Surge","Concentrate+1","Slice","Adrenaline+1","Finisher+1","Deflect+1","After Image+1","Backstab+1","Backstab+1","Slice+1","Slice+1","Adrenaline+1","Slice+1","Slice+1","Defend_G+1","Endless Agony+1","Concentrate","Escape Plan","Madness+1","Slice+1","Concentrate","Concentrate+1","Finisher+1","Deflect","Concentrate"],"relics":["Ring of the Snake","REME:ComplimentaryCards","Unceasing Top","Darkstone Periapt","Molten Egg 2","The Courier","StoneCalendar","CeramicFish","Coffee Dripper","Blood Vial","PreservedInsect","Art of War","Potion Belt","Black Star","Nunchaku","Orrery","War Paint","Happy Flower","Kunai","Bronze Scales","Ninja Scroll","Smiling Mask","Bag of Preparation","MawBank","OrangePellets","Vajra","Pear","StrikeDummy","Centennial Puzzle"],"acts_visited":["Exordium","TheCity","TheBeyond","TheEnding"],"potions_floor_usage":[55,55,55,55],"damage_taken":[{"damage":0.0,"enemies":"Jaw Worm","floor":1.0,"turns":4.0},{"damage":0.0,"enemies":"Small Slimes","floor":2.0,"turns":3.0},{"damage":0.0,"enemies":"2 Louse","floor":5.0,"turns":2.0},{"damage":8.0,"enemies":"Lagavulin","floor":6.0,"turns":9.0},{"damage":20.0,"enemies":"3 Sentries","floor":8.0,"turns":15.0},{"damage":0.0,"enemies":"Looter","floor":10.0,"turns":2.0},{"damage":4.0,"enemies":"Gremlin Nob","floor":12.0,"turns":4.0},{"damage":0.0,"enemies":"3 Louse","floor":13.0,"turns":2.0},{"damage":3.0,"enemies":"3 Sentries","floor":14.0,"turns":7.0},{"damage":0.0,"enemies":"The Guardian","floor":16.0,"turns":8.0},{"damage":0.0,"enemies":"Spheric Guardian","floor":18.0,"turns":1.0},{"damage":0.0,"enemies":"Shell Parasite","floor":19.0,"turns":1.0},{"damage":0.0,"enemies":"Centurion and Healer","floor":21.0,"turns":4.0},{"damage":0.0,"enemies":"Gremlin Leader","floor":23.0,"turns":7.0},{"damage":1.0,"enemies":"Cultist and Chosen","floor":24.0,"turns":4.0},{"damage":0.0,"enemies":"Slavers","floor":25.0,"turns":4.0},{"damage":0.0,"enemies":"Book of Stabbing","floor":27.0,"turns":4.0},{"damage":0.0,"enemies":"Sentry and Sphere","floor":30.0,"turns":1.0},{"damage":0.0,"enemies":"Snecko","floor":31.0,"turns":3.0},{"damage":0.0,"enemies":"Collector","floor":33.0,"turns":6.0},{"damage":0.0,"enemies":"Orb Walker","floor":35.0,"turns":1.0},{"damage":0.0,"enemies":"3 Darklings","floor":36.0,"turns":2.0},{"damage":7.0,"enemies":"Maw","floor":38.0,"turns":5.0},{"damage":0.0,"enemies":"Nemesis","floor":41.0,"turns":3.0},{"damage":0.0,"enemies":"Spire Growth","floor":42.0,"turns":1.0},{"damage":0.0,"enemies":"Reptomancer","floor":44.0,"turns":1.0},{"damage":0.0,"enemies":"4 Shapes","floor":45.0,"turns":1.0},{"damage":0.0,"enemies":"Nemesis","floor":46.0,"turns":1.0},{"damage":0.0,"enemies":"Reptomancer","floor":48.0,"turns":1.0},{"damage":0,"enemies":"Donu and Deca","floor":50,"turns":1},{"damage":0,"enemies":"Shield and Spear","floor":54,"turns":1},{"damage":0,"enemies":"The Heart","floor":55,"turns":7}],"seed_played":"3676056334073664329","potions_obtained":[{"floor":5.0,"key":"ColorlessPotion"},{"floor":12.0,"key":"Weak Potion"},{"floor":13.0,"key":"SpeedPotion"},{"floor":14.0,"key":"Swift Potion"},{"floor":16.0,"key":"GhostInAJar"},{"floor":30.0,"key":"Dexterity Potion"},{"floor":33.0,"key":"Explosive Potion"},{"floor":36.0,"key":"BlessingOfTheForge"},{"floor":38.0,"key":"LiquidBronze"},{"floor":46.0,"key":"Strength Potion"}],"is_trial":false,"path_per_floor":["M","M","?","?","M","E","?","E","T","M","R","E","M","E","R","B",null,"M","M","?","M","?","E","M","E","T","E","?","?","M","M","R","B",null,"M","M","?","M","$","R","E","M","T","E","M","E","$","E","R","B",null,"R","$","E","B",null],"character_chosen":"THE_SILENT","items_purchased":["Nunchaku","Orrery","Madness","War Paint","OrangePellets","Vajra","Deflect","Concentrate"],"campfire_rested":0,"item_purchase_floors":[39,39,39,39,47,47,53,53],"current_hp_per_floor":[63,63,50,50,50,42,47,27,27,27,27,23,23,20,20,20,68,68,68,68,68,68,68,67,68,68,68,68,68,68,68,68,68,68,68,68,68,61,61,61,63,65,65,67,68,68,68,78,78,78,78,78,78,78,78],"gold":66,"neow_bonus":"ONE_RARE_RELIC","is_daily":false,"chose_seed":false,"campfire_upgraded":5,"win_rate":0.0,"timestamp":1610536116,"path_taken":["M","M","?","?","M","E","?","E","T","M","R","E","M","E","R","BOSS","M","M","?","M","?","E","M","E","T","E","?","?","M","M","R","BOSS","M","M","?","M","?","R","E","M","T","E","M","E","$","E","R","BOSS","R","$","E","BOSS"],"items_purchased_type":["Relic","Relic","Card","Relic","Relic","Relic","Card","Card"],"build_version":"2020-12-22","purchased_purges":3,"victory":true,"max_hp_per_floor":[63,63,63,63,63,63,68,68,68,68,68,68,68,68,68,68,68,68,68,68,68,68,68,68,68,68,68,68,68,68,68,68,68,68,68,68,68,68,68,68,68,68,68,68,68,68,68,78,78,78,78,78,78,78,78],"card_choices":[{"not_picked":["Masterful Stab","PiercingWail"],"picked":"Concentrate","floor":1.0},{"not_picked":["Prepared","Backflip"],"picked":"Slice","floor":2.0},{"not_picked":["Noxious Fumes","Bouncing Flask","Tactician"],"picked":"SKIP","floor":5.0},{"not_picked":["PiercingWail","Catalyst"],"picked":"Adrenaline","floor":6.0},{"not_picked":["Grand Finale+1","Choke+1","PiercingWail"],"picked":"SKIP","floor":8.0},{"not_picked":["Expertise","Accuracy","Cloak And Dagger"],"picked":"SKIP","floor":10.0},{"not_picked":["Poisoned Stab+1","Prepared","Finisher+1"],"picked":"SKIP","floor":12.0},{"not_picked":["Poisoned Stab+1","Prepared"],"picked":"Finisher+1","floor":12.0},{"not_picked":["PiercingWail","Sucker Punch+1"],"picked":"Deflect","floor":13.0},{"not_picked":["Prepared","Dash+1"],"picked":"After Image","floor":14.0},{"not_picked":["Backflip","Bouncing Flask"],"picked":"Backstab+1","floor":18.0},{"not_picked":["Riddle With Holes+1","Dodge and Roll","Quick Slash+1"],"picked":"SKIP","floor":19.0},{"not_picked":["PiercingWail","Blade Dance+1"],"picked":"Backstab+1","floor":21.0},{"not_picked":["Blur+1","Acrobatics","Grand Finale+1"],"picked":"SKIP","floor":23.0},{"not_picked":["Dagger Spray+1","Poisoned Stab+1","Dagger Throw+1"],"picked":"SKIP","floor":24.0},{"not_picked":["Bane+1","Dagger Spray+1","A Thousand Cuts"],"picked":"SKIP","floor":25.0},{"not_picked":["Acrobatics","Catalyst","Accuracy"],"picked":"SKIP","floor":27.0},{"not_picked":["Flechettes+1","Outmaneuver"],"picked":"Slice+1","floor":30.0},{"not_picked":["Leg Sweep","Finisher+1"],"picked":"Slice+1","floor":31.0},{"not_picked":["Burst","Storm of Steel"],"picked":"Adrenaline","floor":33.0},{"not_picked":["Finisher+1","Reflex"],"picked":"Slice+1","floor":35.0},{"not_picked":["Backflip","Bane+1"],"picked":"Slice+1","floor":36.0},{"not_picked":["Dagger Spray+1","Unload+1"],"picked":"Endless Agony+1","floor":38.0},{"not_picked":["Prepared","Venomology"],"picked":"Concentrate","floor":39.0},{"not_picked":["Outmaneuver","Backflip"],"picked":"Escape Plan","floor":39.0},{"not_picked":["Sucker Punch+1","Caltrops"],"picked":"Slice+1","floor":41.0},{"not_picked":["Riddle With Holes+1","Tactician+1","Backflip+1"],"picked":"SKIP","floor":42.0},{"not_picked":["Underhanded Strike+1","Sucker Punch+1"],"picked":"Concentrate","floor":44.0},{"not_picked":["Distraction+1","Dagger Spray+1"],"picked":"Concentrate+1","floor":45.0},{"not_picked":["Backflip+1","Prepared+1","Dagger Spray+1"],"picked":"SKIP","floor":46.0},{"not_picked":["Dagger Throw+1","Footwork"],"picked":"Finisher+1","floor":48},{"not_picked":["Quick Slash+1","Riddle With Holes+1","Dash+1"],"picked":"SKIP","floor":54}],"player_experience":1375629,"relics_obtained":[{"floor":6.0,"key":"Darkstone Periapt"},{"floor":8.0,"key":"Molten Egg 2"},{"floor":9.0,"key":"The Courier"},{"floor":12.0,"key":"StoneCalendar"},{"floor":14.0,"key":"CeramicFish"},{"floor":23.0,"key":"PreservedInsect"},{"floor":25.0,"key":"Art of War"},{"floor":27.0,"key":"Potion Belt"},{"floor":41.0,"key":"Happy Flower"},{"floor":41.0,"key":"Kunai"},{"floor":43.0,"key":"Bronze Scales"},{"floor":44.0,"key":"Ninja Scroll"},{"floor":44.0,"key":"Smiling Mask"},{"floor":46.0,"key":"Bag of Preparation"},{"floor":46.0,"key":"MawBank"},{"floor":48,"key":"Pear"},{"floor":54,"key":"StrikeDummy"},{"floor":54,"key":"Centennial Puzzle"}],"event_choices":[{"damage_healed":0.0,"max_hp_gain":0.0,"max_hp_loss":0.0,"gold_gain":0.0,"event_name":"Shining Light","player_choice":"Entered Light","floor":3.0,"gold_loss":0.0,"damage_taken":13.0,"cards_upgraded":["Strike_G","Defend_G"]},{"cards_removed":["Strike_G"],"damage_healed":0.0,"max_hp_gain":0.0,"max_hp_loss":0.0,"gold_gain":0.0,"event_name":"Living Wall","player_choice":"Forget","floor":4.0,"gold_loss":0.0,"damage_taken":0.0},{"damage_healed":0.0,"max_hp_gain":5.0,"max_hp_loss":0.0,"gold_gain":0.0,"event_name":"Big Fish","player_choice":"Donut","floor":7.0,"gold_loss":0.0,"damage_taken":0.0},{"damage_healed":0.0,"max_hp_gain":0.0,"max_hp_loss":0.0,"gold_gain":0.0,"event_name":"The Mausoleum","player_choice":"Ignored","floor":20.0,"gold_loss":0.0,"damage_taken":0.0},{"damage_healed":0.0,"max_hp_gain":0.0,"max_hp_loss":0.0,"gold_gain":0.0,"event_name":"Addict","player_choice":"Obtained Relic","floor":22.0,"gold_loss":85.0,"damage_taken":0.0,"relics_obtained":["Blood Vial"]},{"cards_removed":["Strike_G"],"damage_healed":0.0,"max_hp_gain":0.0,"max_hp_loss":0.0,"gold_gain":0.0,"event_name":"Beggar","player_choice":"Gave Gold","floor":28.0,"gold_loss":75.0,"damage_taken":0.0},{"cards_removed":["Strike_G"],"damage_healed":0.0,"max_hp_gain":0.0,"max_hp_loss":0.0,"gold_gain":0.0,"event_name":"Back to Basics","player_choice":"Elegance","floor":29.0,"gold_loss":0.0,"damage_taken":0.0},{"cards_removed":["Defend_G"],"damage_healed":0.0,"max_hp_gain":0.0,"max_hp_loss":0.0,"gold_gain":0.0,"event_name":"NoteForYourself","player_choice":"Took Card","floor":37.0,"gold_loss":0.0,"damage_taken":0.0,"cards_obtained":["Defend_G"]}],"is_beta":false,"boss_relics":[{"not_picked":["Pandora\u0027s Box","WristBlade"],"picked":"Coffee Dripper"},{"not_picked":["Snecko Eye","Calling Bell"],"picked":"Black Star"}],"items_purged_floors":[39,47,53],"is_endless":false,"potions_floor_spawned":[5,12,13,14,16,18,19,21,30,33,36,38,45,46],"ascension_level":1}}