{"host":"2ulm0pyp8jok7fk5","time":1610523704,"event":{"mods":["Act Like it!","Arknights The Spire","BaseMod","Decade(Õı–°√˜)","Gensokyo","Koishi","Marisa£®ÏF”Í°°ƒß¿Ì…≥£©","Minty Spire (QoL Compilation)","Reimu£®≤©¿ˆ¡È√Œ£©","Remilia£®¿Ÿ√◊¿Ú—«£©","Replay The Spire","Shop Mod","Spicy Shops","StSLib","The Bug Knight","The Hierophant","The Servant 0.9.4","Waifu the Spire","Youmu£®ªÍ∆«—˝√Œ£©","Yuyuko"],"gold_per_floor":[117,117,117,41,55,55,90,90,117,127,140,172,172,66,66,169,169,186,186,206,5,5,35,68,94,166,166,41,41,41,41,41,41,41],"floor_reached":33,"language":"ZHS","playtime":1017,"items_purged":["ats:Defend","ats:Strike G","ats:Strike S"],"score":387,"play_id":"c7246f6b-0058-4e05-8769-f5c9b37c5e7a","local_time":"20210113154144","daily_mods":["Heirloom","Time Dilation","Flight"],"is_ascension_mode":false,"campfire_choices":[{"data":"ats:Automatic Cover","floor":6,"key":"SMITH"},{"data":"ats:Burning Ground","floor":8,"key":"SMITH"},{"data":"ats:Composite Medical Shells","floor":15,"key":"SMITH"},{"floor":27,"key":"REST"},{"floor":32,"key":"REST"}],"circlet_count":0,"master_deck":["ats:Strike C","ats:Armor Crushing Shot","ats:Defend","ats:Defend","ats:Defend","ats:Emotion Absorption","ats:Ignite","ats:Burning Ground+1","ats:Automatic Cover+1","ats:Composite Medical Shells+1","ats:Ignite","ats:Calcification+1","ats:Shadow Raid+1","ats:Shell Defense","ats:Ignite","ats:Ignite","ats:Soul Absorption"],"relics":["ats:Sanity","TungstenRod","NeowsBlessing","ats:Originium","ats:Ability Aura","Oddly Smooth Stone","Happy Flower","NeowsBlessing","NeowsBlessing","Shovel","ats:Lavender","Red Mask","HollowMod:StagPassRelic"],"acts_visited":["Exordium","TheCity"],"potions_floor_usage":[],"damage_taken":[{"damage":0,"enemies":"Small Slimes","floor":1,"turns":4},{"damage":0,"enemies":"Cultist","floor":5,"turns":1},{"damage":0,"enemies":"Lagavulin","floor":7,"turns":1},{"damage":0,"enemies":"Jaw Worm","floor":10,"turns":1},{"damage":0,"enemies":"Looter","floor":11,"turns":4},{"damage":8,"enemies":"3 Sentries","floor":12,"turns":7},{"damage":0,"enemies":"Slime Boss","floor":16,"turns":1},{"damage":0,"enemies":"3 Byrds","floor":18,"turns":1},{"damage":9,"enemies":"Spheric Guardian","floor":20,"turns":3},{"damage":0,"enemies":"Gremlin Leader","floor":23,"turns":1},{"damage":0,"enemies":"Book of Stabbing","floor":24,"turns":1},{"damage":43,"enemies":"Masked Bandits","floor":25,"turns":6},{"damage":108,"enemies":"Champ","floor":33,"turns":20}],"seed_played":"6885132058046751979","potions_obtained":[{"floor":10,"key":"MagicPotion:ReiMu"},{"floor":11,"key":"PowerPotion"},{"floor":12,"key":"Block Potion"}],"is_trial":true,"path_per_floor":["M","WH","?","$","M","R","E","R","T","M","M","E","WH","$","R","B",null,"M","WH","M","$","?","E","E","?","T","R","$","?","?","$","R","B"],"character_chosen":"DOCTOR_CLASS","items_purchased":["ats:Burning Ground","ats:Calcification+1","ats:Shell Defense"],"campfire_rested":2,"item_purchase_floors":[4,14,21],"current_hp_per_floor":[72,72,72,72,72,72,72,72,72,72,72,64,64,64,64,64,72,72,72,63,63,63,63,63,26,26,47,47,47,47,47,68,0,0],"gold":41,"neow_bonus":"THREE_ENEMY_KILL","is_daily":false,"chose_seed":false,"campfire_upgraded":3,"win_rate":0.0,"timestamp":1610523704,"path_taken":["M","WH","?","$","M","R","E","R","T","M","?","E","WH","$","R","BOSS","M","WH","M","$","?","E","E","?","T","R","$","?","?","$","R","BOSS"],"items_purchased_type":["Card","Card","Card"],"build_version":"2020-12-22","purchased_purges":3,"victory":false,"max_hp_per_floor":[72,72,72,72,72,72,72,72,72,72,72,72,72,72,72,72,72,72,72,72,72,72,72,72,72,72,72,72,72,72,72,72,72,72],"card_choices":[{"not_picked":["ats:Apocalypse","ats:Flexible Camouflage"],"picked":"ats:Ignite","floor":1},{"not_picked":["ats:Cat Scratch","ats:Revitalization"],"picked":"ats:Automatic Cover","floor":5},{"not_picked":["ats:Hammer On","ats:Assault Order"],"picked":"ats:Composite Medical Shells","floor":7},{"not_picked":["ats:Assault Order","ats:Leaping Hammer"],"picked":"ats:Ignite","floor":10},{"not_picked":["ats:Flexible Camouflage","ats:Demon Strength","ats:Neurotoxin"],"picked":"SKIP","floor":11},{"not_picked":["ats:Blood Oath","ats:Powerful Strike","ats:Curse Doll"],"picked":"SKIP","floor":12},{"not_picked":["ats:Blood Oath","ats:Flexible Camouflage","ats:Assault Order"],"picked":"SKIP","floor":18},{"not_picked":["ats:Overload","ats:Collapsing Strike"],"picked":"ats:Shadow Raid+1","floor":20},{"not_picked":["ats:Cat Scratch","ats:Flexible Camouflage"],"picked":"ats:Ignite","floor":23},{"not_picked":["ats:Soul Rend","ats:Leaping Hammer","ats:Flexible Camouflage+1"],"picked":"SKIP","floor":24},{"not_picked":["ats:Childhood Dance","ats:Curse Doll"],"picked":"ats:Ignite","floor":25}],"player_experience":93219,"relics_obtained":[{"floor":7,"key":"ats:Originium"},{"floor":7,"key":"ats:Ability Aura"},{"floor":9,"key":"Oddly Smooth Stone"},{"floor":12,"key":"ats:Originium"},{"floor":12,"key":"Happy Flower"},{"floor":23,"key":"ats:Originium"},{"floor":23,"key":"Shovel"},{"floor":24,"key":"ats:Lavender"},{"floor":25,"key":"Red Mask"},{"floor":26,"key":"HollowMod:StagPassRelic"}],"event_choices":[{"cards_removed":["ats:Strike V"],"damage_healed":0,"gold_gain":0,"player_choice":"Offered Basic","damage_taken":0,"max_hp_gain":0,"max_hp_loss":0,"event_name":"Bonfire Elementals","floor":3,"gold_loss":0},{"damage_healed":0,"gold_gain":0,"player_choice":"Ignored","damage_taken":0,"max_hp_gain":0,"max_hp_loss":0,"event_name":"Vampires","floor":22,"gold_loss":0},{"damage_healed":0,"gold_gain":0,"player_choice":"Fought Bandits","damage_taken":0,"max_hp_gain":0,"max_hp_loss":0,"event_name":"Masked Bandits","floor":25,"gold_loss":0},{"damage_healed":0,"gold_gain":0,"player_choice":"Ignored","damage_taken":0,"max_hp_gain":0,"max_hp_loss":0,"event_name":"Ghosts","floor":29,"gold_loss":0},{"damage_healed":0,"gold_gain":0,"player_choice":"Read","damage_taken":0,"max_hp_gain":0,"max_hp_loss":0,"event_name":"The Library","floor":30,"gold_loss":0,"cards_obtained":["ats:Soul Absorption"]}],"is_beta":false,"boss_relics":[{"not_picked":["Replay:Bronze Core","Replay:Drink Me","Painkiller Herb"]}],"items_purged_floors":[21,21,28],"is_endless":false,"potions_floor_spawned":[10,11,12,20,23,24,25],"killed_by":"Champ","ascension_level":0}}