{"host":"9fpqyohhfgykisug","time":1610553108,"event":{"mods":["BaseMod","Block Reminder","DeckTracker","Highlight Path","Minty Spire (QoL Compilation)","Permanent Neow","Quick Restart"],"gold_per_floor":[118,118,136,136,154,154,489,506,506,519,0,0,16,16,16,112,112,84,97,9,9,9,9,25,40,40,40,13,27,27,0,0,105,105,120,0,0,0,18,18,35,35,35,83,94,105,118,150,150,150],"floor_reached":51,"language":"PTB","playtime":2922,"items_purged":[],"score":754,"play_id":"58720898-a39d-41d4-bb4e-f49a52d9c27a","local_time":"20210113125148","is_ascension_mode":false,"campfire_choices":[{"data":"Prepared","floor":6,"key":"SMITH"},{"floor":12,"key":"REST"},{"floor":15,"key":"REST"},{"data":"1","floor":23,"key":"LIFT"},{"data":"2","floor":27,"key":"LIFT"},{"data":"3","floor":32,"key":"LIFT"},{"data":"Burst","floor":40,"key":"SMITH"},{"data":"Blade Dance","floor":42,"key":"SMITH"},{"data":"Calculated Gamble","floor":49,"key":"SMITH"}],"circlet_count":0,"master_deck":["Strike_G","Strike_G","Strike_G","Strike_G","Defend_G","Defend_G","Defend_G","Defend_G","Defend_G","Survivor","Neutralize","Prepared+1","Backflip","Dash","Quick Slash","Riddle With Holes","Skewer+1","Panache","Dagger Throw","Burst+1","Calculated Gamble+1","Heel Hook+1","Blade Dance+1","Endless Agony","Underhanded Strike","Acrobatics","Prepared","PiercingWail","Dagger Spray","Shame","Phantasmal Killer","Acrobatics+1","Dagger Spray+1","Infinite Blades+1","Riddle With Holes+1","Masterful Stab+1","Sucker Punch+1","Backflip+1"],"relics":["SlaversCollar","Ornamental Fan","Old Coin","Tingsha","Girya","Coffee Dripper","MutagenicStrength","Sundial","Mango","WristBlade","Red Mask","Tough Bandages","Oddly Smooth Stone","Shuriken"],"acts_visited":["Exordium","TheCity","TheBeyond"],"potions_floor_usage":[24,45,48,50,50],"damage_taken":[{"damage":0,"enemies":"2 Louse","floor":1,"turns":4},{"damage":1,"enemies":"Cultist","floor":3,"turns":4},{"damage":0,"enemies":"Small Slimes","floor":5,"turns":5},{"damage":39,"enemies":"Lagavulin","floor":7,"turns":14},{"damage":3,"enemies":"Red Slaver","floor":8,"turns":4},{"damage":0,"enemies":"3 Louse","floor":10,"turns":3},{"damage":12,"enemies":"Exordium Wildlife","floor":13,"turns":7},{"damage":0,"enemies":"Slime Boss","floor":16,"turns":6},{"damage":18,"enemies":"2 Thieves","floor":18,"turns":5},{"damage":10,"enemies":"Spheric Guardian","floor":19,"turns":3},{"damage":15,"enemies":"Snake Plant","floor":24,"turns":4},{"damage":4,"enemies":"Centurion and Healer","floor":25,"turns":4},{"damage":3,"enemies":"Shelled Parasite and Fungi","floor":29,"turns":4},{"damage":40,"enemies":"Automaton","floor":33,"turns":5},{"damage":0,"enemies":"3 Darklings","floor":35,"turns":4},{"damage":25,"enemies":"3 Shapes","floor":39,"turns":3},{"damage":5,"enemies":"Spire Growth","floor":41,"turns":3},{"damage":0,"enemies":"Transient","floor":45,"turns":5},{"damage":0,"enemies":"3 Darklings","floor":46,"turns":3},{"damage":0,"enemies":"Spire Growth","floor":47,"turns":3},{"damage":0,"enemies":"Reptomancer","floor":48,"turns":3},{"damage":24,"enemies":"Donu and Deca","floor":50,"turns":4}],"seed_played":"8266113534507050763","potions_obtained":[{"floor":1,"key":"Weak Potion"},{"floor":13,"key":"Regen Potion"},{"floor":16,"key":"EssenceOfSteel"},{"floor":18,"key":"CunningPotion"},{"floor":24,"key":"AttackPotion"},{"floor":35,"key":"Regen Potion"},{"floor":46,"key":"SteroidPotion"},{"floor":48,"key":"BlessingOfTheForge"}],"is_trial":false,"path_per_floor":["M","?","M","?","M","R","E","M","T","M","$","R","M","?","R","B",null,"M","M","$","?","?","R","M","M","T","R","$","M","?","?","R","B",null,"M","?","?","$","M","R","M","R","T","T","M","M","M","E","R","B",null],"character_chosen":"THE_SILENT","items_purchased":["Panache","Girya","Fire Potion","Blade Dance","Endless Agony","PiercingWail"],"campfire_rested":2,"item_purchase_floors":[11,11,11,20,20,28],"current_hp_per_floor":[70,70,69,69,69,69,30,27,27,27,27,48,36,36,57,57,70,52,42,42,42,42,42,39,35,35,35,35,32,46,46,46,6,84,84,84,84,84,59,59,54,54,54,54,68,68,68,68,68,44],"gold":150,"neow_bonus":"BOSS_RELIC","is_daily":false,"chose_seed":false,"campfire_upgraded":4,"win_rate":0.0,"timestamp":1610553108,"path_taken":["M","?","M","?","?","R","E","M","T","M","$","R","M","?","R","BOSS","M","M","$","?","?","R","?","M","T","R","$","M","?","?","R","BOSS","M","?","?","$","M","R","M","R","T","?","M","?","M","E","R","BOSS"],"items_purchased_type":["Card","Relic","Potion","Card","Card","Card"],"build_version":"2020-12-22","purchased_purges":0,"victory":true,"max_hp_per_floor":[70,70,70,70,70,70,70,70,70,70,70,70,70,70,70,70,70,70,70,70,70,70,70,70,70,70,70,70,70,84,84,84,84,84,84,84,84,84,84,84,84,84,84,84,84,84,84,84,84,84],"card_choices":[{"not_picked":["Masterful Stab","Well Laid Plans"],"picked":"Prepared","floor":1},{"not_picked":["Flying Knee","Acrobatics"],"picked":"Backflip","floor":3},{"not_picked":["PiercingWail","Poisoned Stab"],"picked":"Dash","floor":5},{"not_picked":["Flying Knee","Flechettes"],"picked":"Quick Slash","floor":7},{"not_picked":["Distraction","Choke"],"picked":"Riddle With Holes","floor":8},{"not_picked":["Quick Slash","Flying Knee"],"picked":"Skewer","floor":10},{"not_picked":["Deflect","Prepared"],"picked":"Dagger Throw","floor":13},{"not_picked":["Adrenaline","Malaise"],"picked":"Burst","floor":16},{"not_picked":["Quick Slash+1","Backstab"],"picked":"Calculated Gamble","floor":18},{"not_picked":["Dodge and Roll","Poisoned Stab"],"picked":"Heel Hook+1","floor":19},{"not_picked":["Sucker Punch","PiercingWail"],"picked":"Acrobatics","floor":24},{"not_picked":["Deflect","Acrobatics"],"picked":"Prepared","floor":25},{"not_picked":["Quick Slash","Envenom"],"picked":"Dagger Spray","floor":29},{"not_picked":["Glass Knife","Adrenaline"],"picked":"Phantasmal Killer","floor":33},{"not_picked":["Sucker Punch+1","Underhanded Strike"],"picked":"Acrobatics+1","floor":35},{"not_picked":["Terror","Backstab+1"],"picked":"Dagger Spray+1","floor":39},{"not_picked":["Masterful Stab+1","Skewer+1"],"picked":"Infinite Blades+1","floor":41},{"not_picked":["Noxious Fumes","Predator+1"],"picked":"Riddle With Holes+1","floor":45},{"not_picked":["Sucker Punch","Underhanded Strike+1"],"picked":"Masterful Stab+1","floor":46},{"not_picked":["Footwork+1","Deadly Poison+1"],"picked":"Sucker Punch+1","floor":47},{"not_picked":["Dash+1","Predator"],"picked":"Backflip+1","floor":48}],"player_experience":37349,"relics_obtained":[{"floor":7,"key":"Old Coin"},{"floor":9,"key":"Tingsha"},{"floor":26,"key":"Sundial"},{"floor":43,"key":"Tough Bandages"},{"floor":44,"key":"Oddly Smooth Stone"},{"floor":48,"key":"Shuriken"}],"event_choices":[{"damage_healed":0,"gold_gain":0,"player_choice":"Leave","damage_taken":0,"max_hp_gain":0,"max_hp_loss":0,"event_name":"The Cleric","floor":2,"gold_loss":0},{"damage_healed":0,"gold_gain":0,"player_choice":"Gave Potion","damage_taken":0,"relics_obtained":["Ornamental Fan"],"max_hp_gain":0,"max_hp_loss":0,"event_name":"WeMeetAgain","floor":4,"gold_loss":0},{"damage_healed":0,"gold_gain":0,"player_choice":"Upgraded","damage_taken":0,"max_hp_gain":0,"max_hp_loss":0,"event_name":"Upgrade Shrine","floor":14,"gold_loss":0,"cards_upgraded":["Skewer"]},{"damage_healed":0,"gold_gain":0,"player_choice":"Inject Mutagens","damage_taken":0,"relics_obtained":["MutagenicStrength"],"max_hp_gain":0,"max_hp_loss":0,"event_name":"Drug Dealer","floor":21,"gold_loss":0},{"damage_healed":0,"gold_gain":0,"player_choice":"Read","damage_taken":0,"max_hp_gain":0,"max_hp_loss":0,"event_name":"The Library","floor":22,"gold_loss":0,"cards_obtained":["Underhanded Strike"]},{"damage_healed":0,"gold_gain":0,"player_choice":"Stole Relic","damage_taken":0,"relics_obtained":["Mango"],"max_hp_gain":0,"max_hp_loss":0,"event_name":"Addict","floor":30,"gold_loss":0,"cards_obtained":["Shame"]},{"damage_healed":0,"gold_gain":0,"player_choice":"Paid Fearfully","damage_taken":0,"max_hp_gain":0,"max_hp_loss":0,"event_name":"Masked Bandits","floor":31,"gold_loss":27},{"damage_healed":0,"gold_gain":0,"player_choice":"Paid","damage_taken":0,"relics_obtained":["Red Mask"],"max_hp_gain":0,"max_hp_loss":0,"event_name":"Tomb of Lord Red Mask","floor":36,"gold_loss":120},{"cards_removed":["Strike_G"],"damage_healed":0,"gold_gain":0,"player_choice":"Removed Attack","damage_taken":0,"max_hp_gain":0,"max_hp_loss":0,"event_name":"Falling","floor":37,"gold_loss":0}],"is_beta":false,"boss_relics":[{"not_picked":["Runic Dome","Empty Cage"],"picked":"Coffee Dripper"},{"not_picked":["Calling Bell","SacredBark"],"picked":"WristBlade"}],"items_purged_floors":[],"is_endless":false,"potions_floor_spawned":[1,13,16,18,24,29,35,46,48],"ascension_level":0}}