{"host":"6i1e8tv3jhx3lrt3","time":1610526954,"event":{"mods":["Act Like it!","BaseMod","Colored Map","Downfall","Energized Spire","Gensokyo","Minty Spire (QoL Compilation)","Red Circlet Mod","Relic Stats","Replay The Spire","RumiaBox-露米娅的神秘盒子","StSLib","[IsaacMod]以撒尖塔","【功能Mod】混沌之环修复补丁"],"gold_per_floor":[115,165,55,73,84,84,84,84,84,84,84],"floor_reached":10,"language":"ZHS","playtime":663,"items_purged":["Strike_G"],"score":59,"play_id":"a28bd675-25da-4626-88ce-9bb41a56ac3a","local_time":"20210113163554","is_ascension_mode":true,"campfire_choices":[{"data":"DoctorFetus","floor":7,"key":"SMITH"}],"circlet_count":0,"master_deck":["Strike_G","Strike_G","Strike_G","Strike_G","Defend_G","Defend_G","Defend_G","Defend_G","Defend_G","Survivor","Neutralize","DoctorFetus+1","Noxious Fumes","Well Laid Plans","Calculated Gamble","Poison Darts"],"relics":["HushsDoor","TheBean","SacredBark","Replay:Bottled Snecko","Bag of Preparation","Gensokyo:Mercy","Ring of Peace","Letter Opener"],"acts_visited":["Exordium"],"potions_floor_usage":[],"damage_taken":[{"damage":5,"enemies":"Gensokyo:2_Kodama","floor":1,"turns":3},{"damage":34,"enemies":"Hiden Room Battle","floor":2,"turns":4},{"damage":4,"enemies":"Gensokyo:Python","floor":4,"turns":4},{"damage":1,"enemies":"Gensokyo:Gryphon","floor":5,"turns":4},{"damage":26,"enemies":"Gensokyo:Cirno","floor":10,"turns":5}],"seed_played":"4818294418263322628","potions_obtained":[{"floor":4,"key":"SpeedPotion"}],"is_trial":false,"path_per_floor":["M","?","$","M","M","?","R","?","T","E"],"character_chosen":"THE_SILENT","items_purchased":["Well Laid Plans"],"campfire_rested":0,"item_purchase_floors":[3],"current_hp_per_floor":[65,31,31,27,26,26,26,26,26,0,0],"gold":84,"neow_bonus":"BOSS_RELIC","is_daily":false,"chose_seed":false,"campfire_upgraded":1,"win_rate":0.0,"timestamp":1610526954,"path_taken":["M","?","?","?","M","?","R","?","T","E"],"items_purchased_type":["Card"],"build_version":"2020-12-22","purchased_purges":1,"victory":false,"max_hp_per_floor":[70,70,70,70,70,70,70,70,70,70,70],"relic_stats":{"counters":[5,20],"Bag of Preparation":[6],"Letter Opener":[0],"obtain_stats":[{"KeepersGift":0,"TheBean":0,"Gensokyo:Mercy":6,"SacredBark":0,"Ring of Peace":8,"Bag of Preparation":2,"Replay:Bottled Snecko":2,"Letter Opener":9,"HushsDoor":0,"Ring of the Snake":0},{"KeepersGift":0,"TheBean":0,"Gensokyo:Mercy":4,"SacredBark":0,"Ring of Peace":4,"Bag of Preparation":2,"Replay:Bottled Snecko":2,"Letter Opener":4,"HushsDoor":0,"Ring of the Snake":0},{"KeepersGift":0,"TheBean":0,"Gensokyo:Mercy":15,"SacredBark":0,"Ring of Peace":15,"Bag of Preparation":7,"Replay:Bottled Snecko":7,"Letter Opener":15,"HushsDoor":0,"Ring of the Snake":0}]},"card_choices":[{"not_picked":[],"picked":"DoctorFetus","floor":0},{"not_picked":["Terror","Eviscerate"],"picked":"Noxious Fumes","floor":1},{"not_picked":["Flechettes","Reflex"],"picked":"Poisoned Stab","floor":2},{"not_picked":["Flying Knee","Dagger Spray"],"picked":"Calculated Gamble","floor":4},{"not_picked":["Cloak And Dagger","Quick Slash"],"picked":"Poison Darts","floor":5}],"player_experience":137083,"relics_obtained":[{"floor":2,"key":"Replay:Bottled Snecko"},{"floor":2,"key":"Bag of Preparation"},{"floor":8,"key":"Ring of Peace"},{"floor":9,"key":"Letter Opener"}],"event_choices":[{"damage_healed":0,"gold_gain":0,"player_choice":"Fight","damage_taken":0,"max_hp_gain":0,"max_hp_loss":0,"event_name":"HidenRoomEvent","floor":2,"gold_loss":0}],"is_beta":false,"boss_relics":[],"items_purged_floors":[3],"is_endless":false,"potions_floor_spawned":[4],"killed_by":"Gensokyo:Cirno","ascension_level":1}}