{"host":"25fn74ijs2305xd4","time":1610555500,"event":{"mods":["AchievementEnabler","BaseMod","Colored Map","Colored Powertips","Dark Map","Minty Spire (QoL Compilation)","Relic Stats","StSLib"],"gold_per_floor":[109,121,133,152,152,152,177,177,201,201,218,218,244,54,54,159,159,174,186,203,213,213,213],"floor_reached":22,"language":"POL","playtime":889,"items_purged":[],"score":216,"play_id":"ad197d32-2545-42ac-9c1c-4e05b907fe90","local_time":"20210113173140","is_ascension_mode":true,"campfire_choices":[{"data":"Disarm","floor":6,"key":"SMITH"},{"data":"Disarm","floor":8,"key":"SMITH"},{"floor":10,"key":"REST"},{"data":"Bash","floor":12,"key":"SMITH"},{"floor":15,"key":"REST"}],"circlet_count":0,"master_deck":["Strike_R","Strike_R","Strike_R","Strike_R","Strike_R","Defend_R","Defend_R","Defend_R","Defend_R","Bash+1","Shrug It Off","Disarm+1","Clash","Disarm+1","Pommel Strike","Apotheosis","Exhume","Disarm+1","Anger","Metallicize"],"relics":["SlaversCollar","Bronze Scales","Orichalcum","Anchor","Black Star"],"acts_visited":["Exordium","TheCity"],"potions_floor_usage":[20,20],"damage_taken":[{"damage":1,"enemies":"Cultist","floor":1,"turns":4},{"damage":0,"enemies":"Small Slimes","floor":2,"turns":5},{"damage":3,"enemies":"Jaw Worm","floor":3,"turns":5},{"damage":26,"enemies":"3 Louse","floor":4,"turns":5},{"damage":16,"enemies":"Lagavulin","floor":7,"turns":8},{"damage":13,"enemies":"Exordium Wildlife","floor":11,"turns":7},{"damage":4,"enemies":"The Guardian","floor":16,"turns":8},{"damage":0,"enemies":"Shell Parasite","floor":18,"turns":5},{"damage":0,"enemies":"3 Byrds","floor":19,"turns":3},{"damage":22,"enemies":"3 Cultists","floor":20,"turns":6},{"damage":11,"enemies":"Centurion and Healer","floor":21,"turns":9},{"damage":60,"enemies":"Cultist and Chosen","floor":22,"turns":5}],"seed_played":"-3032257613255272559","potions_obtained":[{"floor":1,"key":"SkillPotion"},{"floor":4,"key":"SkillPotion"},{"floor":7,"key":"SteroidPotion"}],"is_trial":false,"path_per_floor":["M","M","M","M","?","R","E","R","T","R","M","R","T","$","R","B",null,"M","M","M","M","M"],"character_chosen":"IRONCLAD","items_purchased":["Apotheosis"],"campfire_rested":2,"item_purchase_floors":[14],"current_hp_per_floor":[79,79,76,50,55,55,39,39,39,63,50,50,50,50,74,70,80,80,80,58,47,0,0],"gold":213,"neow_bonus":"BOSS_RELIC","is_daily":false,"chose_seed":false,"campfire_upgraded":3,"win_rate":0.0,"timestamp":1610555500,"path_taken":["M","M","M","M","?","R","E","R","T","R","?","R","?","$","R","BOSS","M","?","M","M","M"],"items_purchased_type":["Card"],"build_version":"2020-12-22","purchased_purges":0,"victory":false,"max_hp_per_floor":[80,80,80,80,80,80,80,80,80,80,80,80,80,80,80,80,80,80,80,80,80,80,80],"relic_stats":{"counters":[12,70],"Bronze Scales":[185],"Black Star":0,"Orichalcum":[66],"obtain_stats":[{"SlaversCollar":0,"Anchor":13,"Bronze Scales":7,"Black Star":17,"Orichalcum":9,"Burning Blood":0},{"SlaversCollar":0,"Anchor":6,"Bronze Scales":5,"Black Star":7,"Orichalcum":5,"Burning Blood":0},{"SlaversCollar":0,"Anchor":34,"Bronze Scales":27,"Black Star":42,"Orichalcum":27,"Burning Blood":0}]},"card_choices":[{"not_picked":["Perfected Strike","Headbutt"],"picked":"Shrug It Off","floor":1},{"not_picked":["Iron Wave","Thunderclap"],"picked":"Disarm","floor":2},{"not_picked":["Searing Blow","Burning Pact"],"picked":"Headbutt","floor":3},{"not_picked":["Warcry","Seeing Red"],"picked":"Clash","floor":4},{"not_picked":["Shrug It Off","Evolve"],"picked":"Disarm","floor":7},{"not_picked":["Anger","Warcry"],"picked":"Pommel Strike","floor":11},{"not_picked":["Limit Break","Impervious"],"picked":"Exhume","floor":16},{"not_picked":["Metallicize","Headbutt"],"picked":"Disarm+1","floor":18},{"not_picked":["Searing Blow","Cleave"],"picked":"Anger","floor":19},{"not_picked":["Perfected Strike","Headbutt+1","Dual Wield"],"picked":"SKIP","floor":20},{"not_picked":["Flex","Exhume"],"picked":"Metallicize","floor":21}],"player_experience":57651,"relics_obtained":[{"floor":7,"key":"Bronze Scales"},{"floor":9,"key":"Orichalcum"},{"floor":13,"key":"Anchor"}],"event_choices":[{"cards_removed":["Headbutt"],"damage_healed":5,"gold_gain":0,"player_choice":"Offered Common","damage_taken":0,"max_hp_gain":0,"max_hp_loss":0,"event_name":"Bonfire Elementals","floor":5,"gold_loss":0},{"cards_removed":["Headbutt"],"damage_healed":5,"gold_gain":0,"player_choice":"Offered Special","damage_taken":0,"max_hp_gain":0,"max_hp_loss":0,"event_name":"Bonfire Elementals","floor":5,"gold_loss":0}],"is_beta":false,"boss_relics":[{"not_picked":["Sozu","Ectoplasm"],"picked":"Black Star"}],"items_purged_floors":[],"is_endless":false,"potions_floor_spawned":[1,4,7,18],"killed_by":"Cultist and Chosen","ascension_level":3}}