{"host":"sum4dy402bbv9y4o","time":1610558732,"event":{"mods":["Aspiration","BaseMod","Conspire","Highlight Path","Minty Spire (QoL Compilation)","StSLib"],"gold_per_floor":[17,17,29,29,43,43,43,75,75,93,122,141,151,165,165,240,240,257,44,55,55,55,80,80,91,91,91,104,132,149,168,168,168,168],"floor_reached":33,"language":"ENG","playtime":1446,"items_purged":["Injury"],"score":602,"play_id":"8536a3e7-6e66-4daa-b1ce-56cf332fae77","local_time":"20210113202532","is_ascension_mode":true,"campfire_choices":[{"data":"Glass Knife","floor":6,"key":"SMITH"},{"data":"Envenom","floor":15,"key":"SMITH"},{"floor":24,"key":"REST"},{"floor":32,"key":"REST"}],"circlet_count":0,"master_deck":["AscendersBane","Strike_G+1","Defend_G+1","Defend_G+1","Defend_G+1","Survivor","Neutralize","Expertise","Glass Knife+1","Dagger Throw","Dodge and Roll","Blur","Poisoned Stab+1","Dagger Throw+1","Dodge and Roll","Corpse Explosion","Envenom+1","Glass Knife+1","All Out Attack+1","Burst+1","Prepared+1","Deflect","Bane+1","Dodge and Roll","Deflect","Dash+1","Deflect","Dagger Spray+1"],"relics":["Ring of the Snake","Molten Egg 2","Toy Ornithopter","FossilizedHelix","aspiration:AnachronicSnailShell","Astrolabe","MutagenicStrength","Oddly Smooth Stone","Peace Pipe","Shovel"],"acts_visited":["Exordium","TheCity"],"potions_floor_usage":[8,12,18,23,29,29,33],"damage_taken":[{"damage":1,"enemies":"2 Louse","floor":1,"turns":3},{"damage":1,"enemies":"Small Slimes","floor":3,"turns":3},{"damage":3,"enemies":"Jaw Worm","floor":5,"turns":6},{"damage":18,"enemies":"3 Sentries","floor":8,"turns":10},{"damage":3,"enemies":"Lots of Slimes","floor":10,"turns":4},{"damage":6,"enemies":"Lagavulin","floor":11,"turns":5},{"damage":1,"enemies":"Exordium Wildlife","floor":12,"turns":4},{"damage":0,"enemies":"3 Louse","floor":13,"turns":2},{"damage":0,"enemies":"Blue Slaver","floor":14,"turns":2},{"damage":14,"enemies":"The Guardian","floor":16,"turns":11},{"damage":11,"enemies":"2 Thieves","floor":18,"turns":3},{"damage":3,"enemies":"Shell Parasite","floor":20,"turns":4},{"damage":32,"enemies":"Gremlin Leader","floor":23,"turns":6},{"damage":5,"enemies":"Cultist and Chosen","floor":25,"turns":4},{"damage":0,"enemies":"Snecko","floor":28,"turns":6},{"damage":42,"enemies":"Book of Stabbing","floor":29,"turns":6},{"damage":0,"enemies":"Centurion and Healer","floor":30,"turns":5},{"damage":0,"enemies":"Snake Plant","floor":31,"turns":5},{"damage":32,"enemies":"conspire:MysteriousRune","floor":33,"turns":7}],"seed_played":"-2983646302523105006","potions_obtained":[{"floor":1,"key":"Dexterity Potion"},{"floor":11,"key":"SkillPotion"},{"floor":12,"key":"GamblersBrew"},{"floor":16,"key":"Dexterity Potion"},{"floor":23,"key":"conspire:TimeTravelPotion"},{"floor":25,"key":"LiquidMemories"},{"floor":29,"key":"FearPotion"}],"is_trial":false,"path_per_floor":["M","?","M","?","M","R","?","E","T","M","E","M","M","M","R","B",null,"M","$","M","?","?","E","R","M","T","?","M","E","M","M","R","B"],"character_chosen":"THE_SILENT","items_purchased":["Bane+1","Dodge and Roll","Deflect"],"campfire_rested":2,"item_purchase_floors":[19,19,19],"current_hp_per_floor":[58,51,50,50,47,47,43,25,25,22,16,20,20,20,20,6,51,45,45,42,42,42,15,34,29,29,29,29,8,8,8,27,0,0],"gold":168,"neow_bonus":"TRANSFORM_TWO_CARDS","is_daily":false,"chose_seed":false,"campfire_upgraded":2,"win_rate":0.0,"timestamp":1610558732,"path_taken":["M","?","M","?","M","R","?","E","T","?","E","?","M","M","R","BOSS","M","$","M","?","?","E","R","M","T","?","M","E","M","M","R","BOSS"],"items_purchased_type":["Card","Card","Card"],"build_version":"2020-12-22","purchased_purges":1,"victory":false,"max_hp_per_floor":[66,66,66,66,66,66,66,66,66,66,66,66,66,66,66,66,66,66,66,66,66,66,66,66,66,66,66,66,66,66,66,66,66,66],"card_choices":[{"not_picked":["Accuracy","Quick Slash"],"picked":"Dagger Throw","floor":1},{"not_picked":["Bane","Quick Slash"],"picked":"Dodge and Roll","floor":3},{"not_picked":["Distraction","Backstab+1"],"picked":"Blur","floor":5},{"not_picked":["conspire:DoublingDagger","Deadly Poison"],"picked":"Poisoned Stab+1","floor":8},{"not_picked":["PiercingWail","Infinite Blades"],"picked":"Dagger Throw+1","floor":10},{"not_picked":["Quick Slash+1","Distraction"],"picked":"Dodge and Roll","floor":11},{"not_picked":["Dodge and Roll","Underhanded Strike+1"],"picked":"Corpse Explosion","floor":12},{"not_picked":["Crippling Poison","Deadly Poison","Backflip"],"picked":"SKIP","floor":13},{"not_picked":["Prepared","Escape Plan"],"picked":"Envenom","floor":14},{"not_picked":["Wraith Form v2","A Thousand Cuts"],"picked":"Glass Knife+1","floor":16},{"not_picked":["Quick Slash+1","Accuracy"],"picked":"Deflect","floor":18},{"not_picked":["Backflip","Quick Slash+1"],"picked":"Dash+1","floor":20},{"not_picked":["Dodge and Roll","Flying Knee+1"],"picked":"Deflect","floor":23},{"not_picked":["Dodge and Roll","Expertise","PiercingWail"],"picked":"SKIP","floor":25},{"not_picked":["Outmaneuver","Cloak And Dagger"],"picked":"Dagger Spray+1","floor":28},{"not_picked":["Quick Slash+1","Glass Knife+1","Underhanded Strike+1"],"picked":"SKIP","floor":29},{"not_picked":["Poisoned Stab+1","Quick Slash+1","Heel Hook+1"],"picked":"SKIP","floor":30},{"not_picked":["Underhanded Strike+1","Poisoned Stab+1","PiercingWail"],"picked":"SKIP","floor":31}],"player_experience":2932354,"relics_obtained":[{"floor":8,"key":"Toy Ornithopter"},{"floor":9,"key":"FossilizedHelix"},{"floor":11,"key":"aspiration:AnachronicSnailShell"},{"floor":23,"key":"Oddly Smooth Stone"},{"floor":26,"key":"Peace Pipe"},{"floor":29,"key":"Shovel"}],"event_choices":[{"cards_removed":["Strike_G"],"damage_healed":0,"gold_gain":0,"player_choice":"Card Removal","damage_taken":7,"max_hp_gain":0,"max_hp_loss":0,"event_name":"Golden Wing","floor":2,"gold_loss":0},{"damage_healed":0,"gold_gain":0,"player_choice":"Leave","damage_taken":0,"max_hp_gain":0,"max_hp_loss":0,"event_name":"conspire:Investor","floor":7,"gold_loss":0},{"damage_healed":0,"gold_gain":0,"player_choice":"Ignored","damage_taken":0,"max_hp_gain":0,"max_hp_loss":0,"event_name":"Ghosts","floor":21,"gold_loss":0},{"damage_healed":0,"gold_gain":0,"player_choice":"Inject Mutagens","damage_taken":0,"relics_obtained":["MutagenicStrength"],"max_hp_gain":0,"max_hp_loss":0,"event_name":"Drug Dealer","floor":22,"gold_loss":0},{"damage_healed":0,"gold_gain":0,"player_choice":"Simplicity","damage_taken":0,"max_hp_gain":0,"max_hp_loss":0,"event_name":"Back to Basics","floor":27,"gold_loss":0,"cards_upgraded":["Strike_G","Defend_G","Defend_G","Defend_G"]}],"is_beta":false,"boss_relics":[{"not_picked":["Ring of the Serpent","SacredBark"],"picked":"Astrolabe"}],"items_purged_floors":[19],"is_endless":false,"potions_floor_spawned":[1,11,12,16,23,25,29],"killed_by":"conspire:MysteriousRune","ascension_level":20}}