{"host":"Connor","time":1610535776,"event":{"mods":["Aspiration","BaseMod","Downfall","Hubris","Marisa????????","Minty Spire (QoL Compilation)","Replay The Spire","StSLib","The Cursed","The Jungle","The Servant 0.9.4"],"gold_per_floor":[116,266,280,183,195,195,195,211,292,307,307,22,22,37,37,135,135,148,148,166,91,181,181,212,235,285,285,285],"floor_reached":27,"language":"ENG","playtime":763,"items_purged":["Doubt"],"score":435,"play_id":"7f540d68-79cb-485e-b3b9-dea1011c07a4","local_time":"20210113030256","is_ascension_mode":true,"campfire_choices":[{"data":"Discovery","floor":6,"key":"SMITH"},{"floor":11,"key":"REST"},{"floor":15,"key":"REST"},{"floor":23,"key":"REST"}],"circlet_count":0,"master_deck":["AscendersBane","Strike_R","Strike_R+1","Strike_R+1","Strike_R","Defend_R","Defend_R","Defend_R","Defend_R","Bash","Panacea","Fire Breathing","Armaments","Discovery+1","Inflame","Eclipse","Chrysalis","Feed","Shrug It Off","Replay:Sssssssssstrike","Shockwave","Shrug It Off"],"relics":["Burning Blood","StrikeDummy","Golden Idol","Busted Crown","aspiration:RitualStick","Orichalcum"],"acts_visited":["Exordium","TheCity"],"potions_floor_usage":[16,27],"damage_taken":[{"damage":9,"enemies":"Small Slimes","floor":1,"turns":4},{"damage":11,"enemies":"Jaw Worm","floor":3,"turns":5},{"damage":9,"enemies":"2 Louse","floor":5,"turns":3},{"damage":14,"enemies":"Gremlin Gang","floor":8,"turns":5},{"damage":8,"enemies":"Blue Slaver","floor":10,"turns":4},{"damage":10,"enemies":"2 Fungi Beasts","floor":14,"turns":4},{"damage":1,"enemies":"Slime Boss","floor":16,"turns":8},{"damage":11,"enemies":"Spheric Guardian","floor":18,"turns":4},{"damage":19,"enemies":"2 Thieves","floor":20,"turns":5},{"damage":52,"enemies":"Slavers","floor":24,"turns":6},{"damage":13,"enemies":"Centurion and Healer","floor":25,"turns":5},{"damage":23,"enemies":"Snecko","floor":27,"turns":5}],"seed_played":"4954709452947997097","potions_obtained":[{"floor":1,"key":"Energy Potion"},{"floor":3,"key":"FairyPotion"},{"floor":5,"key":"BlessingOfTheForge"},{"floor":16,"key":"Elixir"},{"floor":25,"key":"Guardian:BlockOnCardUsePotion"}],"is_trial":false,"path_per_floor":["M","?","M","$","M","R","?","M","T","M","R","$","?","M","R","B",null,"M","?","M","?","?","R","E","M","T","M"],"character_chosen":"IRONCLAD","items_purchased":["Discovery","Chrysalis"],"campfire_rested":3,"item_purchase_floors":[4,12],"current_hp_per_floor":[65,65,60,60,57,57,34,26,26,24,46,46,20,16,38,48,68,66,46,37,37,19,43,29,22,22,0,0],"gold":285,"neow_bonus":"COLORLESS_CARD","is_daily":false,"chose_seed":false,"campfire_upgraded":1,"win_rate":0.0,"timestamp":1610535776,"path_taken":["M","?","M","$","M","R","?","M","T","M","R","?","?","?","R","BOSS","M","?","M","?","?","R","E","M","T","M"],"items_purchased_type":["Card","Card"],"build_version":"2020-12-18","purchased_purges":1,"victory":false,"max_hp_per_floor":[75,75,75,75,75,75,75,75,75,75,75,75,75,75,75,75,75,78,78,82,82,82,82,82,82,82,82,82],"card_choices":[{"not_picked":["Wild Strike","Havoc"],"picked":"Fire Breathing","floor":1},{"not_picked":["Twin Strike","True Grit"],"picked":"Armaments","floor":3},{"not_picked":["Fire Breathing","Warcry"],"picked":"Inflame","floor":5},{"not_picked":["Fire Breathing","ReplayTheSpireMod:Strike From Hell"],"picked":"Eclipse","floor":8},{"not_picked":["ReplayTheSpireMod:LeadingStrike","Massacre","Flex"],"picked":"SKIP","floor":10},{"not_picked":["Cleave","ReplayTheSpireMod:Strike From Hell","Anger"],"picked":"SKIP","floor":14},{"not_picked":["Fiend Fire","Replay:Many Hands"],"picked":"Feed","floor":16},{"not_picked":[],"picked":"Shrug It Off","floor":18},{"not_picked":["Abandon"],"picked":"SKIP","floor":20},{"not_picked":[],"picked":"Shockwave","floor":24},{"not_picked":[],"picked":"Shrug It Off","floor":25}],"player_experience":624794,"relics_obtained":[{"floor":9,"key":"StrikeDummy"},{"floor":24,"key":"Orichalcum"}],"event_choices":[{"damage_healed":0,"gold_gain":150,"player_choice":"AGREE","damage_taken":0,"max_hp_gain":0,"max_hp_loss":0,"event_name":"Liars Game","floor":2,"gold_loss":0,"cards_obtained":["Doubt"]},{"damage_healed":0,"gold_gain":0,"player_choice":"Entered Light","damage_taken":23,"max_hp_gain":0,"max_hp_loss":0,"event_name":"Shining Light","floor":7,"gold_loss":0,"cards_upgraded":["Strike_R","Strike_R"]},{"damage_healed":0,"gold_gain":0,"player_choice":"Take Damage","damage_taken":26,"relics_obtained":["Golden Idol"],"max_hp_gain":0,"max_hp_loss":0,"event_name":"Golden Idol","floor":13,"gold_loss":0},{"cards_removed":["Strike_R"],"damage_healed":0,"gold_gain":0,"player_choice":"Gave Gold","damage_taken":0,"max_hp_gain":0,"max_hp_loss":0,"event_name":"Beggar","floor":21,"gold_loss":75},{"damage_healed":0,"gold_gain":90,"player_choice":"GOLD CARD ","damage_taken":18,"max_hp_gain":0,"max_hp_loss":0,"event_name":"Knowing Skull","floor":22,"potions_obtained":[],"gold_loss":0,"cards_obtained":["Replay:Sssssssssstrike"]}],"is_beta":true,"boss_relics":[{"not_picked":["aspiration:MarisaSkillbook","hubris:BlackHole"],"picked":"Busted Crown"}],"items_purged_floors":[12],"is_endless":false,"potions_floor_spawned":[1,3,5,16,20,25],"killed_by":"Snecko","ascension_level":19}}