{"host":"msa0wxqjs3jv1k3j","time":1610524256,"event":{"mods":["AchievementEnabler","BaseMod","BetterRewards","Colored Map","Highlight Path","KOR Keyword Fix","Keyboard Shortcuts","Minty Spire (QoL Compilation)","Quick Restart","SuperFastMode","everything is the same but u backflip on backflip"],"gold_per_floor":[39,39,57,57,77,77,87,162,187,205,234,234,181,256,256,357,357,377,302,302,392,22,22,36,0,52,52,52,77,176,176,176],"floor_reached":31,"language":"KOR","playtime":982,"items_purged":["Strike_P"],"score":299,"play_id":"7742f037-1b86-4b6c-a337-7dd464bb77dc","local_time":"20210113165056","is_ascension_mode":false,"campfire_choices":[{"floor":12.0,"key":"REST"},{"floor":15.0,"key":"REST"},{"floor":23.0,"key":"REST"}],"circlet_count":0,"master_deck":["Strike_P","Defend_P","Eruption","Vigilance","BattleHymn+1","Adaptation","Crescendo","Alpha","FlurryOfBlows","ClearTheMind","FearNoEvil","Establishment","SandsOfTime","Crescendo+1","BattleHymn","Worship","TalkToTheHand","Bash","Pray"],"relics":["PureWater","Turnip","Bag of Preparation","InkBottle","Bronze Scales","Dream Catcher","Philosopher\u0027s Stone","MealTicket","HandDrill","Juzu Bracelet","Damaru"],"acts_visited":["Exordium","TheCity"],"potions_floor_usage":[31],"damage_taken":[{"damage":12.0,"enemies":"Cultist","floor":1.0,"turns":3.0},{"damage":2.0,"enemies":"Jaw Worm","floor":3.0,"turns":4.0},{"damage":11.0,"enemies":"Small Slimes","floor":5.0,"turns":2.0},{"damage":3.0,"enemies":"Red Slaver","floor":7.0,"turns":5.0},{"damage":10.0,"enemies":"Blue Slaver","floor":10.0,"turns":5.0},{"damage":9.0,"enemies":"3 Sentries","floor":11.0,"turns":4.0},{"damage":0.0,"enemies":"Slime Boss","floor":16.0,"turns":6.0},{"damage":21.0,"enemies":"Shell Parasite","floor":18.0,"turns":4.0},{"damage":5.0,"enemies":"Chosen","floor":24.0,"turns":4.0},{"damage":21.0,"enemies":"Gremlin Leader","floor":29.0,"turns":3.0},{"damage":30,"enemies":"Slavers","floor":31,"turns":2}],"seed_played":"-1045465027832726852","potions_obtained":[{"floor":3.0,"key":"CultistPotion"},{"floor":10.0,"key":"Weak Potion"},{"floor":16.0,"key":"BottledMiracle"},{"floor":29.0,"key":"DuplicationPotion"}],"is_trial":false,"path_per_floor":["M","$","M","?","M","?","M","?","T","M","E","R","$","?","R","B",null,"M","?","?","?","$","R","M","$","T","?","?","E","?","E"],"character_chosen":"WATCHER","items_purchased":["BattleHymn","Bag of Preparation","InkBottle","BottledMiracle","Regen Potion","ClearTheMind","MealTicket","HandDrill","DistilledChaos","BattleHymn"],"campfire_rested":3,"item_purchase_floors":[0,0,0,0,0,13,22,22,22,25],"current_hp_per_floor":[60,60,58,58,47,40,49,38,38,28,19,40,40,33,54,54,72,51,51,38,26,26,49,44,59,59,59,59,38,38,8,8],"gold":176,"neow_bonus":"","is_daily":false,"chose_seed":false,"campfire_upgraded":0,"win_rate":0.0,"timestamp":1610524256,"path_taken":["M","$","M","?","?","?","M","?","T","M","E","R","$","?","R","BOSS","M","?","?","?","$","R","M","$","T","?","?","E","?","E"],"items_purchased_type":["Card","Relic","Relic","Potion","Potion","Card","Relic","Relic","Potion","Card"],"build_version":"2020-12-22","purchased_purges":1,"victory":false,"max_hp_per_floor":[72,72,72,72,72,72,72,72,72,72,72,72,72,72,72,72,72,72,72,77,77,77,77,77,77,77,77,77,77,77,77,77],"card_choices":[{"not_picked":["ReachHeaven","InnerPeace","SashWhip"],"picked":"SKIP","floor":1.0},{"not_picked":["DeceiveReality","Weave","Protect"],"picked":"SKIP","floor":3.0},{"not_picked":["PathToVictory","Protect","Weave"],"picked":"SKIP","floor":5.0},{"not_picked":["SashWhip","Swivel"],"picked":"Adaptation","floor":7.0},{"not_picked":["Swivel","WaveOfTheHand"],"picked":"Crescendo","floor":10.0},{"not_picked":["Fasting2","Protect"],"picked":"Alpha","floor":11.0},{"not_picked":["Nirvana","Evaluate"],"picked":"FlurryOfBlows","floor":12.0},{"not_picked":["Evaluate","Tantrum"],"picked":"FearNoEvil","floor":15.0},{"not_picked":["Wish","Scrawl"],"picked":"Establishment","floor":16.0},{"not_picked":["Prostrate","Worship"],"picked":"SandsOfTime","floor":18.0},{"not_picked":["SashWhip","Prostrate"],"picked":"Crescendo+1","floor":24.0},{"not_picked":["Wallop","Halt+1"],"picked":"Pray","floor":29.0}],"player_experience":101490,"relics_obtained":[{"floor":9.0,"key":"Bronze Scales"},{"floor":11.0,"key":"Dream Catcher"},{"floor":26.0,"key":"Juzu Bracelet"},{"floor":29.0,"key":"Damaru"}],"event_choices":[{"damage_healed":0.0,"max_hp_gain":0.0,"max_hp_loss":0.0,"gold_gain":0.0,"event_name":"Accursed Blacksmith","player_choice":"Forge","floor":4.0,"gold_loss":0.0,"damage_taken":0.0,"cards_upgraded":["BattleHymn"]},{"cards_removed":["Defend_P"],"damage_healed":0.0,"max_hp_gain":0.0,"max_hp_loss":0.0,"gold_gain":0.0,"event_name":"Golden Wing","player_choice":"Card Removal","floor":6.0,"gold_loss":0.0,"damage_taken":7.0},{"damage_healed":0.0,"max_hp_gain":0.0,"max_hp_loss":0.0,"gold_gain":75.0,"event_name":"World of Goop","player_choice":"Gather Gold","floor":8.0,"gold_loss":0.0,"damage_taken":11.0},{"damage_healed":0.0,"max_hp_gain":0.0,"max_hp_loss":0.0,"gold_gain":75.0,"event_name":"FaceTrader","player_choice":"Touch","floor":14.0,"gold_loss":0.0,"damage_taken":7.0},{"cards_removed":["Strike_P"],"damage_healed":0.0,"max_hp_gain":0.0,"max_hp_loss":0.0,"gold_gain":0.0,"event_name":"Beggar","player_choice":"Gave Gold","floor":19.0,"gold_loss":75.0,"damage_taken":0.0},{"damage_healed":0.0,"max_hp_gain":5.0,"max_hp_loss":0.0,"gold_gain":0.0,"event_name":"Forgotten Altar","player_choice":"Shed Blood","floor":20.0,"gold_loss":0.0,"damage_taken":18.0},{"damage_healed":0.0,"max_hp_gain":0.0,"max_hp_loss":0.0,"gold_gain":90.0,"event_name":"Knowing Skull","player_choice":"GOLD ","floor":21.0,"potions_obtained":[],"gold_loss":0.0,"damage_taken":12.0,"cards_obtained":[]},{"damage_healed":0.0,"max_hp_gain":0.0,"max_hp_loss":0.0,"gold_gain":0.0,"cards_transformed":["Defend_P","Defend_P"],"event_name":"Drug Dealer","player_choice":"Became Test Subject","floor":27.0,"gold_loss":0.0,"damage_taken":0.0,"cards_obtained":["Worship","TalkToTheHand"]},{"cards_removed":["Strike_P"],"damage_healed":0.0,"max_hp_gain":0.0,"max_hp_loss":0.0,"gold_gain":0.0,"event_name":"NoteForYourself","player_choice":"Took Card","floor":28.0,"gold_loss":0.0,"damage_taken":0.0,"cards_obtained":["Bash"]},{"damage_healed":0.0,"max_hp_gain":0.0,"max_hp_loss":0.0,"gold_gain":99.0,"event_name":"Nest","player_choice":"Stole From Cult","floor":30.0,"gold_loss":0.0,"damage_taken":0.0}],"is_beta":false,"boss_relics":[{"not_picked":["Velvet Choker","Cursed Key"],"picked":"Philosopher\u0027s Stone"}],"items_purged_floors":[0],"is_endless":false,"potions_floor_spawned":[3,5,10,16,29],"killed_by":"Slavers","ascension_level":0}}