{"host":"5471ir90dlnrorkp","time":1610578499,"event":{"mods":["Aspiration","BaseMod","Beaked The Cultist","Colored Map","Colored Powertips","Displayed Cursed Tome","Hermit","Minty Spire (QoL Compilation)","Random Character Button","Replay The Spire","Shop Mod","StSLib","The Cursed","The Druid","The Marked","The Runesmith","The Witch","TheBandit","thorton"],"gold_per_floor":[118,118,68,68,81,113,38,38,38,49,68,98,118,18,18,120,120,140,41,41,41,73,73,91,91,117,136,136,136,162,179,179,283,283,295,245,265,265,281,308,308,342,342,342,140,155,172,187,187,187,187,187,37,70,70],"floor_reached":56,"language":"ENG","playtime":5539,"items_purged":["theMarked:Defend","theMarked:Defend","theMarked:Strike","theMarked:Strike","theMarked:Strike"],"score":1206,"play_id":"68c7e3fc-f633-4fe1-ba93-4ab267f4333d","local_time":"20210113175459","is_ascension_mode":true,"campfire_choices":[{"floor":8.0,"key":"RECALL"},{"floor":15.0,"key":"DIG"},{"data":"beaked:WalkersFury","floor":23.0,"key":"SMITH"},{"data":"theMarked:SoldierOfQuellstein","floor":25.0,"key":"SMITH"},{"data":"theMarked:ComboAttacks","floor":28.0,"key":"SMITH"},{"floor":32.0,"key":"REST"},{"floor":41.0,"key":"REST"},{"floor":49.0,"key":"REST"},{"data":"theMarked:WardOff","floor":52.0,"key":"SMITH"}],"circlet_count":1,"master_deck":["theMarked:Strike+1","theMarked:Strike","theMarked:Defend","theMarked:Defend","theMarked:SoldierOfQuellstein+1","theMarked:WardOff+1","theMarked:BanishingStrike","theMarked:WardOff+1","theMarked:KeepCalmAndFightOn","theMarked:SelfDefenseTraining","theMarked:DeterminationOfTheMarked","theMarked:Abjuration","beaked:WalkersFury+1","theMarked:SwordAndMagic+1","theMarked:ComboAttacks+1","theMarked:ParalyzingBlade+1","theMarked:Abjuration+1","theMarked:Abjuration","theMarked:Indomitable+1","theMarked:WardOff+1","theMarked:EmpowerWeapon+1","Madness","Madness","theMarked:MysticalArsenal"],"relics":["theMarked:ArtifactOfAir","aspiration:Nostalgia","PureWater","Circlet","Replay:WaspNest","Pondfish Scales","Smiling Mask","beaked:SacredDeck","Red Mask","Gremlin Food","aspiration:SecretTechniqueScroll","Runesmith:Nanobots","StrikeDummy","aspiration:HummingbirdHeart","Strange Spoon","Sling","Bag of Marbles"],"acts_visited":["Exordium","TheCity","TheBeyond","TheEnding"],"potions_floor_usage":[55,55,55,55],"damage_taken":[{"damage":0.0,"enemies":"2 Louse","floor":1.0,"turns":2.0},{"damage":0.0,"enemies":"Cultist","floor":5.0,"turns":4.0},{"damage":19.0,"enemies":"Gremlin Nob","floor":6.0,"turns":5.0},{"damage":0.0,"enemies":"Jaw Worm","floor":10.0,"turns":5.0},{"damage":6.0,"enemies":"3 Louse","floor":11.0,"turns":3.0},{"damage":11.0,"enemies":"3 Sentries","floor":12.0,"turns":5.0},{"damage":0.0,"enemies":"Lots of Slimes","floor":13.0,"turns":3.0},{"damage":16.0,"enemies":"The Guardian","floor":16.0,"turns":11.0},{"damage":8.0,"enemies":"Spheric Guardian","floor":18.0,"turns":4.0},{"damage":12.0,"enemies":"Masked Bandits","floor":22.0,"turns":4.0},{"damage":0.0,"enemies":"3 Byrds","floor":24.0,"turns":5.0},{"damage":14.0,"enemies":"3 Cultists","floor":27.0,"turns":4.0},{"damage":21.0,"enemies":"Book of Stabbing","floor":30.0,"turns":3.0},{"damage":4.0,"enemies":"Chosen and Byrds","floor":31.0,"turns":4.0},{"damage":23.0,"enemies":"Champ","floor":33.0,"turns":7.0},{"damage":7.0,"enemies":"3 Shapes","floor":35.0,"turns":4.0},{"damage":21.0,"enemies":"3 Darklings","floor":37.0,"turns":4.0},{"damage":11.0,"enemies":"Maw","floor":39.0,"turns":4.0},{"damage":35.0,"enemies":"Reptomancer","floor":40.0,"turns":5.0},{"damage":3.0,"enemies":"Nemesis","floor":42.0,"turns":5.0},{"damage":4.0,"enemies":"4 Shapes","floor":46.0,"turns":4.0},{"damage":0.0,"enemies":"Transient","floor":47.0,"turns":5.0},{"damage":1.0,"enemies":"Writhing Mass","floor":48.0,"turns":4.0},{"damage":59.0,"enemies":"Donu and Deca","floor":50.0,"turns":7.0},{"damage":31.0,"enemies":"Shield and Spear","floor":54.0,"turns":4.0},{"damage":81,"enemies":"The Heart","floor":55,"turns":5}],"seed_played":"8434157769431651069","potions_obtained":[{"floor":1.0,"key":"PowerPotion"},{"floor":4.0,"key":"Fruit Juice"},{"floor":4.0,"key":"ColorlessPotion"},{"floor":4.0,"key":"EssenceOfSteel"},{"floor":10.0,"key":"Regen Potion"},{"floor":13.0,"key":"Explosive Potion"},{"floor":16.0,"key":"Languid Potion"},{"floor":22.0,"key":"Dexterity Potion"},{"floor":40.0,"key":"FairyPotion"},{"floor":54.0,"key":"ColorlessPotion"}],"is_trial":false,"path_per_floor":["M","?","?","?","M","E","$","R","T","M","M","E","M","$","R_BF","B",null,"M","$","?","$","?","R","M","R","T","M","R","?","E","M","R","B",null,"M","$","M","?","M","E","R","E","T","?","$","M","M","M","R","B",null,"R","$","E","B",null],"character_chosen":"THE_DEFAULT","items_purchased":["PowerPotion","Strange Spoon","Sling"],"campfire_rested":3,"item_purchase_floors":[19,45,53],"current_hp_per_floor":[70,70,70,75,75,56,56,56,56,70,64,53,53,53,53,52,75,67,67,67,67,55,55,69,69,69,64,64,64,55,51,73,57,75,68,68,47,55,44,9,31,42,42,33,33,29,29,28,50,6,75,75,75,44,6],"gold":70,"neow_bonus":"NOSTALGIA","is_daily":false,"chose_seed":false,"campfire_upgraded":4,"win_rate":0.0,"timestamp":1610578499,"path_taken":["M","?","?","?","M","E","$","R","T","M","?","E","M","$","R_BF","BOSS","M","$","?","$","?","R","?","R","T","M","R","?","E","M","R","BOSS","M","$","?","?","M","E","R","E","T","?","$","M","M","M","R","BOSS","R","$","E","BOSS"],"items_purchased_type":["Potion","Relic","Relic"],"build_version":"2020-12-22","purchased_purges":5,"victory":true,"max_hp_per_floor":[70,70,70,75,75,75,75,75,75,75,75,75,75,75,75,75,75,75,75,75,75,75,75,75,75,75,75,75,75,75,75,75,75,75,75,75,75,75,75,75,75,75,75,75,75,75,75,75,75,75,75,75,75,75,75],"card_choices":[{"not_picked":["theMarked:ContemptForTheProud","theMarked:Frustration"],"picked":"theMarked:WardOff","floor":1.0},{"not_picked":["theMarked:TunnelVision","theMarked:Frustration"],"picked":"theMarked:BanishingStrike","floor":5.0},{"not_picked":["theMarked:Overthink","theMarked:Parkour"],"picked":"theMarked:WardOff","floor":6.0},{"not_picked":["theMarked:Improvise","theMarked:Parkour"],"picked":"theMarked:KeepCalmAndFightOn","floor":10.0},{"not_picked":["theMarked:Static","theMarked:ElementalBlade","theMarked:Aftermath"],"picked":"SKIP","floor":11.0},{"not_picked":["theMarked:EnhanceMovement","theMarked:RepellingDischarge"],"picked":"theMarked:SelfDefenseTraining","floor":12.0},{"not_picked":["theMarked:SwordAndMagic","theMarked:RepellingDischarge"],"picked":"theMarked:DeterminationOfTheMarked","floor":13.0},{"not_picked":["theMarked:ThrowWeapon","theMarked:SoldierForm"],"picked":"theMarked:Abjuration","floor":16.0},{"not_picked":["theMarked:TwofoldDefense","theMarked:Generate"],"picked":"theMarked:SwordAndMagic+1","floor":18.0},{"not_picked":["theMarked:ChainLightning+1","theMarked:ResourceFulStrike"],"picked":"theMarked:ParalyzingBlade+1","floor":24.0},{"not_picked":["theMarked:EmpowerWeapon","theMarked:TwofoldDefense"],"picked":"theMarked:Abjuration","floor":27.0},{"not_picked":["theMarked:MaelstromOfLightning+1","theMarked:DeterminationOfTheMarked","theMarked:Aftermath+1"],"picked":"SKIP","floor":30.0},{"not_picked":["theMarked:Parkour","theMarked:Aftermath","theMarked:Seal"],"picked":"SKIP","floor":31.0},{"not_picked":["theMarked:MagicAdept","theMarked:Challenge"],"picked":"theMarked:Abjuration","floor":33.0},{"not_picked":["theMarked:ReduceFriction+1","theMarked:Reabsorb"],"picked":"theMarked:Indomitable+1","floor":35.0},{"not_picked":["theMarked:Parkour+1","theMarked:Generate+1","theMarked:Static+1"],"picked":"SKIP","floor":37.0},{"not_picked":["theMarked:EnhanceMovement","theMarked:Panic+1"],"picked":"theMarked:WardOff+1","floor":39.0},{"not_picked":["theMarked:ResourceFulStrike","theMarked:WastefulDefense"],"picked":"theMarked:EmpowerWeapon","floor":40.0},{"not_picked":["theMarked:Seal","theMarked:ShockingTouch+1","theMarked:HeightenedSenses"],"picked":"SKIP","floor":42.0},{"not_picked":["theMarked:ResourceFulStrike+1","theMarked:BanishingStrike+1"],"picked":"theMarked:MysticalArsenal","floor":46.0},{"not_picked":["theMarked:Static+1","theMarked:Frustration","theMarked:ResourceFulStrike"],"picked":"SKIP","floor":47.0},{"not_picked":["theMarked:KeepCalmAndFightOn","theMarked:Overthink+1","theMarked:Aftermath+1"],"picked":"SKIP","floor":48.0},{"not_picked":["theMarked:ChainLightning+1","theMarked:ShockingTouch","theMarked:HeightenedSenses+1"],"picked":"SKIP","floor":54.0}],"player_experience":1689085,"relics_obtained":[{"floor":6.0,"key":"Dead Branch"},{"floor":9.0,"key":"Replay:WaspNest"},{"floor":12.0,"key":"Pondfish Scales"},{"floor":15.0,"key":"Smiling Mask"},{"floor":22.0,"key":"Red Mask"},{"floor":30.0,"key":"Gremlin Food"},{"floor":40.0,"key":"Runesmith:Nanobots"},{"floor":42.0,"key":"StrikeDummy"},{"floor":43.0,"key":"aspiration:HummingbirdHeart"},{"floor":54.0,"key":"Bag of Marbles"}],"event_choices":[{"cards_removed":["ReplayTheSpireMod:Restless Dread"],"damage_healed":0.0,"max_hp_gain":0.0,"max_hp_loss":0.0,"gold_gain":0.0,"event_name":"The Cleric","player_choice":"Card Removal","floor":3.0,"gold_loss":50.0,"damage_taken":0.0},{"damage_healed":0.0,"max_hp_gain":0.0,"max_hp_loss":0.0,"gold_gain":0.0,"event_name":"Lab","player_choice":"Got Potions","floor":4.0,"gold_loss":0.0,"damage_taken":0.0},{"damage_healed":0.0,"max_hp_gain":0.0,"max_hp_loss":0.0,"gold_gain":0.0,"event_name":"The Library","player_choice":"Read","floor":20.0,"gold_loss":0.0,"damage_taken":0.0,"cards_obtained":["theMarked:ComboAttacks"]},{"damage_healed":0.0,"max_hp_gain":0.0,"max_hp_loss":0.0,"gold_gain":0.0,"event_name":"Masked Bandits","player_choice":"Fought Bandits","floor":22.0,"gold_loss":0.0,"damage_taken":0.0},{"damage_healed":0.0,"max_hp_gain":0.0,"max_hp_loss":0.0,"gold_gain":0.0,"event_name":"Accursed Blacksmith","player_choice":"Forge","floor":29.0,"gold_loss":0.0,"damage_taken":0.0,"cards_upgraded":["theMarked:Abjuration"]},{"damage_healed":0.0,"max_hp_gain":0.0,"max_hp_loss":0.0,"gold_gain":0.0,"event_name":"Winding Halls","player_choice":"Embrace Madness","floor":44.0,"gold_loss":0.0,"damage_taken":9.0,"cards_obtained":["Madness","Madness"]}],"is_beta":false,"boss_relics":[{"not_picked":["SacredBark","theMarked:Eyepatch"],"picked":"beaked:SacredDeck"},{"not_picked":["Cursed Key","Calling Bell"],"picked":"aspiration:SecretTechniqueScroll"}],"items_purged_floors":[7,14,19,36,45],"is_endless":false,"potions_floor_spawned":[1,5,10,13,16,22,24,27,37,39,40,54],"ascension_level":1}}