{"host":"ktoxvvst1mwxww91","time":1610545584,"event":{"mods":["BaseMod","Hermit","Minty Spire (QoL Compilation)","StSLib","The Blackbeard","The Hierophant","The Mystic","The Necromancer"],"gold_per_floor":[118,130,140,140,177,231,231,241,241,241],"floor_reached":8,"language":"ENG","playtime":430,"items_purged":[],"score":67,"play_id":"0de2c764-62ca-4b1c-b542-27768f9d73dc","local_time":"20210113144624","is_ascension_mode":true,"campfire_choices":[{"data":"blackbeard:Cutlass","floor":7,"key":"SMITH"}],"circlet_count":0,"master_deck":["blackbeard:BlackbeardStrike","blackbeard:BlackbeardStrike","blackbeard:BlackbeardStrike","blackbeard:IntimidatingStrike","blackbeard:BlackbeardDefend","blackbeard:BlackbeardDefend","blackbeard:BlackbeardDefend","blackbeard:BlackbeardDefend","blackbeard:Cutlass+1","blackbeard:BrownPants","blackbeard:FieryDefense","blackbeard:Bandana","blackbeard:ChaoticDefense","blackbeard:Revenge"],"relics":["blackbeard:LoadTheCannons","MealTicket","TungstenRod"],"acts_visited":["Exordium"],"potions_floor_usage":[5],"damage_taken":[{"damage":9,"enemies":"Cultist","floor":1,"turns":4},{"damage":3,"enemies":"Jaw Worm","floor":2,"turns":4},{"damage":1,"enemies":"2 Louse","floor":3,"turns":2},{"damage":0,"enemies":"Gremlin Gang","floor":5,"turns":4},{"damage":33,"enemies":"3 Sentries","floor":6,"turns":13},{"damage":31,"enemies":"Gremlin Nob","floor":8,"turns":4}],"seed_played":"-5121299988130531075","potions_obtained":[{"floor":2,"key":"Fire Potion"}],"is_trial":false,"path_per_floor":["M","M","M","?","M","E","R","E"],"character_chosen":"BLACKBEARD_CLASS","items_purchased":[],"campfire_rested":0,"item_purchase_floors":[],"current_hp_per_floor":[66,63,62,55,55,22,22,0,0,0],"gold":241,"neow_bonus":"RANDOM_COMMON_RELIC","is_daily":false,"chose_seed":false,"campfire_upgraded":1,"win_rate":0.0,"timestamp":1610545584,"path_taken":["M","?","M","?","M","E","R","E"],"items_purchased_type":[],"build_version":"2020-12-22","purchased_purges":0,"victory":false,"max_hp_per_floor":[75,75,75,75,75,75,75,75,75,75],"card_choices":[{"not_picked":["blackbeard:CloakAndCannonball","blackbeard:Sharpening"],"picked":"blackbeard:BrownPants","floor":1},{"not_picked":["blackbeard:SwordDance","blackbeard:JollyRoger"],"picked":"blackbeard:FieryDefense","floor":2},{"not_picked":["blackbeard:TacticalRetreat","blackbeard:Shrapnel"],"picked":"blackbeard:Bandana","floor":3},{"not_picked":["blackbeard:SwordDance","blackbeard:Sharpening"],"picked":"blackbeard:ChaoticDefense","floor":5},{"not_picked":["blackbeard:BoostMorale","blackbeard:MegaUpgrade"],"picked":"blackbeard:Revenge","floor":6}],"player_experience":1009159,"relics_obtained":[{"floor":6,"key":"TungstenRod"}],"event_choices":[{"cards_removed":["blackbeard:BlackbeardStrike"],"damage_healed":0,"gold_gain":0,"player_choice":"Card Removal","damage_taken":7,"max_hp_gain":0,"max_hp_loss":0,"event_name":"Golden Wing","floor":4,"gold_loss":0}],"is_beta":false,"boss_relics":[],"items_purged_floors":[],"is_endless":false,"potions_floor_spawned":[2],"killed_by":"Gremlin Nob","ascension_level":3}}