{"host":"lmmgqfiugkm2e64w","time":1610514236,"event":{"mods":["Aspiration","BaseMod","BetterRewards","Challenge The Spire","Conspire","Downfall","Easy Mod","Fortune Teller","Marisa（F雨　魔理沙）","Minty Spire (QoL Compilation)","MostiFishMod","Quick Restart","Replay The Spire","Shop Mod","StSLib","TestMod","The Servant 0.9.4","Youmu（魂魄妖梦）","[IsaacMod]以撒尖塔","[功能]功能增强和修复MOD","vexMod","【遗物卡牌】REMEMod","篝火指南"],"gold_per_floor":[99,99,99,122,134,51,51,10,22,34,49,72,315,364,382,493,493,191,222,240,257,257,206,231,231,177,211,211,239,239,239],"floor_reached":29,"language":"ZHS","playtime":1311,"items_purged":[],"score":313,"play_id":"fc6400cc-9dfd-497f-9c1d-8f5f397de742","local_time":"20210113130356","is_ascension_mode":false,"campfire_choices":[{"floor":1,"key":"RECALL"}],"circlet_count":0,"master_deck":["EasyMod:card_1","Guardian:Defend_Guardian","Guardian:Defend_Guardian","Guardian:Defend_Guardian","Guardian:Defend_Guardian","Guardian:CurlUp","Guardian:TwinSlam","EpicFetus","MostiFishMod:ReadyAimFire","Guardian:Harden","Guardian:Repulse","Guardian:Orbwalk+1","Guardian:BronzeOrb","Guardian:RollAttack","Guardian:PrismaticBarrier","Guardian:ArmoredProtocol+1","Guardian:AncientConstruct+1","Specialist+1","Guardian:Orbwalk+1","Slimebound:Tackle+1","Slimebound:Tackle+1","Slimebound:Tackle+1"],"relics":["Guardian:ModeShifter","HushsDoor","testmod-TestBox","REME_ComplimentaryCards","testmod-BouquetWithThorns","SalivaCoin","EasyMod:Hard_0","MerchantsRug","Medical Kit","testmod-AssaultLearning","Shuriken","testmod-DragonStarHat","Frozen Egg 2","DaveBox","JellyFishMachine","EasyMod:Easy_4","EasyMod:Easy_3","vexMod:Cooldron","Orichalcum","Shuriken","OrangePellets","testmod-NegativeEmotionEnhancer","GuppysCollar","Damocles","downfall:HeartBlessingRed","downfall:HeartBlessingBlue","BirthdayGift-Tetrahedron","Art of War","Replay:Accelerometer","D4","Anchor","ChiLing","Chi","Ling","testmod-ConstraintPeriapt","vexMod:BarristanHead","Guardian:PickAxe","downfall:RedIOU","Chaos","aspiration:ChemicalBlood","testmod-Justice","Blue Doll"],"acts_visited":["Exordium","TheCity"],"potions_floor_usage":[6,6,6,11,13,13,13,13,14,14,14,14,14,14,14,14,14,14,14,14,14,15,15,15,15,15,15,15,15,15,16,16,16,16,18,19,29,29,29,29,29],"damage_taken":[{"damage":1,"enemies":"conspire:RoseBush","floor":4,"turns":2},{"damage":0,"enemies":"Small Slimes","floor":5,"turns":1},{"damage":0,"enemies":"downfall:FleeingMerchant","floor":6,"turns":4},{"damage":15,"enemies":"downfall:FleeingMerchant","floor":11,"turns":4},{"damage":1,"enemies":"2 Louse","floor":12,"turns":1},{"damage":0,"enemies":"downfall:FleeingMerchant","floor":13,"turns":2},{"damage":0,"enemies":"Exordium Wildlife","floor":14,"turns":2},{"damage":0,"enemies":"Gremlin Gang","floor":15,"turns":1},{"damage":0,"enemies":"downfall:Defect","floor":16,"turns":4},{"damage":2,"enemies":"Spheric Guardian","floor":19,"turns":2},{"damage":1,"enemies":"Chosen and Byrds","floor":20,"turns":1},{"damage":1,"enemies":"Cultist and Chosen","floor":21,"turns":2},{"damage":2,"enemies":"Snake Plant","floor":27,"turns":1},{"damage":4,"enemies":"Replay:Snechameleon","floor":29,"turns":1}],"seed_played":"7306802180230705283","potions_obtained":[{"floor":4,"key":"Toxic Potion"},{"floor":5,"key":"Weak Potion"},{"floor":5,"key":"Fire Potion"},{"floor":12,"key":"EntropicBrew"},{"floor":14,"key":"EntropicBrew"},{"floor":14,"key":"EntropicBrew"},{"floor":15,"key":"EntropicBrew"},{"floor":19,"key":"EntropicBrew"},{"floor":21,"key":"EntropicBrew"},{"floor":27,"key":"EntropicBrew"}],"is_trial":false,"path_per_floor":["R","?","?","M","M","$","T","R","?","?","$","M","$","M","M","B",null,"R","M","M","M","?","R","T","?","R","M","?","E"],"character_chosen":"GUARDIAN","items_purchased":["MerchantsRug","Medical Kit","testmod-AssaultLearning","Shuriken","testmod-DragonStarHat","MawBank","EasyMod:Easy_4","EasyMod:Easy_3","vexMod:Cooldron","Fruit Juice","Orichalcum","Shuriken","OrangePellets","EntropicBrew","EntropicBrew","EntropicBrew","GuppysCollar","Damocles","BirthdayGift-Tetrahedron","Art of War","Replay:Accelerometer","EntropicBrew","ChiLing","testmod-ConstraintPeriapt","vexMod:BarristanHead","Specialist+1","Chaos","aspiration:ChemicalBlood","testmod-Justice"],"campfire_rested":0,"item_purchase_floors":[6,6,6,6,8,8,11,11,11,11,13,13,13,13,13,13,17,17,18,18,18,18,23,23,23,23,26,26,26],"current_hp_per_floor":[80,80,80,79,79,79,79,79,79,79,45,44,45,45,45,45,22,32,32,33,35,35,35,35,35,35,36,36,0,0,0],"gold":239,"neow_bonus":"RANDOM_COMMON_RELIC","is_daily":false,"chose_seed":false,"campfire_upgraded":0,"win_rate":0.0,"timestamp":1610514236,"path_taken":["R","?","?","?","?","?","T","R","?","?","$","M","$","M","M","BOSS","R","M","M","?","?","R","T","?","R","?","?","E"],"items_purchased_type":["Relic","Relic","Relic","Relic","Relic","Relic","Relic","Relic","Relic","Potion","Relic","Relic","Relic","Potion","Potion","Potion","Relic","Relic","Relic","Relic","Relic","Potion","Relic","Relic","Relic","Card","Card","Relic","Relic"],"build_version":"2020-12-22","purchased_purges":0,"victory":false,"max_hp_per_floor":[80,80,80,80,80,80,80,80,80,80,45,45,45,45,45,45,22,32,33,34,35,35,35,35,35,35,36,36,36,36,36],"card_choices":[{"not_picked":[],"picked":"EpicFetus","floor":0},{"not_picked":["Guardian:ShieldCharger","Bomb"],"picked":"Guardian:Harden","floor":4},{"not_picked":["Guardian:RollAttack","Guardian:Gem_Lightblue"],"picked":"Guardian:Repulse","floor":5},{"not_picked":["Guardian:FastForward","Guardian:CrystalBeam"],"picked":"Guardian:Gem_Green","floor":6},{"not_picked":["Guardian:ChargeCore","Guardian:TimeCapacitor+1"],"picked":"Guardian:Orbwalk+1","floor":11},{"not_picked":["Guardian:TemporalShield","Guardian:Planning"],"picked":"Guardian:BronzeOrb","floor":12},{"not_picked":["Guardian:Gem_Red","Guardian:Recover"],"picked":"Guardian:RollAttack","floor":13},{"not_picked":["Guardian:RollAttack","Guardian:MultiBeam"],"picked":"Guardian:PrismaticBarrier","floor":14},{"not_picked":["Guardian:TimeBomb","Guardian:Gem_Green"],"picked":"Guardian:ArmoredProtocol+1","floor":15},{"not_picked":["Guardian:ExploitGems","Guardian:SphericShield"],"picked":"Guardian:AncientConstruct+1","floor":16},{"not_picked":["Guardian:BronzeOrb","Guardian:PiercingHide"],"picked":"Guardian:Gem_Red","floor":19},{"not_picked":["Guardian:Suspension","Guardian:Preprogram+1"],"picked":"Guardian:Gem_Purple","floor":20},{"not_picked":["Guardian:TemporalShield","Guardian:DonusPower"],"picked":"Guardian:Gem_Red","floor":21},{"not_picked":["Guardian:PrimingBeam","Guardian:Repulse+1"],"picked":"Guardian:Orbwalk+1","floor":27}],"player_experience":537129,"relics_obtained":[{"floor":19,"key":"D4"},{"floor":20,"key":"testmod-TurbochargingSystem"},{"floor":21,"key":"Anchor"},{"floor":24,"key":"Guardian:PickAxe"},{"floor":27,"key":"Blue Doll"}],"event_choices":[{"damage_healed":0,"gold_gain":0,"player_choice":"Leave","damage_taken":0,"max_hp_gain":0,"max_hp_loss":0,"event_name":"conspire:Investor","floor":3,"gold_loss":0},{"damage_healed":0,"gold_gain":0,"player_choice":"Swap Relic","damage_taken":0,"relics_obtained":["DaveBox"],"max_hp_gain":0,"max_hp_loss":0,"event_name":"给自己的盒子","floor":10,"relics_lost":["DaveBox"],"gold_loss":0}],"is_beta":false,"boss_relics":[{"not_picked":["testmod-StringDisintegrator","vexMod:TanglingVine"],"picked":"testmod-NegativeEmotionEnhancer"},{"not_picked":[]}],"items_purged_floors":[],"is_endless":false,"potions_floor_spawned":[4,5,5,12,14,14,15,19,21,27],"killed_by":"Replay:Snechameleon","ascension_level":0}}