{"host":"li7nr9q4d53iu1rb","time":1610555946,"event":{"mods":["AchievementEnabler","BaseMod","Colored Map","Colored Powertips","Downfall","Highlight Path","Minty Spire (QoL Compilation)","Permanent Neow","Quick Restart","Random Character Button","StSLib"],"gold_per_floor":[99,109,109,384,397,397,397,397,409,5,22,22,22,22],"floor_reached":12,"language":"ENG","playtime":763,"items_purged":[],"score":68,"play_id":"ba605a86-8540-4cbd-ba7f-dcf3d83182a5","local_time":"20210113123906","is_ascension_mode":false,"campfire_choices":[{"floor":1,"key":"RECALL"},{"data":"Slimebound:CorrosiveSpit","floor":8,"key":"SMITH"}],"circlet_count":0,"master_deck":["Slimebound:Strike_Slimebound","Slimebound:Strike_Slimebound","Slimebound:Strike_Slimebound","Slimebound:Tackle","Slimebound:Defend_Slimebound","Slimebound:Defend_Slimebound","Slimebound:Defend_Slimebound","Slimebound:Defend_Slimebound","Slimebound:Split","Slimebound:CorrosiveSpit+1","Decay","Sadistic Nature","Slimebound:LeadByExample","Slimebound:FinishingTackle","Strike_B","Slimebound:SamplingLick+1","Slimebound:GrowthPunch","Slimebound:RejuvenatingLick+1","Slimebound:Replication+1","Slimebound:GoopSpray+1"],"relics":["Slimebound:AbsorbEndCombat","Toxic Egg 2","Pear"],"acts_visited":["Exordium"],"potions_floor_usage":[],"damage_taken":[{"damage":6,"enemies":"Small Slimes","floor":2,"turns":4},{"damage":19,"enemies":"Jaw Worm","floor":5,"turns":5},{"damage":7,"enemies":"Cultist","floor":9,"turns":3},{"damage":15,"enemies":"downfall:FleeingMerchant","floor":10,"turns":4},{"damage":21,"enemies":"Blue Slaver","floor":11,"turns":4},{"damage":51,"enemies":"3 Sentries","floor":12,"turns":6}],"seed_played":"-141555964463255901","potions_obtained":[{"floor":2,"key":"sneckomod:MuddlingPotion"}],"is_trial":false,"path_per_floor":["R","M","?","?","M","?","T","R","M","$","M","E"],"character_chosen":"SLIMEBOUND","items_purchased":["Slimebound:RejuvenatingLick+1","Pear","Slimebound:Replication+1"],"campfire_rested":0,"item_purchase_floors":[10,10,10],"current_hp_per_floor":[60,60,57,57,46,46,46,46,45,48,37,0,0,0],"gold":22,"neow_bonus":"RANDOM_COLORLESS_2","is_daily":false,"chose_seed":false,"campfire_upgraded":1,"win_rate":0.0,"timestamp":1610555946,"path_taken":["R","M","?","?","?","?","T","R","?","$","M","E"],"items_purchased_type":["Card","Relic","Card"],"build_version":"2020-12-22","purchased_purges":0,"victory":false,"max_hp_per_floor":[60,60,60,60,60,60,60,60,60,70,70,70,70,70],"card_choices":[{"not_picked":["Magnetism","Panache"],"picked":"Sadistic Nature","floor":0},{"not_picked":["Slimebound:ViciousTackle","Slimebound:TongueLash"],"picked":"Slimebound:LeadByExample","floor":2},{"not_picked":["Slimebound:Grow","Slimebound:FormOfPuddle+1"],"picked":"Slimebound:FinishingTackle","floor":5},{"not_picked":["Slimebound:LeechingTouch","Slimebound:ComboTackle"],"picked":"Slimebound:SamplingLick+1","floor":9},{"not_picked":["Slimebound:FinishingTackle","Slimebound:ComboTackle"],"picked":"Slimebound:GrowthPunch","floor":10},{"not_picked":["Slimebound:LeechingTouch","Slimebound:PressTheAttack"],"picked":"Slimebound:GoopSpray+1","floor":11}],"player_experience":241090,"relics_obtained":[],"event_choices":[{"damage_healed":0,"gold_gain":0,"player_choice":"Success","damage_taken":3,"relics_obtained":["Toxic Egg 2"],"max_hp_gain":0,"max_hp_loss":0,"event_name":"Scrap Ooze","floor":3,"gold_loss":0},{"cards_removed":["Regret"],"damage_healed":0,"gold_gain":0,"player_choice":"Took Card","damage_taken":0,"max_hp_gain":0,"max_hp_loss":0,"event_name":"NoteForYourself","floor":6,"gold_loss":0,"cards_obtained":["Strike_B"]}],"is_beta":false,"boss_relics":[],"items_purged_floors":[],"is_endless":false,"potions_floor_spawned":[2],"killed_by":"3 Sentries","ascension_level":0}}