{"host":"25beq07qjecnigqh","time":1610515559,"event":{"mods":["BaseMod","Minty Spire (QoL Compilation)"],"gold_per_floor":[111,36,49,66,82,82,109,128,128,161,181,208,226,253,253,351,351,368,386,402,402,327,341,341,376,456,485,485,498,498,529,529,632,632,642,660,21,33,50,80,97,97,97],"floor_reached":42,"language":"ZHS","playtime":2869,"items_purged":[],"score":653,"play_id":"265fe135-3046-43c6-8d7b-daa91392922c","local_time":"20210113132559","is_ascension_mode":true,"campfire_choices":[{"data":"Rupture","floor":6,"key":"SMITH"},{"floor":15,"key":"REST"},{"floor":24,"key":"REST"},{"floor":30,"key":"REST"},{"floor":32,"key":"REST"}],"circlet_count":0,"master_deck":["Strike_R","Strike_R","Strike_R","Strike_R+1","Defend_R","Defend_R","Defend_R","Defend_R","Bash","Rupture+1","Feed+1","Twin Strike","Bloodletting","Combust","Limit Break","Dual Wield","Shockwave","Hemokinesis","Spot Weakness","Offering","Inflame","Sword Boomerang+1","Feed","Battle Trance+1","Seeing Red+1","Rupture","Flex+1","Ghostly Armor+1"],"relics":["Burning Blood","NeowsBlessing","Darkstone Periapt","Incense Burner","Meat on the Bone","Bird Faced Urn","HornCleat","Black Star","Champion Belt","Whetstone","Toxic Egg 2","Dream Catcher","Red Skull","White Beast Statue","Bronze Scales","Runic Cube","Strange Spoon","Ancient Tea Set","Frozen Egg 2","Eternal Feather","Nunchaku"],"acts_visited":["Exordium","TheCity","TheBeyond"],"potions_floor_usage":[7,10,11,14,23,23,23,25,31,33,38,38,39,40,42,42],"damage_taken":[{"damage":0,"enemies":"Cultist","floor":1,"turns":1},{"damage":0,"enemies":"2 Louse","floor":3,"turns":1},{"damage":0,"enemies":"Small Slimes","floor":4,"turns":1},{"damage":16,"enemies":"2 Fungi Beasts","floor":5,"turns":4},{"damage":23,"enemies":"Gremlin Nob","floor":7,"turns":4},{"damage":21,"enemies":"Exordium Wildlife","floor":8,"turns":3},{"damage":29,"enemies":"3 Sentries","floor":10,"turns":7},{"damage":5,"enemies":"Gremlin Gang","floor":11,"turns":3},{"damage":28,"enemies":"Lagavulin","floor":12,"turns":7},{"damage":7,"enemies":"3 Louse","floor":13,"turns":5},{"damage":5,"enemies":"3 Sentries","floor":14,"turns":6},{"damage":18,"enemies":"Hexaghost","floor":16,"turns":7},{"damage":28,"enemies":"2 Thieves","floor":18,"turns":4},{"damage":6,"enemies":"Spheric Guardian","floor":19,"turns":4},{"damage":44,"enemies":"Snake Plant","floor":20,"turns":5},{"damage":37,"enemies":"Cultist and Chosen","floor":23,"turns":6},{"damage":32,"enemies":"Book of Stabbing","floor":25,"turns":5},{"damage":7,"enemies":"Gremlin Leader","floor":27,"turns":4},{"damage":7,"enemies":"Snecko","floor":29,"turns":5},{"damage":38,"enemies":"Slavers","floor":31,"turns":6},{"damage":118,"enemies":"Automaton","floor":33,"turns":9},{"damage":66,"enemies":"3 Shapes","floor":35,"turns":4},{"damage":27,"enemies":"3 Darklings","floor":36,"turns":4},{"damage":47,"enemies":"Maw","floor":38,"turns":7},{"damage":46,"enemies":"Spire Growth","floor":39,"turns":5},{"damage":57,"enemies":"Nemesis","floor":40,"turns":7},{"damage":47,"enemies":"3 Darklings","floor":41,"turns":4},{"damage":44,"enemies":"Giant Head","floor":42,"turns":5}],"seed_played":"7112387349466455738","potions_obtained":[{"floor":3,"key":"SkillPotion"},{"floor":5,"key":"EssenceOfSteel"},{"floor":10,"key":"Fire Potion"},{"floor":13,"key":"Fire Potion"},{"floor":16,"key":"LiquidBronze"},{"floor":19,"key":"BlessingOfTheForge"},{"floor":20,"key":"Fire Potion"},{"floor":23,"key":"Weak Potion"},{"floor":29,"key":"SpeedPotion"},{"floor":31,"key":"DuplicationPotion"},{"floor":33,"key":"Dexterity Potion"},{"floor":35,"key":"ColorlessPotion"},{"floor":36,"key":"Swift Potion"},{"floor":38,"key":"FairyPotion"},{"floor":39,"key":"DistilledChaos"},{"floor":40,"key":"ColorlessPotion"},{"floor":41,"key":"Swift Potion"}],"is_trial":false,"path_per_floor":["M","$","M","M","M","R","E","M","T","E","M","E","M","E","R","B",null,"M","M","M","?","?","M","R","E","T","E","?","M","R","E","R","B",null,"M","M","$","M","M","E","M","E"],"character_chosen":"IRONCLAD","items_purchased":["Feed","Rupture","Strange Spoon","Ancient Tea Set","Frozen Egg 2"],"campfire_rested":4,"item_purchase_floors":[2,37,37,37,37],"current_hp_per_floor":[80,80,80,80,70,70,56,44,44,24,40,33,51,59,89,81,101,81,85,63,63,63,52,83,63,63,68,68,73,105,84,116,26,120,79,78,78,60,38,49,28,0,0],"gold":97,"neow_bonus":"THREE_ENEMY_KILL","is_daily":false,"chose_seed":false,"campfire_upgraded":1,"win_rate":0.0,"timestamp":1610515559,"path_taken":["M","$","?","M","M","R","E","M","T","E","M","E","M","E","R","BOSS","M","M","M","?","?","M","R","E","T","E","?","?","R","E","R","BOSS","M","M","$","?","M","E","M","E"],"items_purchased_type":["Card","Card","Relic","Relic","Relic"],"build_version":"2020-12-22","purchased_purges":0,"victory":false,"max_hp_per_floor":[80,80,80,80,80,80,83,86,86,89,92,95,98,101,101,101,101,101,101,101,101,101,105,105,105,105,105,105,109,109,116,116,120,120,123,127,127,130,130,130,130,130,130],"card_choices":[{"not_picked":["Perfected Strike","Dark Embrace"],"picked":"Rupture","floor":1},{"not_picked":["Evolve","Fire Breathing"],"picked":"Twin Strike","floor":3},{"not_picked":["Dropkick","Pommel Strike"],"picked":"Bloodletting","floor":4},{"not_picked":["Havoc","Dual Wield"],"picked":"Combust","floor":5},{"not_picked":["Searing Blow","Power Through"],"picked":"Limit Break","floor":7},{"not_picked":["True Grit","Warcry"],"picked":"Dual Wield","floor":8},{"not_picked":["Twin Strike","Havoc","Flame Barrier"],"picked":"SKIP","floor":10},{"not_picked":["Uppercut","Headbutt","Warcry"],"picked":"SKIP","floor":11},{"not_picked":["Havoc","Twin Strike"],"picked":"Shockwave","floor":12},{"not_picked":["Disarm","Carnage"],"picked":"Hemokinesis","floor":13},{"not_picked":["Burning Pact","Perfected Strike"],"picked":"Spot Weakness","floor":14},{"not_picked":["Bludgeon","Fiend Fire"],"picked":"Offering","floor":16},{"not_picked":["Flame Barrier+1","Heavy Blade"],"picked":"Inflame","floor":18},{"not_picked":["Wild Strike","Anger+1","True Grit"],"picked":"SKIP","floor":19},{"not_picked":["Uppercut","Clash","Wild Strike+1"],"picked":"SKIP","floor":20},{"not_picked":["Metallicize","Dropkick"],"picked":"Sword Boomerang+1","floor":23},{"not_picked":["Metallicize","Sword Boomerang","Wild Strike"],"picked":"SKIP","floor":25},{"not_picked":["Body Slam+1","Uppercut","Dropkick+1"],"picked":"SKIP","floor":27},{"not_picked":["Pommel Strike","Rampage"],"picked":"Feed","floor":29},{"not_picked":["Shockwave+1","Warcry+1"],"picked":"Battle Trance+1","floor":31},{"not_picked":["Carnage+1","Dual Wield+1"],"picked":"Seeing Red+1","floor":32},{"not_picked":["Pommel Strike","Cleave","Shockwave+1"],"picked":"SKIP","floor":35},{"not_picked":["Iron Wave+1","Second Wind+1","Flame Barrier+1"],"picked":"SKIP","floor":36},{"not_picked":["Clash","Cleave","Pommel Strike"],"picked":"SKIP","floor":38},{"not_picked":["Thunderclap+1","Sword Boomerang"],"picked":"Flex+1","floor":39},{"not_picked":["Spot Weakness+1","Flex+1"],"picked":"Ghostly Armor+1","floor":40},{"not_picked":["Dropkick+1","Burning Pact+1","Rampage+1"],"picked":"SKIP","floor":41}],"player_experience":48455,"relics_obtained":[{"floor":7,"key":"Darkstone Periapt"},{"floor":9,"key":"Incense Burner"},{"floor":10,"key":"Meat on the Bone"},{"floor":12,"key":"Bird Faced Urn"},{"floor":14,"key":"HornCleat"},{"floor":25,"key":"Champion Belt"},{"floor":25,"key":"Whetstone"},{"floor":26,"key":"Toxic Egg 2"},{"floor":27,"key":"Dream Catcher"},{"floor":27,"key":"Red Skull"},{"floor":31,"key":"White Beast Statue"},{"floor":31,"key":"Bronze Scales"},{"floor":40,"key":"Eternal Feather"},{"floor":40,"key":"Nunchaku"}],"event_choices":[{"damage_healed":0,"gold_gain":0,"player_choice":"Ignored","damage_taken":0,"max_hp_gain":0,"max_hp_loss":0,"event_name":"Ghosts","floor":21,"gold_loss":0},{"cards_removed":["Strike_R"],"damage_healed":0,"gold_gain":0,"player_choice":"Gave Gold","damage_taken":0,"max_hp_gain":0,"max_hp_loss":0,"event_name":"Beggar","floor":22,"gold_loss":75},{"damage_healed":0,"gold_gain":0,"player_choice":"Ignored","damage_taken":0,"max_hp_gain":0,"max_hp_loss":0,"event_name":"The Mausoleum","floor":28,"gold_loss":0}],"is_beta":false,"boss_relics":[{"not_picked":["Black Blood","Cursed Key"],"picked":"Black Star"},{"not_picked":["Runic Dome","Empty Cage"],"picked":"Runic Cube"}],"items_purged_floors":[],"is_endless":false,"potions_floor_spawned":[3,5,10,13,16,19,20,23,29,31,33,35,36,38,39,40,41],"killed_by":"Giant Head","ascension_level":1}}