{"host":"roqztpbdbchtekes","time":1610567921,"event":{"mods":["A Magickal Journey","AchievementEnabler","BaseMod","Better Note","Better Third Choice","BetterRewards","Block Reminder","Colored Map","Colored Powertips","Curses Come First","DeckTracker","Minty Spire (QoL Compilation)","Relic Stats","Spicy Shops","StSLib"],"gold_per_floor":[116,130,130,130,130,162,162,193,193,205,224,174,174,193,193,193,193],"floor_reached":16,"language":"ENG","playtime":547,"items_purged":[],"score":138,"play_id":"5363255b-7a99-4ec2-8112-e575f319bbfc","local_time":"20210113205841","is_ascension_mode":true,"campfire_choices":[{"data":"Zap","floor":7,"key":"SMITH"},{"floor":15,"key":"REST"}],"circlet_count":0,"master_deck":["Strike_B","Strike_B","Defend_B","Defend_B+1","Defend_B","Defend_B+1","Zap+1","Dualcast","Go for the Eyes","Ball Lightning","Reboot","Capacitor","Hologram+1","Leap+1","Compile Driver"],"relics":["Cracked Core","Bird Faced Urn","Unceasing Top","Toxic Egg 2","WingedGreaves"],"acts_visited":[],"potions_floor_usage":[16,16],"damage_taken":[{"damage":0,"enemies":"Small Slimes","floor":1,"turns":3},{"damage":5,"enemies":"2 Louse","floor":2,"turns":2},{"damage":13,"enemies":"3 Sentries","floor":6,"turns":6},{"damage":36,"enemies":"Gremlin Nob","floor":8,"turns":4},{"damage":0,"enemies":"Cultist","floor":10,"turns":3},{"damage":0,"enemies":"2 Fungi Beasts","floor":11,"turns":3},{"damage":0,"enemies":"Blue Slaver","floor":14,"turns":3},{"damage":34,"enemies":"Slime Boss","floor":16,"turns":5}],"seed_played":"5130344359976129015","potions_obtained":[{"floor":1,"key":"SneckoOil"},{"floor":11,"key":"SpeedPotion"},{"floor":14,"key":"Explosive Potion"}],"is_trial":false,"path_per_floor":["M","M","?","?","?","E","R","E","T","M","M","?","T","M","R","B"],"character_chosen":"DEFECT","items_purchased":[],"campfire_rested":1,"item_purchase_floors":[],"current_hp_per_floor":[75,70,55,48,48,35,35,1,1,1,1,1,1,3,25,0,0],"gold":193,"neow_bonus":"ONE_RARE_RELIC","is_daily":false,"chose_seed":false,"campfire_upgraded":1,"win_rate":0.0,"timestamp":1610567921,"path_taken":["M","M","?","?","?","E","R","E","T","M","?","?","?","?","R","BOSS"],"items_purchased_type":[],"build_version":"2020-12-22","purchased_purges":0,"victory":false,"max_hp_per_floor":[75,75,75,75,75,75,75,75,75,75,75,75,75,75,75,75,75],"relic_stats":{"counters":[8,29],"Bird Faced Urn":[6],"obtain_stats":[{"Bird Faced Urn":0,"WingedGreaves":13,"Toxic Egg 2":8,"Cracked Core":0,"Unceasing Top":6},{"Bird Faced Urn":0,"WingedGreaves":6,"Toxic Egg 2":4,"Cracked Core":0,"Unceasing Top":3},{"Bird Faced Urn":0,"WingedGreaves":21,"Toxic Egg 2":15,"Cracked Core":0,"Unceasing Top":11}],"Unceasing Top":[1]},"card_choices":[{"not_picked":["Conserve Battery","Rebound"],"picked":"Go for the Eyes","floor":1},{"not_picked":["Sweeping Beam","Stack"],"picked":"Ball Lightning","floor":2},{"not_picked":["Biased Cognition","Turbo"],"picked":"Capacitor","floor":6},{"not_picked":["Ball Lightning","Auto Shields+1"],"picked":"Hologram+1","floor":8},{"not_picked":["Streamline","Steam+1","Lockon"],"picked":"SKIP","floor":10},{"not_picked":["Reinforced Body+1","Gash"],"picked":"Leap+1","floor":11},{"not_picked":["Multi-Cast+1","Melter"],"picked":"Compile Driver","floor":14}],"player_experience":307946,"relics_obtained":[{"floor":6,"key":"Unceasing Top"},{"floor":8,"key":"Toxic Egg 2"},{"floor":13,"key":"WingedGreaves"}],"event_choices":[{"damage_healed":70,"gold_gain":0,"player_choice":"Upgrade","damage_taken":15,"max_hp_gain":0,"max_hp_loss":75,"event_name":"betterThird:BetterShining","floor":3,"gold_loss":0,"cards_upgraded":["Defend_B","Defend_B"]},{"cards_removed":["Injury"],"damage_healed":0,"gold_gain":0,"player_choice":"Card Removal","damage_taken":7,"max_hp_gain":0,"max_hp_loss":0,"event_name":"Golden Wing","floor":4,"gold_loss":0},{"damage_healed":0,"gold_gain":0,"cards_transformed":["Strike_B"],"player_choice":"Transformed","damage_taken":0,"max_hp_gain":0,"max_hp_loss":0,"event_name":"Transmorgrifier","floor":5,"gold_loss":0,"cards_obtained":["Reboot"]},{"cards_removed":["Strike_B"],"damage_healed":0,"gold_gain":0,"player_choice":"Card Removal","damage_taken":0,"max_hp_gain":0,"max_hp_loss":0,"event_name":"The Cleric","floor":12,"gold_loss":50}],"is_beta":false,"boss_relics":[],"items_purged_floors":[],"is_endless":false,"potions_floor_spawned":[1,11,14],"killed_by":"Slime Boss","ascension_level":5}}