{"host":"wvwkddos141hgtsy","time":1610577724,"event":{"mods":["AchievementEnabler","Act Like it!","Aspiration","Bard","BaseMod","Beaked The Cultist","Better Altar","Better Match","Better Note","Better Sensory Stone","Better Skull","Better Third Choice","BetterRewards","CCEM","Clawfect","Colored Map","Conspire","Downfall","GifTheSpireLib","Googly Eyes","Halation","Hallownest","Hermit","Highlight Path","Hubris","Hunter ??","Infinite Spire","Jedi Mod","Jorbs\u0027s Wanderer Trilogy","Mad Scientist","Marisa????????","Mimic Mod","Minty Spire (QoL Compilation)","Permanent Neow","Replay The Spire","Shade Mod","Shop Mod","Spicy Shops","StSLib","Stuff the Spire","The Administrix","The Blackbeard","The Bug Knight","The Construct","The Cursed","The Disciple","The Gatherer","The Hierophant","The IronCluck","The Jungle","The Mystic","The Necromancer","The Problem Sleuth","The Runesmith","The Servant 0.9.4","The Spell Scribe","The Witch","Unceasing Turn Reminder","[IsaacMod]????","everything is the same but u backflip on backflip","slay the spire mod where everything is the same but ironclad has a cowboy hat"],"gold_per_floor":[143,13,13,93,93,123,173,173,248,260,260,5,15,65,65,65,65],"floor_reached":16,"language":"ENG","playtime":625,"items_purged":[],"score":125,"play_id":"452e0af4-83c7-4696-b70c-bdd0d4b75454","local_time":"20210113174204","is_ascension_mode":false,"campfire_choices":[],"circlet_count":0,"master_deck":["Strike_Giant","Strike_Giant","Defend_Giant+1","Defend_Giant","Defend_Giant","Defend_Giant","CultistPetCall+1","EagleFirst","EagleFirst","EagleSecond","Calmness Giant+1","Pummel Giant","Infinite Combo","The End Giant","Regret","Combo Recycle+1","Pummel Giant+1","Pummel Giant"],"relics":["GiantSoulBox","HushsDoor","KeepersGift","aspiration:Nostalgia","m_SerpentRing","HollowMod:StagPassRelic","Golden Egg","aspiration:ChemicalBlood","Sundial","hubris:Towel","Vajra"],"acts_visited":["Exordium"],"potions_floor_usage":[16],"damage_taken":[{"damage":6,"enemies":"Jaw Worm","floor":1,"turns":2},{"damage":16,"enemies":"Gremlin Nob","floor":6,"turns":3},{"damage":0,"enemies":"2 Louse","floor":7,"turns":1},{"damage":0,"enemies":"Small Slimes","floor":10,"turns":1},{"damage":4,"enemies":"Exordium Wildlife","floor":13,"turns":3},{"damage":0,"enemies":"Large Slime","floor":14,"turns":2},{"damage":59,"enemies":"Hexaghost","floor":16,"turns":8}],"seed_played":"-306263557022318847","potions_obtained":[{"floor":7,"key":"Fire Potion"},{"floor":10,"key":"Elixir"},{"floor":14,"key":"Ancient Potion"},{"floor":16,"key":"SpiritPotion Giant"}],"is_trial":false,"path_per_floor":["M","$","?","T","$","E","M","?","T","M","?","$","M","M","R_BF","B"],"character_chosen":"Giant","items_purchased":["Pummel Giant","Infinite Combo","Combo Recycle","Vajra","Pummel Giant"],"campfire_rested":0,"item_purchase_floors":[2,2,12,12,12],"current_hp_per_floor":[59,59,46,46,46,30,35,35,35,35,35,35,31,36,58,0,0],"gold":65,"neow_bonus":"NOSTALGIA","is_daily":false,"chose_seed":false,"campfire_upgraded":0,"win_rate":0.0,"timestamp":1610577724,"path_taken":["M","$","?","?","$","E","M","?","T","M","?","$","M","M","R_BF","BOSS"],"items_purchased_type":["Card","Card","Card","Relic","Card"],"build_version":"2020-12-22","purchased_purges":0,"victory":false,"max_hp_per_floor":[65,65,65,65,65,65,70,70,70,70,70,70,70,75,75,75,75],"card_choices":[{"not_picked":["Accuracy","ByrdPetCall"],"picked":"Calmness Giant","floor":1},{"not_picked":["Pummel Giant","Cloak And Dagger"],"picked":"The End Giant","floor":6},{"not_picked":["Fanatic Cultist","Clone Minion","Struggle Attack"],"picked":"SKIP","floor":7},{"not_picked":["Resurrection Giant","Blade Dance","Death Explode"],"picked":"SKIP","floor":10},{"not_picked":["HealerPetCall","Seek Pet","Backflip Giant"],"picked":"SKIP","floor":13},{"not_picked":["Fanatic Cultist","TakeAction_Giant"],"picked":"Pummel Giant","floor":14}],"player_experience":419766,"relics_obtained":[{"floor":4,"key":"HollowMod:StagPassRelic"},{"floor":6,"key":"Golden Egg"},{"floor":9,"key":"Sundial"}],"event_choices":[{"damage_healed":59,"gold_gain":0,"player_choice":"Upgrade","damage_taken":13,"max_hp_gain":0,"max_hp_loss":65,"event_name":"betterThird:BetterShining","floor":3,"gold_loss":0,"cards_upgraded":["CultistPetCall","Defend_Giant"]},{"damage_healed":0,"gold_gain":0,"player_choice":"Box","damage_taken":0,"relics_obtained":["aspiration:ChemicalBlood"],"max_hp_gain":0,"max_hp_loss":0,"event_name":"Big Fish","floor":8,"gold_loss":0,"cards_obtained":["Regret"]}],"is_beta":false,"boss_relics":[],"items_purged_floors":[],"is_endless":false,"potions_floor_spawned":[7,10,14],"killed_by":"Hexaghost","ascension_level":0}}