{"host":"ct28ocsd8g8yr2ah","time":1610565001,"event":{"mods":["BaseMod","Better Third Choice","Hermit","KinomotoSakuraMod(????)","Koishi","Marisa????????","Minty Spire (QoL Compilation)","Reimu??????","Remilia??????","StSLib","The Animator","The Gatherer","The Servant 0.9.4","Waifu the Spire"],"gold_per_floor":[11,0,13,35,35,35,66,16,16,16,0,35,94,109,109,210,210,207,10,109,130,140,140,175,195,195,195,227,243,243,243,243,326,326,337,352,2,2,16,16,16,11,87,77,77],"floor_reached":44,"language":"RUS","playtime":2330,"items_purged":["hermit:Strike_Hermit","animator:Curse_Greed"],"score":479,"play_id":"9b17b954-feb5-492f-adce-2c221ab226c3","local_time":"20210114001001","is_ascension_mode":true,"campfire_choices":[{"data":"hermit:Headshot","floor":6,"key":"SMITH"},{"data":"hermit:Snapshot","floor":10,"key":"SMITH"},{"floor":15,"key":"REST"},{"data":"hermit:Headshot","floor":23,"key":"SMITH"},{"floor":27,"key":"REST"},{"floor":30,"key":"REST"},{"data":"hermit:NoHoldsBarred","floor":32,"key":"SMITH"},{"floor":40,"key":"REST"}],"circlet_count":0,"master_deck":["hermit:Snapshot+1","hermit:Covet","hermit:Snipe","Enlightenment","hermit:Scavenge","hermit:Headshot+1","hermit:Headshot+1","hermit:Grudge","hermit:Dive","hermit:HeroicBravado","hermit:Quickdraw","hermit:Enervate","hermit:Quickdraw","hermit:Virtue","hermit:HeroicBravado","hermit:NoHoldsBarred+1","hermit:Misfire","hermit:HoleUp","hermit:HeroicBravado","hermit:Roughhouse","hermit:Combo","hermit:BodyArmor","hermit:Quickdraw+1","hermit:BodyArmor","Dramatic Entrance","hermit:Scavenge","Poor:ReiMu"],"relics":["hermit:Momento","AntiCross","InkBottle","CrazyTorch:ReiMu","Bag of Marbles","Cursed Key","Letter Opener","Bottled Lightning","Potion Belt","Pandora\u0027s Box","DollysMirror","Gremlin Horn"],"acts_visited":["Exordium","TheCity","TheBeyond"],"potions_floor_usage":[7,16,28,33,33,33,42,44],"damage_taken":[{"damage":0,"enemies":"Small Slimes","floor":1,"turns":3},{"damage":7,"enemies":"2 Louse","floor":3,"turns":2},{"damage":3,"enemies":"Cultist","floor":4,"turns":5},{"damage":21,"enemies":"Lagavulin","floor":7,"turns":6},{"damage":3,"enemies":"Gremlin Nob","floor":12,"turns":3},{"damage":10,"enemies":"Lagavulin Event","floor":13,"turns":3},{"damage":4,"enemies":"Lots of Slimes","floor":14,"turns":2},{"damage":34,"enemies":"Hexaghost","floor":16,"turns":6},{"damage":5,"enemies":"3 Byrds","floor":18,"turns":5},{"damage":0,"enemies":"Chosen","floor":21,"turns":2},{"damage":3,"enemies":"Shelled Parasite and Fungi","floor":22,"turns":2},{"damage":22,"enemies":"Gremlin Leader","floor":24,"turns":4},{"damage":4,"enemies":"Cultist and Chosen","floor":25,"turns":3},{"damage":6,"enemies":"Book of Stabbing","floor":28,"turns":4},{"damage":11,"enemies":"Snake Plant","floor":29,"turns":2},{"damage":15,"enemies":"Collector","floor":33,"turns":6},{"damage":11,"enemies":"3 Shapes","floor":35,"turns":2},{"damage":2,"enemies":"3 Darklings","floor":36,"turns":2},{"damage":27,"enemies":"Jaw Worm Horde","floor":39,"turns":3},{"damage":12,"enemies":"Writhing Mass","floor":42,"turns":4},{"damage":53,"enemies":"Orin","floor":44,"turns":6}],"seed_played":"4025258730003404076","potions_obtained":[{"floor":3,"key":"Weak Potion"},{"floor":13,"key":"SteroidPotion"},{"floor":16,"key":"Strength Potion"},{"floor":18,"key":"SneckoOil"},{"floor":24,"key":"Strength Potion"},{"floor":29,"key":"AttackPotion"},{"floor":33,"key":"Dexterity Potion"},{"floor":39,"key":"GrandPatriotsElixir:ReiMu"}],"is_trial":false,"path_per_floor":["M","?","M","M","$","R","E","?","T","R","?","E","?","M","R","B",null,"M","$","?","M","M","R","E","M","T","R","E","M","R","?","R","B",null,"M","M","$","?","M","R","$","M","T","?"],"character_chosen":"HERMIT","items_purchased":["hermit:Enervate","hermit:Quickdraw","DollysMirror","Dramatic Entrance"],"campfire_rested":4,"item_purchase_floors":[19,19,37,37],"current_hp_per_floor":[75,81,74,71,71,71,50,50,50,50,50,47,37,33,57,23,81,76,76,76,76,73,73,51,47,47,71,65,54,78,78,78,63,81,70,68,68,68,41,65,65,53,53,0,0],"gold":77,"neow_bonus":"REMOVE_TWO","is_daily":false,"chose_seed":false,"campfire_upgraded":4,"win_rate":0.0,"timestamp":1610565001,"path_taken":["M","?","M","M","$","R","E","?","T","R","?","E","?","M","R","BOSS","M","$","?","M","M","R","E","M","T","R","E","M","R","?","R","BOSS","M","M","$","?","?","R","?","M","T","?"],"items_purchased_type":["Card","Card","Relic","Card"],"build_version":"2020-12-22","purchased_purges":2,"victory":false,"max_hp_per_floor":[75,81,81,81,81,81,81,81,81,81,81,81,81,81,81,81,81,81,81,81,81,81,81,81,81,81,81,81,81,81,81,81,81,81,81,81,81,81,81,81,81,81,81,81,81],"card_choices":[{"not_picked":["hermit:HoleUp","hermit:LoneWolf"],"picked":"hermit:Snipe","floor":1},{"not_picked":["hermit:DeadMansHand","hermit:HoleUp"],"picked":"hermit:Scavenge","floor":3},{"not_picked":["hermit:Maintenance","hermit:GhostlyPresence"],"picked":"hermit:Headshot","floor":4},{"not_picked":["hermit:FullyLoaded","hermit:Dive","hermit:Roulette"],"picked":"SKIP","floor":7},{"not_picked":["hermit:Gestalt","hermit:Horror"],"picked":"hermit:Headshot","floor":12},{"not_picked":["hermit:Spite","hermit:Coalescence"],"picked":"hermit:Grudge","floor":13},{"not_picked":["hermit:Shortfuse","hermit:TakeCover"],"picked":"hermit:Dive","floor":14},{"not_picked":["hermit:Adapt","hermit:EternalForm"],"picked":"hermit:HeroicBravado","floor":16},{"not_picked":["hermit:Roulette","hermit:CalledShot"],"picked":"hermit:Quickdraw","floor":18},{"not_picked":["hermit:Roulette","hermit:Vantage"],"picked":"hermit:Virtue","floor":21},{"not_picked":["hermit:Dive","hermit:LuckOfTheDraw"],"picked":"hermit:HeroicBravado","floor":22},{"not_picked":["hermit:GhostlyPresence","hermit:Shortfuse","hermit:CursedWeapon"],"picked":"SKIP","floor":24},{"not_picked":["hermit:Ricochet","hermit:Dive"],"picked":"hermit:NoHoldsBarred","floor":25},{"not_picked":["hermit:Spite","hermit:Deadeye","hermit:Shortfuse+1"],"picked":"SKIP","floor":28},{"not_picked":["hermit:Manifest","hermit:Ricochet"],"picked":"hermit:Misfire","floor":29},{"not_picked":["hermit:HoleUp","hermit:EyeOfTheStorm+1"],"picked":"hermit:BodyArmor","floor":35},{"not_picked":["hermit:HoleUp","hermit:DeadMansHand+1"],"picked":"hermit:Quickdraw+1","floor":36},{"not_picked":["hermit:Ricochet","hermit:GoldenBullet","hermit:Desperado"],"picked":"SKIP","floor":39},{"not_picked":["hermit:HighCaliber+1","hermit:Glare"],"picked":"hermit:Scavenge","floor":42}],"player_experience":524848,"relics_obtained":[{"floor":7,"key":"AntiCross"},{"floor":9,"key":"InkBottle"},{"floor":12,"key":"CrazyTorch:ReiMu"},{"floor":13,"key":"Bag of Marbles"},{"floor":24,"key":"Letter Opener"},{"floor":26,"key":"Bottled Lightning"},{"floor":28,"key":"Potion Belt"},{"floor":43,"key":"Gremlin Horn"}],"event_choices":[{"damage_healed":0,"gold_gain":0,"player_choice":"RENOUNCE","damage_taken":11,"max_hp_gain":0,"max_hp_loss":0,"event_name":"betterThird:BetterSerpent","floor":2,"gold_loss":11,"cards_obtained":["Enlightenment"]},{"cards_removed":["hermit:Strike_Hermit"],"damage_healed":0,"gold_gain":0,"player_choice":"Card Removal","damage_taken":0,"max_hp_gain":0,"max_hp_loss":0,"event_name":"The Cleric","floor":8,"gold_loss":50},{"damage_healed":0,"gold_gain":0,"player_choice":"Left","damage_taken":0,"max_hp_gain":0,"max_hp_loss":0,"event_name":"betterThird:BetterGoop","floor":11,"gold_loss":16},{"damage_healed":0,"gold_gain":0,"player_choice":"Searched \u00272\u0027 times","damage_taken":0,"max_hp_gain":0,"max_hp_loss":0,"event_name":"Dead Adventurer","floor":13,"gold_loss":0},{"damage_healed":0,"gold_gain":99,"player_choice":"Steal","damage_taken":0,"max_hp_gain":0,"max_hp_loss":0,"event_name":"betterThird:BetterNest","floor":20,"gold_loss":0},{"damage_healed":0,"gold_gain":0,"player_choice":"Ignored","damage_taken":0,"max_hp_gain":0,"max_hp_loss":0,"event_name":"Vampires","floor":31,"gold_loss":0},{"damage_healed":0,"gold_gain":0,"player_choice":"Ignored","damage_taken":0,"max_hp_gain":0,"max_hp_loss":0,"event_name":"Transmorgrifier","floor":38,"gold_loss":0},{"damage_healed":0,"gold_gain":0,"player_choice":"Fight","damage_taken":0,"max_hp_gain":0,"max_hp_loss":0,"event_name":"OrinTheCat","floor":44,"gold_loss":0}],"is_beta":false,"boss_relics":[{"not_picked":["hermit:DentedPlate","RedLine:ReiMu"],"picked":"Cursed Key"},{"not_picked":["Snecko Eye","Coffee Dripper"],"picked":"Pandora\u0027s Box"}],"items_purged_floors":[19,37],"is_endless":false,"potions_floor_spawned":[3,13,16,18,24,29,33,39],"killed_by":"Orin","ascension_level":1}}