{"host":"oigynbtg272c19pw","time":1610574541,"event":{"mods":["BaseMod","Colored Map","Minty Spire (QoL Compilation)","Relic Stats","StSLib"],"gold_per_floor":[361,97,114,114,129,129,157,157,184,211,211,242,261,279,279,279,279],"floor_reached":16,"playtime":578,"items_purged":["Normality"],"score":220,"play_id":"276e4615-b124-40c1-a57d-15470ed0ff54","local_time":"20210113224901","is_ascension_mode":true,"campfire_choices":[{"data":"Feel No Pain","floor":6.0,"key":"SMITH"},{"floor":8.0,"key":"REST"},{"floor":11.0,"key":"REST"},{"floor":15,"key":"REST"}],"circlet_count":0,"master_deck":["AscendersBane","Strike_R","Strike_R","Strike_R","Strike_R","Defend_R","Defend_R","Defend_R","Defend_R","Bash","Pommel Strike","Twin Strike","Pommel Strike","Disarm","Feel No Pain+1","Evolve","Carnage"],"relics":["Burning Blood","Sling","Tiny Chest","Odd Mushroom","Bottled Tornado"],"acts_visited":["Exordium"],"potions_floor_usage":[],"damage_taken":[{"damage":13.0,"enemies":"Jaw Worm","floor":1.0,"turns":6.0},{"damage":12.0,"enemies":"Small Slimes","floor":3.0,"turns":4.0},{"damage":1.0,"enemies":"2 Louse","floor":5.0,"turns":2.0},{"damage":52.0,"enemies":"Gremlin Nob","floor":7.0,"turns":5.0},{"damage":24.0,"enemies":"The Mushroom Lair","floor":10.0,"turns":5.0},{"damage":17.0,"enemies":"3 Sentries","floor":12.0,"turns":8.0},{"damage":20.0,"enemies":"Gremlin Gang","floor":13.0,"turns":8.0},{"damage":13,"enemies":"2 Fungi Beasts","floor":14,"turns":4},{"damage":18,"enemies":"Hexaghost","floor":16,"turns":8}],"seed_played":"1569193153923640486","potions_obtained":[{"floor":1.0,"key":"Block Potion"},{"floor":7.0,"key":"LiquidMemories"}],"is_trial":false,"path_per_floor":["M","$","M","?","M","R","E","R","T","?","R","E","M","M","R","B"],"character_chosen":"IRONCLAD","items_purchased":["Sling","Twin Strike"],"campfire_rested":3,"item_purchase_floors":[2,2],"current_hp_per_floor":[61,61,55,55,60,60,14,36,36,18,40,29,15,8,30,12,12],"gold":279,"neow_bonus":"TWO_FIFTY_GOLD","is_daily":false,"chose_seed":false,"campfire_upgraded":1,"win_rate":0.0,"timestamp":1610574541,"path_taken":["M","$","M","?","M","R","E","R","T","?","R","E","M","M","R","BOSS"],"items_purchased_type":["Relic","Card"],"build_version":"2020-12-13","purchased_purges":1,"victory":false,"max_hp_per_floor":[75,75,75,75,75,75,75,75,75,75,75,75,75,75,75,75,75],"relic_stats":{"counters":[9,50],"Tiny Chest":0,"obtain_stats":[{"Tiny Chest":7,"Odd Mushroom":10,"Bottled Tornado":12,"Sling":2,"Burning Blood":0},{"Tiny Chest":4,"Odd Mushroom":5,"Bottled Tornado":6,"Sling":1,"Burning Blood":0},{"Tiny Chest":17,"Odd Mushroom":22,"Bottled Tornado":30,"Sling":6,"Burning Blood":0}],"Burning Blood":48},"card_choices":[{"not_picked":["True Grit","Pummel"],"picked":"Pommel Strike","floor":1.0},{"not_picked":["Body Slam","Headbutt"],"picked":"Pommel Strike","floor":3.0},{"not_picked":["Flex","Bloodletting"],"picked":"Feel No Pain","floor":5.0},{"not_picked":["Body Slam","Rupture"],"picked":"Evolve","floor":7.0},{"not_picked":["Heavy Blade","Body Slam","Sever Soul"],"picked":"SKIP","floor":12.0},{"not_picked":["Pommel Strike","Wild Strike","Ghostly Armor"],"picked":"SKIP","floor":13.0},{"not_picked":["Pommel Strike","Armaments"],"picked":"Carnage","floor":14}],"player_experience":1384095,"relics_obtained":[{"floor":7.0,"key":"Tiny Chest"},{"floor":10.0,"key":"Odd Mushroom"},{"floor":12.0,"key":"Bottled Tornado"}],"event_choices":[{"damage_healed":0.0,"max_hp_gain":0.0,"max_hp_loss":0.0,"gold_gain":0.0,"cards_transformed":["Strike_R"],"event_name":"Living Wall","player_choice":"Change","floor":4.0,"gold_loss":0.0,"damage_taken":0.0,"cards_obtained":["Disarm"]},{"damage_healed":0.0,"max_hp_gain":0.0,"max_hp_loss":0.0,"gold_gain":0.0,"event_name":"Mushrooms","player_choice":"Fought Mushrooms","floor":10.0,"gold_loss":0.0,"damage_taken":0.0}],"is_beta":false,"boss_relics":[],"items_purged_floors":[2],"is_endless":false,"potions_floor_spawned":[1,7],"killed_by":"Hexaghost","ascension_level":20}}