{"host":"j4g6ia6asvpyu2b0","time":1610541669,"event":{"mods":["BaseMod","Colored Map","Minty Spire (QoL Compilation)","Permanent Neow","Quick Restart","Relic Stats","StSLib","Unceasing Turn Reminder"],"gold_per_floor":[113,113,125,138,138,167,177,210,210,210,210,221,255,430,430,529,529,546,237,269,285,299,332,347,378,429,449,548,548,562,502,502,597,597,613,660,677,899,918,918,944,944,944,979,998,1033,1033,1058,1058,1058,1058],"floor_reached":50,"language":"ENG","playtime":2208,"items_purged":["Doubt"],"score":1025,"play_id":"5d40265d-88f1-48bf-bdcb-433fe57d0be1","local_time":"20210113054109","is_ascension_mode":true,"campfire_choices":[{"data":"Fission","floor":10.0,"key":"SMITH"},{"floor":15.0,"key":"REST"},{"floor":29.0,"key":"RECALL"},{"data":"Double Energy","floor":32.0,"key":"SMITH"},{"data":"Biased Cognition","floor":40,"key":"SMITH"},{"floor":42,"key":"REST"},{"floor":47,"key":"REST"},{"data":"Sweeping Beam","floor":49,"key":"SMITH"}],"circlet_count":0,"master_deck":["AscendersBane","Strike_B","Defend_B","Defend_B","Defend_B","Defend_B","Zap+1","Dualcast","Sweeping Beam+1","Compile Driver","Self Repair","Fission+1","White Noise","Apotheosis+1","Gash","Self Repair","Biased Cognition+1","Loop","Defragment","Cold Snap","Gash+1","Glacier","Sweeping Beam","Conserve Battery","Core Surge","Doom and Gloom","Sweeping Beam","Multi-Cast","Double Energy+1","Core Surge","Conserve Battery","Ball Lightning","Stack"],"relics":["Cracked Core","Letter Opener","Potion Belt","Lantern","Sundial","Runic Dome","Bag of Preparation","Red Mask","Kunai","Boot","Busted Crown","Bird Faced Urn","Bronze Scales","Frozen Egg 2","Bag of Marbles","Turnip","Incense Burner"],"acts_visited":["Exordium","TheCity","TheBeyond"],"potions_floor_usage":[],"damage_taken":[{"damage":4.0,"enemies":"2 Louse","floor":1.0,"turns":2.0},{"damage":0.0,"enemies":"Small Slimes","floor":3.0,"turns":2.0},{"damage":1.0,"enemies":"Cultist","floor":4.0,"turns":3.0},{"damage":30.0,"enemies":"3 Sentries","floor":6.0,"turns":7.0},{"damage":1.0,"enemies":"2 Fungi Beasts","floor":7.0,"turns":3.0},{"damage":36.0,"enemies":"Gremlin Nob","floor":8.0,"turns":5.0},{"damage":3.0,"enemies":"Looter","floor":12.0,"turns":3.0},{"damage":16.0,"enemies":"Lagavulin","floor":13.0,"turns":5.0},{"damage":43.0,"enemies":"The Guardian","floor":16.0,"turns":13.0},{"damage":17.0,"enemies":"2 Thieves","floor":18.0,"turns":5.0},{"damage":16.0,"enemies":"Masked Bandits","floor":20.0,"turns":3.0},{"damage":11.0,"enemies":"Spheric Guardian","floor":21.0,"turns":4.0},{"damage":12.0,"enemies":"Cultist and Chosen","floor":22.0,"turns":4.0},{"damage":23.0,"enemies":"Slavers","floor":23.0,"turns":6.0},{"damage":13.0,"enemies":"3 Cultists","floor":24.0,"turns":6.0},{"damage":6.0,"enemies":"Book of Stabbing","floor":25.0,"turns":6.0},{"damage":8.0,"enemies":"Sentry and Sphere","floor":27.0,"turns":5.0},{"damage":2.0,"enemies":"Snake Plant","floor":30.0,"turns":5.0},{"damage":7.0,"enemies":"Collector","floor":33.0,"turns":5.0},{"damage":9.0,"enemies":"Orb Walker","floor":35.0,"turns":4.0},{"damage":4.0,"enemies":"2 Orb Walkers","floor":36.0,"turns":4.0},{"damage":19.0,"enemies":"3 Darklings","floor":37.0,"turns":5.0},{"damage":31,"enemies":"4 Shapes","floor":39,"turns":6},{"damage":61,"enemies":"Reptomancer","floor":41,"turns":5},{"damage":60,"enemies":"Nemesis","floor":44,"turns":7},{"damage":47,"enemies":"Jaw Worm Horde","floor":45,"turns":4},{"damage":0,"enemies":"Reptomancer","floor":46,"turns":4},{"damage":36,"enemies":"Giant Head","floor":48,"turns":9},{"damage":81,"enemies":"Awakened One","floor":50,"turns":11}],"seed_played":"-4484089939931479183","potions_obtained":[{"floor":4.0,"key":"EssenceOfSteel"},{"floor":6.0,"key":"SpeedPotion"},{"floor":16.0,"key":"SpeedPotion"},{"floor":18.0,"key":"AttackPotion"},{"floor":21.0,"key":"LiquidBronze"},{"floor":25.0,"key":"DuplicationPotion"},{"floor":27.0,"key":"LiquidMemories"},{"floor":30.0,"key":"ColorlessPotion"},{"floor":33.0,"key":"EssenceOfSteel"},{"floor":36.0,"key":"SpeedPotion"}],"is_trial":false,"path_per_floor":["M","?","M","M","?","E","M","E","T","R","?","M","E","?","R","B",null,"M","$","?","M","M","E","M","E","T","M","?","R","M","?","R","B",null,"M","?","M","?","M","R","E","R","T","E","M","E","R","E","R","B"],"character_chosen":"DEFECT","items_purchased":["Defragment","Bag of Preparation"],"campfire_rested":3,"item_purchase_floors":[19,19],"current_hp_per_floor":[64,57,57,56,61,38,44,22,22,22,22,29,20,20,44,18,65,65,65,69,78,80,77,80,80,80,79,79,79,80,80,80,80,80,80,80,80,80,71,71,37,61,61,45,30,59,80,70,70,0,0],"gold":1058,"neow_bonus":"UPGRADE_CARD","is_daily":false,"chose_seed":false,"campfire_upgraded":4,"win_rate":0.0,"timestamp":1610541669,"path_taken":["M","?","M","M","?","E","M","E","T","R","?","?","E","?","R","BOSS","M","$","?","M","M","E","M","E","T","M","?","R","?","?","R","BOSS","M","?","M","?","M","R","E","R","T","E","M","E","R","E","R","BOSS"],"items_purchased_type":["Card","Relic"],"build_version":"2020-12-22","purchased_purges":1,"victory":false,"max_hp_per_floor":[75,75,75,75,80,80,80,80,80,80,80,80,80,80,80,80,80,80,80,80,80,80,80,80,80,80,80,80,80,80,80,80,80,80,80,80,80,80,80,80,80,80,80,80,80,80,80,80,80,80,80],"relic_stats":{"Busted Crown":20,"counters":[29,151],"Sundial":[12],"Bird Faced Urn":[78],"Bronze Scales":[101],"Turnip":[0],"Bag of Preparation":[38],"Letter Opener":[296],"Kunai":[33],"Boot":[42],"obtain_stats":[{"Potion Belt":8,"Lantern":9,"Bag of Preparation":19,"Incense Burner":48,"Letter Opener":6,"Frozen Egg 2":43,"Boot":25,"Runic Dome":17,"Busted Crown":34,"Sundial":13,"Bird Faced Urn":36,"Bronze Scales":41,"Turnip":46,"Red Mask":20,"Bag of Marbles":44,"Kunai":23,"Cracked Core":0},{"Potion Belt":6,"Lantern":6,"Bag of Preparation":10,"Incense Burner":28,"Letter Opener":4,"Frozen Egg 2":24,"Boot":16,"Runic Dome":9,"Busted Crown":19,"Sundial":8,"Bird Faced Urn":21,"Bronze Scales":24,"Turnip":27,"Red Mask":11,"Bag of Marbles":25,"Kunai":14,"Cracked Core":0},{"Potion Belt":22,"Lantern":22,"Bag of Preparation":48,"Incense Burner":140,"Letter Opener":14,"Frozen Egg 2":116,"Boot":77,"Runic Dome":43,"Busted Crown":92,"Sundial":30,"Bird Faced Urn":100,"Bronze Scales":116,"Turnip":131,"Red Mask":51,"Bag of Marbles":123,"Kunai":65,"Cracked Core":0}]},"card_choices":[{"not_picked":["Streamline","Lockon"],"picked":"Sweeping Beam","floor":1.0},{"not_picked":["Coolheaded","Undo"],"picked":"Compile Driver","floor":3.0},{"not_picked":["Barrage","Consume"],"picked":"Self Repair","floor":4.0},{"not_picked":["Turbo","Hologram"],"picked":"Self Repair","floor":6.0},{"not_picked":["Steam Power","Hello World"],"picked":"Fission","floor":7.0},{"not_picked":["Cold Snap","Turbo"],"picked":"White Noise","floor":8.0},{"not_picked":["Steam Power","Reprogram"],"picked":"Gash","floor":12.0},{"not_picked":["Blizzard","Gash"],"picked":"Self Repair","floor":13.0},{"not_picked":["Hyperbeam","Meteor Strike"],"picked":"Biased Cognition","floor":16.0},{"not_picked":["Steam","Double Energy"],"picked":"Loop","floor":18.0},{"not_picked":["Conserve Battery","Scrape"],"picked":"Cold Snap","floor":20.0},{"not_picked":["Heatsinks+1","Redo+1"],"picked":"Gash+1","floor":21.0},{"not_picked":["Lockon","Redo"],"picked":"Glacier","floor":22.0},{"not_picked":["Turbo","Go for the Eyes"],"picked":"Sweeping Beam","floor":23.0},{"not_picked":["Steam","Beam Cell"],"picked":"Conserve Battery","floor":24.0},{"not_picked":["Stack","Auto Shields+1"],"picked":"Core Surge","floor":25.0},{"not_picked":["Streamline","Beam Cell"],"picked":"Doom and Gloom","floor":27.0},{"not_picked":["Hologram","Streamline"],"picked":"Sweeping Beam","floor":30.0},{"not_picked":["Multi-Cast","Rainbow"],"picked":"Core Surge","floor":33.0},{"not_picked":["Go for the Eyes"],"picked":"SKIP","floor":35.0},{"not_picked":[],"picked":"Conserve Battery","floor":36.0},{"not_picked":["Genetic Algorithm"],"picked":"SKIP","floor":37},{"not_picked":["Rip and Tear"],"picked":"SKIP","floor":39},{"not_picked":["Rebound+1"],"picked":"SKIP","floor":41},{"not_picked":["Scrape+1"],"picked":"SKIP","floor":44},{"not_picked":[],"picked":"Ball Lightning","floor":45},{"not_picked":[],"picked":"Stack","floor":46},{"not_picked":["Beam Cell+1"],"picked":"SKIP","floor":48}],"player_experience":830943,"relics_obtained":[{"floor":6.0,"key":"Letter Opener"},{"floor":8.0,"key":"Potion Belt"},{"floor":9.0,"key":"Lantern"},{"floor":13.0,"key":"Sundial"},{"floor":20.0,"key":"Red Mask"},{"floor":23.0,"key":"Kunai"},{"floor":25.0,"key":"Boot"},{"floor":36.0,"key":"Bird Faced Urn"},{"floor":41,"key":"Bronze Scales"},{"floor":43,"key":"Frozen Egg 2"},{"floor":44,"key":"Bag of Marbles"},{"floor":46,"key":"Turnip"},{"floor":48,"key":"Incense Burner"}],"event_choices":[{"cards_removed":["Strike_B"],"damage_healed":0.0,"max_hp_gain":0.0,"max_hp_loss":0.0,"gold_gain":0.0,"event_name":"Golden Wing","player_choice":"Card Removal","floor":2.0,"gold_loss":0.0,"damage_taken":7.0},{"damage_healed":0.0,"max_hp_gain":5.0,"max_hp_loss":0.0,"gold_gain":0.0,"event_name":"Big Fish","player_choice":"Donut","floor":5.0,"gold_loss":0.0,"damage_taken":0.0},{"cards_removed":["Self Repair"],"damage_healed":0.0,"max_hp_gain":0.0,"max_hp_loss":0.0,"gold_gain":0.0,"event_name":"NoteForYourself","player_choice":"Took Card","floor":11.0,"gold_loss":0.0,"damage_taken":0.0,"cards_obtained":["Apotheosis"]},{"damage_healed":0.0,"max_hp_gain":0.0,"max_hp_loss":0.0,"gold_gain":175.0,"event_name":"Liars Game","player_choice":"AGREE","floor":14.0,"gold_loss":0.0,"damage_taken":0.0,"cards_obtained":["Doubt"]},{"damage_healed":0.0,"max_hp_gain":0.0,"max_hp_loss":0.0,"gold_gain":0.0,"event_name":"Masked Bandits","player_choice":"Fought Bandits","floor":20.0,"gold_loss":0.0,"damage_taken":0.0},{"damage_healed":0.0,"max_hp_gain":0.0,"max_hp_loss":0.0,"gold_gain":99.0,"event_name":"Nest","player_choice":"Stole From Cult","floor":28.0,"gold_loss":0.0,"damage_taken":0.0},{"damage_healed":0.0,"max_hp_gain":0.0,"max_hp_loss":0.0,"gold_gain":0.0,"cards_transformed":["Strike_B","Strike_B"],"event_name":"Designer","player_choice":"Transformed Cards","floor":31.0,"gold_loss":60.0,"damage_taken":0.0,"cards_obtained":["Multi-Cast","Double Energy"]},{"damage_healed":0.0,"max_hp_gain":0.0,"max_hp_loss":0.0,"gold_gain":0.0,"event_name":"Mysterious Sphere","player_choice":"Fight","floor":36.0,"gold_loss":0.0,"damage_taken":0.0},{"damage_healed":0,"gold_gain":222,"player_choice":"Wore Mask","damage_taken":0,"max_hp_gain":0,"max_hp_loss":0,"event_name":"Tomb of Lord Red Mask","floor":38,"gold_loss":0}],"is_beta":false,"boss_relics":[{"not_picked":["Tiny House","Velvet Choker"],"picked":"Runic Dome"},{"not_picked":["Philosopher\u0027s Stone","Empty Cage"],"picked":"Busted Crown"}],"items_purged_floors":[19],"is_endless":false,"potions_floor_spawned":[4,6,16,18,21,25,27,30,33,36,37,39,45,46],"killed_by":"Awakened One","ascension_level":11}}