{"host":"xm0tf1maiknh0fp9","time":1610514038,"event":{"mods":["BaseMod","Colored Map","Colored Powertips","Googly Eyes","Minty Spire (QoL Compilation)","Replay The Spire","StSLib"],"gold_per_floor":[119,131,206,218,218,218,250,250,303,175,175,233,233,248,248,248,248],"floor_reached":16,"language":"ENG","playtime":774,"items_purged":["Strike_G"],"score":103,"play_id":"7040f92c-5e05-4c85-8276-804fbe1651f4","local_time":"20210113000038","is_ascension_mode":true,"campfire_choices":[{"floor":6,"key":"REST"},{"data":"Neutralize","floor":8,"key":"SMITH"},{"floor":13,"key":"REST"},{"floor":15,"key":"REST"}],"circlet_count":0,"master_deck":["Strike_G","Strike_G","Strike_G","Strike_G","Defend_G","Defend_G","Defend_G","Defend_G","Defend_G","Survivor","Neutralize+1","ReplayTheSpireMod:Tripwire+1","Replay:Bag of Tricks+1","Burst","Accuracy"],"relics":["Replay:Bronze Core","Smiling Mask","MealTicket","Byrd Skull","Meat on the Bone"],"acts_visited":["Exordium"],"potions_floor_usage":[7,16],"damage_taken":[{"damage":0,"enemies":"2 Louse","floor":1,"turns":4},{"damage":1,"enemies":"Jaw Worm","floor":2,"turns":5},{"damage":3,"enemies":"Small Slimes","floor":4,"turns":5},{"damage":5,"enemies":"Replay:BlueRogue","floor":7,"turns":7},{"damage":51,"enemies":"Lagavulin Event","floor":12,"turns":13},{"damage":12,"enemies":"Exordium Thugs","floor":14,"turns":9},{"damage":77,"enemies":"Fading Forest","floor":16,"turns":10}],"seed_played":"-4976496972534872416","potions_obtained":[{"floor":1,"key":"Strength Potion"},{"floor":12,"key":"Reflective Coating"}],"is_trial":false,"path_per_floor":["M","M","?","M","?","R","E","R","T","$","T","?","R","M","R","B"],"character_chosen":"THE_SILENT","items_purchased":["Burst"],"campfire_rested":3,"item_purchase_floors":[10],"current_hp_per_floor":[70,69,58,55,41,62,57,57,57,70,70,19,40,40,61,0,0],"gold":248,"neow_bonus":"BOSS_RELIC","is_daily":false,"chose_seed":false,"campfire_upgraded":1,"win_rate":0.0,"timestamp":1610514038,"path_taken":["M","M","?","M","?","R","E","R","T","$","?","?","R","M","R","BOSS"],"items_purchased_type":["Card"],"build_version":"2020-12-22","purchased_purges":1,"victory":false,"max_hp_per_floor":[70,70,70,70,70,70,70,70,70,70,70,70,70,70,70,70,70],"card_choices":[{"not_picked":["Poisoned Stab","Deflect"],"picked":"ReplayTheSpireMod:Tripwire","floor":1},{"not_picked":["Prepared","Deflect","Dagger Throw"],"picked":"SKIP","floor":2},{"not_picked":["Concentrate","Flying Knee"],"picked":"Replay:Bag of Tricks","floor":4},{"not_picked":["Dodge and Roll","Blur","Eviscerate"],"picked":"SKIP","floor":7},{"not_picked":["Flechettes","Escape Plan"],"picked":"Accuracy","floor":12},{"not_picked":["Blur","Deadly Poison","Dodge and Roll"],"picked":"SKIP","floor":14}],"player_experience":109255,"relics_obtained":[{"floor":7,"key":"Smiling Mask"},{"floor":9,"key":"MealTicket"},{"floor":11,"key":"Byrd Skull"},{"floor":12,"key":"Meat on the Bone"}],"event_choices":[{"damage_healed":0,"gold_gain":75,"player_choice":"Gather Gold","damage_taken":11,"max_hp_gain":0,"max_hp_loss":0,"event_name":"World of Goop","floor":3,"gold_loss":0},{"damage_healed":0,"gold_gain":0,"player_choice":"Entered Light","damage_taken":14,"max_hp_gain":0,"max_hp_loss":0,"event_name":"Shining Light","floor":5,"gold_loss":0,"cards_upgraded":["ReplayTheSpireMod:Tripwire","Replay:Bag of Tricks"]},{"damage_healed":0,"gold_gain":30,"player_choice":"Searched \u00272\u0027 times","damage_taken":0,"max_hp_gain":0,"max_hp_loss":0,"event_name":"Dead Adventurer","floor":12,"gold_loss":0}],"is_beta":false,"boss_relics":[],"items_purged_floors":[10],"is_endless":false,"potions_floor_spawned":[1,12],"killed_by":"Fading Forest","ascension_level":1}}