{"host":"tcdxiwht2vajk3tk","time":1610555754,"event":{"mods":["AchievementEnabler","BaseMod","Beaked The Cultist","Conspire","Defuse TimeMaze Blight","Downfall","Halation","Hermit","Hubris","Infinite Spire","Lobotomy","Minty Spire (QoL Compilation)","Replay The Spire","Shop Mod","StSLib","The Cursed","The Disciple","vexMod"],"gold_per_floor":[116,126,139,139,159,188,206,233,233,233,233,258,104,104,104,205,871,882,892,992,394,404,435,435,450,518,612,755,948,1027,1203,1203,1343,1343,1386,1296,765,861,785,785,974,1081,1081,1110,1137,1137,1320,1320,1320,1731,1731,1736,1736,1795,1870,1906,2026,2026,2076,2127,2127,2127,2137,2531,2544,2544,2713,2713,2772,2772,2786,1847,1315,1315,1358,1358,1384,1431,1431,1431,1431,1528,1528,1753,1753,1797,1032,1032,1062,1037,1060,1065,169,169,470,570,605,48,48,67,67,85,85,254,254,266,266,284,282,282,525,525,525],"floor_reached":119,"language":"ENG","playtime":14465,"items_purged":["Pride","Pride","Scarecrow","Porccubus","Regret","Variant","BodiesMountain","NothingThere","BlackSwan"],"score":2841,"play_id":"dae35193-e3c3-453b-b2ff-323e1cac2564","local_time":"20210113113554","is_ascension_mode":true,"campfire_choices":[{"floor":11.0,"key":"REST"},{"floor":15.0,"key":"REST"},{"floor":24.0,"key":"REST"},{"data":"beaked:BloodRitual","floor":32.0,"key":"SMITH"},{"data":"beaked:Ceremony","floor":40.0,"key":"SMITH"},{"data":"beaked:AwakenedForm","floor":46.0,"key":"SMITH"},{"data":"Apotheosis","floor":49.0,"key":"SMITH"},{"data":"beaked:ScreechingChant","floor":58.0,"key":"SMITH"},{"data":"infinitespire:UltimateForm","floor":62.0,"key":"SMITH"},{"data":"beaked:Ceremony","floor":66.0,"key":"SMITH"},{"data":"beaked:Ceremony","floor":74.0,"key":"SMITH"},{"data":"beaked:AwakenedForm","floor":76.0,"key":"SMITH"},{"data":"beaked:MachineSpirit","floor":83.0,"key":"SMITH"},{"data":"beaked:ScreechingChant","floor":100.0,"key":"SMITH"},{"data":"beaked:LiftOff","floor":100.0,"key":"SMITH"},{"data":"beaked:KnowThyFoe","floor":109,"key":"SMITH"},{"data":"Barricade","floor":109,"key":"SMITH"},{"data":"beaked:SacrificialScars","floor":113,"key":"SMITH"},{"data":"ReplayTheSpireMod:Owlgaze","floor":113,"key":"SMITH"},{"data":"infinitespire:UltimateForm","floor":117,"key":"SMITH"},{"data":"beaked:RitualOfBody","floor":117,"key":"SMITH"}],"circlet_count":0,"master_deck":["beaked:Strike_Y","beaked:Strike_Y","beaked:Strike_Y","beaked:Strike_Y","beaked:Strike_Y","beaked:Defend_Y","beaked:Defend_Y","beaked:Defend_Y","beaked:Ceremony+1","beaked:Ceremony+1","beaked:Ceremony+1","ShyLook","beaked:TuckingFeathers","MHz","beaked:Foresight","Wellcheers","beaked:SacrificialAttack+1","beaked:Evade","OSAHOGD","beaked:Brace","Scorched","beaked:Recite","BeautyBeast","beaked:ShadowFade","RedShoes","beaked:VigorBurst","FieryBird","beaked:DarkTribute","Bloodbath","beaked:BloodRitual+1","OldLady","beaked:VolatileMisfortune","beaked:DigDeep","LongBird","beaked:WarriorEssence","Murderer","beaked:BounceBack+1","beaked:DigDeep+1","SingingMachine","beaked:MimicHuntress","WallGazer","beaked:Hexing","VoidDream","beaked:MimicMachine","Rudolta","beaked:Overpower+1","beaked:VigorBurst","beaked:ScreechingChant+1","Laetitia","beaked:RitualOfBody+1","Apotheosis+1","expansioncontent:AwakenDeath","beaked:Overexert+1","GalaxyChild","beaked:MachineSpirit+1","beaked:AwakenedForm+1","BlueStar","beaked:LiftOff+1","beaked:SacrificialDive","beaked:BraceForImpact","infinitespire:UltimateForm+1","beaked:ScreechingChant+1","Mercenary","beaked:TuckingFeathers","SilentOrchestra","beaked:Tweet","MeltingLove","beaked:MaddeningMurmurs","Woodsman","beaked:WarriorEssence","DreamingCurrent","beaked:BraceForImpact","BigBird","Rupture","beaked:MachineSpirit+1","beaked:VigorBurst","HappyTeddy","beaked:AwakenedForm+1","Cleave","beaked:RitualOfBody","expansioncontent:CaCaw","beaked:VigorBurst","beaked:Evade","Barricade+1","beaked:FeelMyPain","beaked:Sacrifice","beaked:MachineSpirit","Anger","beaked:KnowThyFoe+1","infinitespire:TheBestDefense","beaked:Foresight","beaked:VigorBurst","Anger","beaked:VigorBurst","beaked:SacrificialScars+1","ReplayTheSpireMod:Owlgaze+1","infinitespire:UltimateForm+1","beaked:Hexing","beaked:ShadowFade"],"relics":["beaked:BlessedCoat","CogitoBucket","hubris:SphereOfDissonance","HellTrain","HornCleat","Replay:Ringing Soul","vexMod:ScavengeHelm","Mango","MerchantsRug","halation:PinkSoulGem","vexMod:RockOfEvil","AspirationHeart","TungstenRod","Chemical X","vexMod:ConsolationPrize","ReplayTheSpireMod:Ninjato","vexMod:PlasmaPancake","Theresia","AtMidnight","hubris:Teleporter","vexMod:TanglingVine","beaked:RitualPlumage","Sundial","conspire:Dentures","Ring of Chaos","infinitespire:Joker Card","BackwardClock","hubris:DisguiseKit","halation:WeightlessCrab","Bag of Marbles","halation:EternalFortune","hubris:TerracottaHorce","CaptainsWheel","Unceasing Top","Replay:Bottled Flurry","ReplayTheSpireMod:CursedCoin","ReplayFunnel","hubris:Metronome","hubris:Towel","ClockworkSouvenir","Blood Vial","infinitespire:Lucky Rock","Happy Flower","Art of War","halation:Thesaurus","Durian","Replay:Arrowhead","hubris:DeckOfHolding","LuminousBracelet","Replay:Wanted Poster","Ancient Tea Set","CeramicFish","halation:PeacePiece","halation:Toothbrush","infinitespire:ShieldingShard","halation:PrussianBluePaint","Pondfish Scales","conspire:SeveredTorchhead","halation:Jellyphish","Replay:Grab Bag","vexMod:EndlessSickness","conspire:SlowCooker","halation:MonkeysPaw"],"acts_visited":["Exordium","TheCity","TheBeyond","Exordium","TheCity","TheBeyond","Exordium","TheCity"],"potions_floor_usage":[],"damage_taken":[{"damage":18.0,"enemies":"infinitespire:Voidling","floor":1.0,"turns":4.0},{"damage":11.0,"enemies":"Jaw Worm","floor":2.0,"turns":5.0},{"damage":2.0,"enemies":"conspire:RoseBush","floor":3.0,"turns":5.0},{"damage":20.0,"enemies":"Large Slime","floor":5.0,"turns":9.0},{"damage":20.0,"enemies":"Gremlin Nob","floor":6.0,"turns":4.0},{"damage":23.0,"enemies":"conspire:2 RoseBushes","floor":7.0,"turns":4.0},{"damage":15.0,"enemies":"3 Sentries","floor":8.0,"turns":4.0},{"damage":48.0,"enemies":"Lagavulin","floor":12.0,"turns":5.0},{"damage":46.0,"enemies":"The Guardian","floor":16.0,"turns":8.0},{"damage":15.0,"enemies":"3 Byrds","floor":18.0,"turns":5.0},{"damage":5.0,"enemies":"2 Thieves","floor":19.0,"turns":2.0},{"damage":40.0,"enemies":"Snecko","floor":22.0,"turns":5.0},{"damage":43.0,"enemies":"Slavers","floor":23.0,"turns":4.0},{"damage":0.0,"enemies":"Snake Plant","floor":25.0,"turns":1.0},{"damage":83.0,"enemies":"Centurion and Healer","floor":27.0,"turns":6.0},{"damage":118.0,"enemies":"Gremlin Leader","floor":28.0,"turns":8.0},{"damage":178.0,"enemies":"Shelled Parasite and Fungi","floor":29.0,"turns":14.0},{"damage":106.0,"enemies":"Cultist and Chosen","floor":30.0,"turns":5.0},{"damage":193.0,"enemies":"Slavers","floor":31.0,"turns":6.0},{"damage":37.0,"enemies":"Collector","floor":33.0,"turns":5.0},{"damage":28.0,"enemies":"3 Shapes","floor":35.0,"turns":5.0},{"damage":83.0,"enemies":"3 Darklings","floor":38.0,"turns":5.0},{"damage":158.0,"enemies":"Nightmare","floor":41.0,"turns":7.0},{"damage":90.0,"enemies":"Jaw Worm Horde","floor":42.0,"turns":5.0},{"damage":12.0,"enemies":"Transient","floor":44.0,"turns":8.0},{"damage":16.0,"enemies":"3 Darklings","floor":45.0,"turns":6.0},{"damage":163.0,"enemies":"Writhing Mass","floor":47.0,"turns":3.0},{"damage":309.0,"enemies":"Time Eater","floor":50.0,"turns":19.0},{"damage":1.0,"enemies":"2 Louse","floor":52.0,"turns":1.0},{"damage":61.0,"enemies":"infinitespire:Voidling","floor":54.0,"turns":3.0},{"damage":35.0,"enemies":"Small Slimes","floor":56.0,"turns":3.0},{"damage":107.0,"enemies":"Lagavulin","floor":57.0,"turns":4.0},{"damage":44.0,"enemies":"Gremlin Nob","floor":59.0,"turns":2.0},{"damage":13.0,"enemies":"3 Louse","floor":63.0,"turns":3.0},{"damage":140.0,"enemies":"Lagavulin","floor":64.0,"turns":5.0},{"damage":18.0,"enemies":"Exordium Thugs","floor":65.0,"turns":2.0},{"damage":88.0,"enemies":"Slime Boss","floor":67.0,"turns":4.0},{"damage":67.0,"enemies":"3 Byrds","floor":69.0,"turns":4.0},{"damage":1.0,"enemies":"Spheric Guardian","floor":71.0,"turns":2.0},{"damage":34.0,"enemies":"Replay:Snechameleon","floor":75.0,"turns":3.0},{"damage":24.0,"enemies":"conspire:SneckoGhost","floor":78.0,"turns":2.0},{"damage":129.0,"enemies":"conspire:HollyBat","floor":82.0,"turns":9.0},{"damage":178.0,"enemies":"Champ","floor":84.0,"turns":10.0},{"damage":57.0,"enemies":"3 Darklings","floor":86.0,"turns":6.0},{"damage":29.0,"enemies":"R_Hoarder","floor":91.0,"turns":4.0},{"damage":10.0,"enemies":"3 Shapes","floor":96.0,"turns":2.0},{"damage":268.0,"enemies":"conspire:OrnateMirror","floor":101.0,"turns":12.0},{"damage":37.0,"enemies":"Jaw Worm","floor":103.0,"turns":3.0},{"damage":0,"enemies":"Cultist","floor":106,"turns":2},{"damage":13,"enemies":"3 Sentries","floor":108,"turns":7},{"damage":150,"enemies":"Lagavulin","floor":110,"turns":4},{"damage":9,"enemies":"infinitespire:Voidling","floor":112,"turns":2},{"damage":2,"enemies":"Large Slime","floor":116,"turns":5},{"damage":153,"enemies":"Hexaghost","floor":118,"turns":2}],"seed_played":"406599746978743824","potions_obtained":[{"floor":2.0,"key":"AttackPotion"},{"floor":3.0,"key":"ColorlessPotion"},{"floor":8.0,"key":"Toxic Potion"},{"floor":12.0,"key":"Elixir"},{"floor":18.0,"key":"GamblersBrew"},{"floor":22.0,"key":"SkillPotion"},{"floor":25.0,"key":"LiquidBronze"},{"floor":29.0,"key":"Fruit Juice"},{"floor":31.0,"key":"AttackPotion"},{"floor":33.0,"key":"Reflective Coating"},{"floor":38.0,"key":"SpeedPotion"},{"floor":42.0,"key":"EntropicBrew"},{"floor":44.0,"key":"sneckomod:MuddlingPotion"},{"floor":45.0,"key":"Fire Potion"},{"floor":52.0,"key":"DuplicationPotion"},{"floor":53.0,"key":"Fruit Juice"},{"floor":53.0,"key":"champ:CounterPotion"}],"is_trial":false,"path_per_floor":["M","M","M","?","M","E","M","E","T","?","R","E","$","?","R","B",null,"M","M","?","$","M","E","R","M","T","M","E","M","M","E","R","B",null,"M","?","$","M","$","R","NM","M","T","M","M","R","M","AVR","R","B",null,"M","?","M","?","M","E","R","E","T","?","R","M","E","M","R","B",null,"M","?","M","$","$","R","E","R","T","E","?","?","?","M","R","B",null,"M","$","?","E","?","T","M","$","R","B",null,"M","$","?","M","T","E","R","E","T","M","R","AVR","M","R","B",null],"character_chosen":"BEAKED_THE_CULTIST","items_purchased":["MerchantsRug","TungstenRod","Chemical X","beaked:DigDeep","beaked:RitualPlumage","Apotheosis","expansioncontent:AwakenDeath","Block Potion","Energy Potion","CaptainsWheel","Turnip","halation:Sosunser","expansioncontent:CaCaw","Unceasing Top","Replay:Bottled Flurry","ReplayTheSpireMod:CursedCoin","beaked:Sacrifice","ClockworkSouvenir","Blood Vial","infinitespire:Lucky Rock","halation:Thesaurus","Replay:Arrowhead","hubris:DeckOfHolding","beaked:VigorBurst","Ancient Tea Set","CeramicFish","halation:PeacePiece"],"campfire_rested":3,"item_purchase_floors":[13,21,21,21,37,37,37,39,39,72,72,72,72,73,73,73,88,88,88,88,98,98,98,104,104,104,104],"current_hp_per_floor":[47,49,50,50,50,35,23,20,20,20,35,25,25,25,46,42,70,75,94,94,97,69,48,78,84,84,74,79,100,71,40,40,140,140,25,25,28,138,138,138,152,121,121,158,161,161,139,142,142,167,169,173,178,139,129,129,76,76,86,86,89,89,134,94,160,160,210,210,216,216,219,222,225,225,236,236,236,229,229,229,229,236,236,242,242,245,248,248,251,251,251,254,259,259,280,283,286,294,294,297,297,308,308,187,187,208,208,214,322,322,168,168,168],"gold":525,"neow_bonus":"","is_daily":false,"chose_seed":false,"campfire_upgraded":18,"win_rate":0.0,"timestamp":1610555754,"path_taken":["M","M","?","?","M","E","M","E","T","?","R","E","?","?","R","BOSS","M","M","?","$","M","E","R","?","T","M","E","M","M","E","R","BOSS","M","?","$","?","?","R","NM","M","T","?","M","R","M","AVR","R","BOSS","M","?","?","?","M","E","R","E","T","?","R","M","E","M","R","BOSS","M","?","M","?","$","R","E","R","T","E","?","?","?","M","R","BOSS","M","$","?","E","?","T","M","$","R","BOSS","M","$","?","M","?","E","R","E","T","M","R","AVR","M","R","BOSS"],"items_purchased_type":["Relic","Relic","Relic","Card","Relic","Card","Card","Potion","Potion","Relic","Relic","Relic","Card","Relic","Relic","Relic","Card","Relic","Relic","Relic","Relic","Relic","Relic","Card","Relic","Relic","Relic"],"build_version":"2020-12-22","purchased_purges":9,"victory":false,"max_hp_per_floor":[50,50,50,50,50,50,50,50,50,50,50,72,72,72,72,75,78,81,94,94,97,100,103,103,106,106,109,118,126,129,137,137,140,140,143,143,146,149,149,149,152,155,155,158,161,161,164,167,167,170,170,173,178,181,181,184,187,187,190,190,193,193,196,199,207,207,210,210,216,216,219,222,225,225,236,236,236,236,236,236,236,239,239,242,242,245,248,248,251,251,251,254,259,259,280,283,286,294,294,297,297,308,308,307,307,310,310,316,322,322,168,168,168],"card_choices":[{"not_picked":["UniverseFragment","Scorched","Bloodbath"],"picked":"Singing Bowl","floor":1.0},{"not_picked":["MHz","Wellcheers"],"picked":"ShyLook","floor":1.0},{"not_picked":["beaked:CursingBlood","beaked:Flinch"],"picked":"beaked:TuckingFeathers","floor":1.0},{"not_picked":["GalaxyChild","MeatLantern","BeautyBeast"],"picked":"Singing Bowl","floor":2.0},{"not_picked":["Murderer","VoidDream"],"picked":"MHz","floor":2.0},{"not_picked":["beaked:CrazyRituals","beaked:Tweet"],"picked":"beaked:Foresight","floor":2.0},{"not_picked":["PunishingBird","Murderer","UniverseFragment"],"picked":"Singing Bowl","floor":3.0},{"not_picked":["CherryBlossoms","UniverseFragment"],"picked":"Wellcheers","floor":3.0},{"not_picked":["beaked:TuckingFeathers","beaked:SurvivalInstinct"],"picked":"beaked:Roost","floor":3.0},{"not_picked":["HappyTeddy","PunishingBird"],"picked":"BlackSwan","floor":5.0},{"not_picked":["beaked:Flinch","beaked:Tradeoff"],"picked":"beaked:Evade","floor":5.0},{"not_picked":["CherryBlossoms","Freischutz","FairyFestival"],"picked":"Singing Bowl","floor":6.0},{"not_picked":["SpiderBud","Woodsman"],"picked":"OSAHOGD","floor":6.0},{"not_picked":["beaked:Redirect","beaked:CursingBlood"],"picked":"beaked:Brace","floor":6.0},{"not_picked":["Funeral","FairyFestival","WallGazer"],"picked":"Singing Bowl","floor":7.0},{"not_picked":["MeatLantern","DespairKnight"],"picked":"Scorched","floor":7.0},{"not_picked":["beaked:Negation","beaked:Flinch"],"picked":"beaked:Recite","floor":7.0},{"not_picked":["BeautyBeast","CrumblingArmor","BigBadWolf"],"picked":"Singing Bowl","floor":8.0},{"not_picked":["Murderer","PunishingBird"],"picked":"BeautyBeast","floor":8.0},{"not_picked":["beaked:Daydream","beaked:BarbedWire"],"picked":"beaked:ShadowFade","floor":8.0},{"not_picked":["CrumblingArmor","Mercenary","Murderer"],"picked":"Singing Bowl","floor":12.0},{"not_picked":["SpiderBud","DreamingCurrent"],"picked":"RedShoes","floor":12.0},{"not_picked":["beaked:BraceForImpact","beaked:Windmill"],"picked":"beaked:VigorBurst","floor":12.0},{"not_picked":["Funeral","UniverseFragment"],"picked":"FieryBird","floor":16.0},{"not_picked":["beaked:Brainwash","beaked:FakeOut"],"picked":"beaked:DarkTribute","floor":16.0},{"not_picked":["WhitesApple","UniverseFragment","DespairKnight"],"picked":"Singing Bowl","floor":18.0},{"not_picked":["BigBird","UniverseFragment"],"picked":"Bloodbath","floor":18.0},{"not_picked":["beaked:SacrificialAttack+1","beaked:HuntressEssence+1"],"picked":"beaked:BloodRitual","floor":18.0},{"not_picked":["Murderer","SnowQueen"],"picked":"OldLady","floor":19.0},{"not_picked":["beaked:Insight","beaked:BloodForTheGods+1"],"picked":"beaked:VolatileMisfortune","floor":19.0},{"not_picked":["CherryBlossoms","NakedNest"],"picked":"LongBird","floor":22.0},{"not_picked":["beaked:Poke+1","beaked:Resilience"],"picked":"beaked:WarriorEssence","floor":22.0},{"not_picked":["WhiteNight","Freischutz","CrumblingArmor"],"picked":"Singing Bowl","floor":23.0},{"not_picked":["FairyFestival","SpiderBud"],"picked":"Murderer","floor":23.0},{"not_picked":["beaked:Pecker+1","beaked:Tradeoff"],"picked":"beaked:BounceBack","floor":23.0},{"not_picked":["WallGazer","BlackArmy"],"picked":"NothingThere","floor":25.0},{"not_picked":["beaked:Devastation","beaked:Replenish"],"picked":"beaked:DigDeep+1","floor":25.0},{"not_picked":["SpiderBud","BigBird"],"picked":"SingingMachine","floor":27.0},{"not_picked":["beaked:CrazyRituals","beaked:Resilience"],"picked":"beaked:MimicHuntress","floor":27.0},{"not_picked":["MeatLantern","Yin","Funeral"],"picked":"Singing Bowl","floor":28.0},{"not_picked":["BodiesMountain","CherryBlossoms"],"picked":"WallGazer","floor":28.0},{"not_picked":["beaked:Windmill+1","beaked:Resilience"],"picked":"beaked:Hexing","floor":28.0},{"not_picked":["LaLuna","DespairKnight"],"picked":"VoidDream","floor":29.0},{"not_picked":["beaked:Evade","beaked:Redirect+1"],"picked":"beaked:MimicMachine","floor":29.0},{"not_picked":["Funeral","MeatLantern","QueenBee"],"picked":"Singing Bowl","floor":30.0},{"not_picked":["FairyFestival","LittleHelper"],"picked":"Rudolta","floor":30.0},{"not_picked":["beaked:Roost","beaked:RuinSticks"],"picked":"beaked:Overpower+1","floor":30.0},{"not_picked":["DespairKnight","GalaxyChild","BlackArmy"],"picked":"Singing Bowl","floor":31.0},{"not_picked":["Laetitia","FairyFestival"],"picked":"Yin","floor":31.0},{"not_picked":["beaked:Flinch","beaked:Resilience"],"picked":"beaked:VigorBurst","floor":31.0},{"not_picked":["beaked:MachineEssence","ReplayTheSpireMod:Owlgaze"],"picked":"beaked:ScreechingChant","floor":33.0},{"not_picked":["CrumblingArmor","QueenOfHatred","CherryBlossoms"],"picked":"Singing Bowl","floor":35.0},{"not_picked":["FairyFestival","UniverseFragment"],"picked":"Laetitia","floor":35.0},{"not_picked":["beaked:Windmill","beaked:TuckingFeathers"],"picked":"beaked:RitualOfBody","floor":35.0},{"not_picked":["BodiesMountain","HappyTeddy","DreamingCurrent"],"picked":"Singing Bowl","floor":38.0},{"not_picked":["beaked:StickSmack+1","beaked:Redirect+1"],"picked":"beaked:Overexert+1","floor":38.0},{"not_picked":["UniverseFragment","WhiteNight","Freischutz"],"picked":"Singing Bowl","floor":41.0},{"not_picked":["LittleHelper","BigBadWolf"],"picked":"GalaxyChild","floor":41.0},{"not_picked":["beaked:CursingBlood+1","beaked:LiftOff"],"picked":"beaked:MachineSpirit+1","floor":41.0},{"not_picked":["QueenBee","WhitesApple","DreamingCurrent"],"picked":"Singing Bowl","floor":42.0},{"not_picked":["SnowQueen","BlackArmy"],"picked":"Scarecrow","floor":42.0},{"not_picked":["beaked:Insight","beaked:StickSmack"],"picked":"beaked:AwakenedForm","floor":42.0},{"not_picked":["BigBird","Variant","FairyFestival"],"picked":"Singing Bowl","floor":44.0},{"not_picked":["GreedKing","SnowQueen"],"picked":"BlueStar","floor":44.0},{"not_picked":["beaked:DigDeeper+1","beaked:MimicHuntress+1"],"picked":"beaked:LiftOff","floor":44.0},{"not_picked":["HappyTeddy","FairyFestival","GreedKing"],"picked":"Singing Bowl","floor":45.0},{"not_picked":["GreedKing","HeroicMonk"],"picked":"Porccubus","floor":45.0},{"not_picked":["beaked:MimicHuntress+1","beaked:Resilience+1"],"picked":"beaked:SacrificialDive","floor":45.0},{"not_picked":["SnowQueen","QueenBee"],"picked":"Variant","floor":47.0},{"not_picked":["beaked:CursingBlood+1","ReplayTheSpireMod:Wings of Steel"],"picked":"beaked:BraceForImpact","floor":47.0},{"not_picked":["SpiderBud","LittlePrince","QueenOfHatred"],"picked":"Singing Bowl","floor":50.0},{"not_picked":["beaked:FullHouse","beaked:VolatileMisfortune"],"picked":"beaked:ScreechingChant","floor":50.0},{"not_picked":["DespairKnight","LittleHelper"],"picked":"Mercenary","floor":52.0},{"not_picked":["beaked:Tradeoff","beaked:Flinch"],"picked":"beaked:TuckingFeathers","floor":52.0},{"not_picked":["Woodsman","GreedKing"],"picked":"SilentOrchestra","floor":54.0},{"not_picked":["beaked:DigDeep","beaked:Tradeoff"],"picked":"beaked:Tweet","floor":54.0},{"not_picked":["DreamingCurrent","Alriune"],"picked":"MeltingLove","floor":56.0},{"not_picked":["beaked:SurvivalInstinct","beaked:CursingBlood"],"picked":"beaked:MaddeningMurmurs","floor":56.0},{"not_picked":["DreamingCurrent","WhitesApple","LaLuna"],"picked":"Singing Bowl","floor":57.0},{"not_picked":["BlackArmy","Scarecrow"],"picked":"Woodsman","floor":57.0},{"not_picked":["beaked:MimicHuntress","beaked:Tradeoff"],"picked":"beaked:WarriorEssence","floor":57.0},{"not_picked":["LittleHelper","Funeral"],"picked":"DreamingCurrent","floor":59.0},{"not_picked":["beaked:Roost","beaked:TuckingFeathers","ReplayTheSpireMod:Strike From Hell"],"picked":"beaked:BraceForImpact","floor":59.0},{"not_picked":["LittleHelper","CENSORED","BigBird"],"picked":"Singing Bowl","floor":63.0},{"not_picked":["LittlePrince","Alriune"],"picked":"BigBird","floor":63.0},{"not_picked":["beaked:MimicHuntress","beaked:Windmill","beaked:DigDeep"],"picked":"Rupture","floor":63.0},{"not_picked":["Alriune","QueenOfHatred"],"picked":"BodiesMountain","floor":64.0},{"not_picked":["beaked:Daydream","beaked:HuntressSpirit","Twin Strike"],"picked":"beaked:MachineSpirit","floor":64.0},{"not_picked":["HeroicMonk","LittleHelper"],"picked":"Alriune","floor":65.0},{"not_picked":["beaked:FeelMyPain","beaked:Devastation","Hemogenesis"],"picked":"beaked:VigorBurst","floor":65.0},{"not_picked":["QueenOfHatred","NakedNest","LittlePrince"],"picked":"Singing Bowl","floor":67.0},{"not_picked":["BlackArmy","BigBadWolf"],"picked":"HappyTeddy","floor":67.0},{"not_picked":["beaked:LiftOff","beaked:WildInstinct","hubris:StunningStrike"],"picked":"beaked:AwakenedForm","floor":67.0},{"not_picked":["GreedKing","Funeral","HeroicMonk"],"picked":"Singing Bowl","floor":69.0},{"not_picked":["LaLuna","QueenBee"],"picked":"SnowQueen","floor":69.0},{"not_picked":["beaked:Negation","beaked:SurvivalInstinct","beaked:Insight"],"picked":"Cleave","floor":69.0},{"not_picked":["BigBadWolf","CENSORED","LittlePrince"],"picked":"Singing Bowl","floor":71.0},{"not_picked":["beaked:Foresight","beaked:DigDeeper","Headbutt"],"picked":"beaked:RitualOfBody","floor":71.0},{"not_picked":["BlackArmy","Scarecrow","WhiteNight"],"picked":"Singing Bowl","floor":75.0},{"not_picked":["beaked:Tweet+1","beaked:SurvivalInstinct+1","ReplayTheSpireMod:Strike From Hell"],"picked":"beaked:VigorBurst","floor":75.0},{"not_picked":["WhiteNight","DespairKnight","BigBadWolf"],"picked":"Singing Bowl","floor":78.0},{"not_picked":["beaked:Insight","beaked:Negation+1","beaked:Redirect","Headbutt"],"picked":"SKIP","floor":78.0},{"not_picked":["Freischutz","CENSORED","DespairKnight"],"picked":"Singing Bowl","floor":82.0},{"not_picked":["beaked:DigDeep+1","beaked:Flinch","Run Through"],"picked":"beaked:Evade","floor":82.0},{"not_picked":["QueenBee","BlackArmy","BigBadWolf"],"picked":"Singing Bowl","floor":84.0},{"not_picked":["beaked:MachineEssence","beaked:ShadowFade","beaked:DarkPact"],"picked":"Barricade","floor":84.0},{"not_picked":["BlackArmy","WhiteNight","CENSORED"],"picked":"Singing Bowl","floor":86.0},{"not_picked":["beaked:Brace","beaked:Molting","Feel No Pain"],"picked":"beaked:FeelMyPain","floor":86.0},{"not_picked":["WhiteNight","CENSORED","SnowQueen"],"picked":"Singing Bowl","floor":91.0},{"not_picked":["beaked:Brace","beaked:Windmill","Pummel"],"picked":"beaked:MachineSpirit","floor":91.0},{"not_picked":["BlackArmy","CENSORED","WhiteNight"],"picked":"Singing Bowl","floor":96.0},{"not_picked":["beaked:Mantra+1","beaked:SacrificialAttack+1","beaked:StunningBlow+1"],"picked":"Anger","floor":96.0},{"not_picked":["QueenBee","WhitesApple","BodiesMountain"],"picked":"Singing Bowl","floor":101.0},{"not_picked":["beaked:LiftOff","beaked:Caw","Fiend Fire"],"picked":"beaked:KnowThyFoe","floor":101.0},{"not_picked":["infinitespire:FutureSight","infinitespire:Oblivion"],"picked":"infinitespire:TheBestDefense","floor":102.0},{"not_picked":["BlackArmy","CENSORED","BodiesMountain"],"picked":"Singing Bowl","floor":103.0},{"not_picked":["beaked:BraceForImpact","beaked:Daydream","ReplayTheSpireMod:Corrosion Curse"],"picked":"beaked:Foresight","floor":103.0},{"not_picked":["BlackArmy","WhiteNight","CENSORED"],"picked":"Singing Bowl","floor":106},{"not_picked":["beaked:Redirect","beaked:SurvivalInstinct","beaked:Poke"],"picked":"Anger","floor":106},{"not_picked":["CENSORED","WhiteNight","NothingThere"],"picked":"Singing Bowl","floor":108},{"not_picked":["beaked:DigDeep","beaked:MachineEssence","Pummel"],"picked":"beaked:VigorBurst","floor":108},{"not_picked":["Scarecrow","BodiesMountain","BlackArmy"],"picked":"Singing Bowl","floor":110},{"not_picked":["beaked:Mantra","ReplayTheSpireMod:Wings of Steel","Havoc"],"picked":"beaked:SacrificialScars","floor":110},{"not_picked":["CENSORED","BlackArmy","BodiesMountain"],"picked":"Singing Bowl","floor":112},{"not_picked":["beaked:Foresight","beaked:Struggle","Infernal Blade"],"picked":"ReplayTheSpireMod:Owlgaze","floor":112},{"not_picked":["NothingThere","CENSORED","BlackArmy"],"picked":"Singing Bowl","floor":116},{"not_picked":["beaked:Daydream","beaked:WarriorEssence","Evolve"],"picked":"beaked:Hexing","floor":116},{"not_picked":["CENSORED","NothingThere","WhiteNight"],"picked":"Singing Bowl","floor":118},{"not_picked":["beaked:DarkPact","beaked:Caw","conspire:Purge"],"picked":"beaked:ShadowFade","floor":118}],"player_experience":1549872,"relics_obtained":[{"floor":6.0,"key":"hubris:SphereOfDissonance"},{"floor":8.0,"key":"HornCleat"},{"floor":9.0,"key":"Replay:Ringing Soul"},{"floor":10.0,"key":"vexMod:ScavengeHelm"},{"floor":12.0,"key":"Mango"},{"floor":23.0,"key":"vexMod:ConsolationPrize"},{"floor":26.0,"key":"ReplayTheSpireMod:Ninjato"},{"floor":28.0,"key":"vexMod:PlasmaPancake"},{"floor":29.0,"key":"AtMidnight"},{"floor":31.0,"key":"hubris:Teleporter"},{"floor":41.0,"key":"Sundial"},{"floor":43.0,"key":"conspire:Dentures"},{"floor":57.0,"key":"hubris:DisguiseKit"},{"floor":59.0,"key":"halation:WeightlessCrab"},{"floor":60.0,"key":"Bag of Marbles"},{"floor":64.0,"key":"Old Coin"},{"floor":75.0,"key":"halation:EternalFortune"},{"floor":75.0,"key":"ReplayFunnel"},{"floor":77.0,"key":"Replay:Baseball"},{"floor":78.0,"key":"hubris:Metronome"},{"floor":91.0,"key":"Happy Flower"},{"floor":94.0,"key":"Art of War"},{"floor":101.0,"key":"halation:EternalFortune"},{"floor":107,"key":"halation:Toothbrush"},{"floor":108,"key":"infinitespire:ShieldingShard"},{"floor":110,"key":"halation:EternalFortune"},{"floor":110,"key":"halation:PrussianBluePaint"},{"floor":111,"key":"Pondfish Scales"},{"floor":116,"key":"halation:EternalFortune"},{"floor":118,"key":"halation:EternalFortune"}],"event_choices":[{"damage_healed":0.0,"max_hp_gain":0.0,"max_hp_loss":0.0,"gold_gain":100.0,"event_name":"Golden Shrine","player_choice":"Pray","floor":20.0,"gold_loss":0.0,"damage_taken":0.0},{"cards_removed":["Pride"],"damage_healed":0.0,"max_hp_gain":0.0,"max_hp_loss":0.0,"gold_gain":0.0,"event_name":"Designer","player_choice":"Upgrade and Remove","floor":36.0,"gold_loss":90.0,"damage_taken":0.0,"cards_upgraded":["beaked:BounceBack"]},{"damage_healed":0.0,"max_hp_gain":0.0,"max_hp_loss":0.0,"gold_gain":0.0,"event_name":"Lab","player_choice":"Got Potions","floor":53.0,"gold_loss":0.0,"damage_taken":0.0},{"damage_healed":0.0,"max_hp_gain":0.0,"max_hp_loss":0.0,"gold_gain":75.0,"event_name":"World of Goop","player_choice":"Gather Gold","floor":55.0,"gold_loss":0.0,"damage_taken":11.0},{"cards_removed":["Alriune"],"damage_healed":0.0,"max_hp_gain":0.0,"max_hp_loss":0.0,"gold_gain":0.0,"event_name":"Bonfire Elementals","player_choice":"Offered Uncommon","floor":70.0,"gold_loss":0.0,"damage_taken":0.0},{"cards_removed":["SnowQueen"],"damage_healed":0.0,"max_hp_gain":0.0,"max_hp_loss":0.0,"gold_gain":0.0,"event_name":"Back to Basics","player_choice":"Elegance","floor":80.0,"gold_loss":0.0,"damage_taken":0.0},{"damage_healed":0.0,"max_hp_gain":0.0,"max_hp_loss":0.0,"gold_gain":0.0,"event_name":"conspire:Investor","player_choice":"Leave","floor":105.0,"gold_loss":0.0,"damage_taken":0.0}],"is_beta":false,"boss_relics":[{"not_picked":["Coffee Dripper","vexMod:MegatonBomb"],"picked":"vexMod:RockOfEvil"},{"not_picked":["vexMod:MysteryBossChallenge","Replay:Bronze Core"],"picked":"vexMod:TanglingVine"},{"not_picked":["halation:ForbiddenBikini","Pandora\u0027s Box","halation:Risk"]},{"not_picked":["Abe\u0027s Treasure","conspire:SeveredTorchhead"],"picked":"hubris:TerracottaHorce"},{"not_picked":["Snecko Eye","beaked:FlawlessSticks"],"picked":"beaked:BlessedCoat"},{"not_picked":["Runic Pyramid","vexMod:DeviousBotling"],"picked":"Replay:Wanted Poster"},{"not_picked":["Empty Cage","vexMod:MysteryBossChallenge"],"picked":"Replay:Grab Bag"},{"not_picked":["halation:CatFaceCupcake","Fusion Hammer"],"picked":"vexMod:EndlessSickness"},{"not_picked":["ReplayTheSpireMod:DimensionalGlitch","halation:IncompleteEncyclopedia"],"picked":"conspire:SlowCooker"},{"not_picked":["halation:Risk","halation:Yufonium"],"picked":"halation:MonkeysPaw"}],"items_purged_floors":[21,37,48,72,73,88,98,104,115],"is_endless":true,"potions_floor_spawned":[2,3,8,12,18,22,25,29,31,33,38,42,44,45,47,52,54,59,63,67,71,91,96,103,108,118],"ascension_level":6}}