{"host":"3y2rtlgteqp2nuo3","time":1610543159,"event":{"mods":["2.2 Compatiblity","AchievementEnabler","BaseMod","Colored Map","DeckTracker","Highlight Path","Keyboard Shortcuts","Minty Spire (QoL Compilation)","Permanent Neow","Quick Restart","StSLib","SuperFastMode","everything is the same but u backflip on backflip"],"gold_per_floor":[111,126,138,153,168,168,193,118,141,141,141,157,157,167,167,167,167],"floor_reached":16,"language":"KOR","playtime":392,"items_purged":["Strike_G"],"score":156,"play_id":"671a632f-c3ac-46d9-83a9-d389b5ba2199","local_time":"20210113220559","is_ascension_mode":true,"campfire_choices":[{"data":"Neutralize","floor":6.0,"key":"SMITH"},{"floor":13,"key":"REST"},{"floor":15,"key":"REST"}],"circlet_count":0,"master_deck":["AscendersBane","Strike_G","Strike_G","Strike_G","Defend_G","Defend_G","Defend_G","Defend_G","Defend_G","Survivor","Neutralize+1","Dash","Predator","Crippling Poison","Acrobatics","Poisoned Stab","Dagger Throw"],"relics":["Ring of the Snake","Vajra","Lantern","Shovel"],"acts_visited":["Exordium"],"potions_floor_usage":[],"damage_taken":[{"damage":12.0,"enemies":"Small Slimes","floor":1.0,"turns":7.0},{"damage":2.0,"enemies":"Jaw Worm","floor":2.0,"turns":6.0},{"damage":0.0,"enemies":"Cultist","floor":3.0,"turns":4.0},{"damage":4.0,"enemies":"Large Slime","floor":4.0,"turns":8.0},{"damage":3.0,"enemies":"2 Fungi Beasts","floor":5.0,"turns":5.0},{"damage":26.0,"enemies":"Gremlin Nob","floor":7.0,"turns":5.0},{"damage":0,"enemies":"3 Louse","floor":12,"turns":3},{"damage":2,"enemies":"Exordium Wildlife","floor":14,"turns":5},{"damage":0,"enemies":"Slime Boss","floor":16,"turns":3}],"seed_played":"-7679016440142662286","potions_obtained":[{"floor":2.0,"key":"GamblersBrew"},{"floor":3.0,"key":"Block Potion"},{"floor":7.0,"key":"PowerPotion"}],"is_trial":false,"path_per_floor":["M","M","M","M","M","R","E","$","T","?","T","M","R","M","R","B"],"character_chosen":"THE_SILENT","items_purchased":[],"campfire_rested":2,"item_purchase_floors":[],"current_hp_per_floor":[51,49,49,45,42,42,16,16,16,16,16,16,37,35,56,56,56],"gold":167,"neow_bonus":"REMOVE_CARD","is_daily":false,"chose_seed":false,"campfire_upgraded":1,"win_rate":0.0,"timestamp":1610543159,"path_taken":["M","M","M","M","M","R","E","$","T","?","?","M","R","M","R","BOSS"],"items_purchased_type":[],"build_version":"2020-12-22","purchased_purges":1,"victory":false,"max_hp_per_floor":[70,70,70,70,70,70,70,70,70,70,70,70,70,70,70,70,70],"card_choices":[{"not_picked":["Deflect","Slice"],"picked":"Dash","floor":1.0},{"not_picked":["Deflect","Quick Slash","Underhanded Strike"],"picked":"SKIP","floor":2.0},{"not_picked":["Dash","Backflip"],"picked":"Predator","floor":3.0},{"not_picked":["Predator","Heel Hook"],"picked":"Crippling Poison","floor":4.0},{"not_picked":["Expertise","Underhanded Strike"],"picked":"Acrobatics","floor":5.0},{"not_picked":["Sucker Punch","Eviscerate"],"picked":"Poisoned Stab","floor":7.0},{"not_picked":["Slice","Backflip","All Out Attack"],"picked":"SKIP","floor":12},{"not_picked":["Reflex","Accuracy"],"picked":"Dagger Throw","floor":14}],"player_experience":685861,"relics_obtained":[{"floor":7.0,"key":"Vajra"},{"floor":9.0,"key":"Lantern"},{"floor":11,"key":"Shovel"}],"event_choices":[{"damage_healed":0,"gold_gain":0,"player_choice":"Searched \u00270\u0027 times","damage_taken":0,"max_hp_gain":0,"max_hp_loss":0,"event_name":"Dead Adventurer","floor":10,"gold_loss":0}],"is_beta":false,"boss_relics":[],"items_purged_floors":[8],"is_endless":false,"potions_floor_spawned":[2,3,7,12],"killed_by":"Slime Boss","ascension_level":10}}