{"host":"33eci8hn4byprget","time":1610508691,"event":{"mods":["Aspiration","BaseMod","Colored Powertips","Downfall","GifTheSpireLib","Hubris","KinomotoSakuraMod(ƒæ÷Æ±æ”£)","Marisa£®ÏF”Í°°ƒß¿Ì…≥£©","Minty Spire (QoL Compilation)","Reimu£®≤©¿ˆ¡È√Œ£©","StSLib","The Construct","The Poker Player","The Servant 0.9.4"],"gold_per_floor":[99,99,374,374,374,374,427,438,458,484,484,484,484,497,507,507,507,507],"floor_reached":16,"language":"ZHS","playtime":597,"items_purged":[],"score":98,"play_id":"fe595412-d9d9-42c7-a2a5-aac440563a0d","local_time":"20210113113131","is_ascension_mode":false,"campfire_choices":[{"data":"hexamod:Sear","floor":1.0,"key":"SMITH"}],"circlet_count":0,"master_deck":["hexamod:Strike","hexamod:Strike","hexamod:Strike","hexamod:Defend","hexamod:Defend","hexamod:Defend","hexamod:Sear+1","hexamod:Float","hexamod:ShieldOfDarkness","hexamod:SpectersWail","hexamod:BurningTouch","hubris:Counter","hubris:Sniper","Grand Finale","hexamod:FourthSeal","hexamod:AdvancingGuard"],"relics":["hexamod:SpiritBrand","downfall:HeartsMalice","Potion Belt","hubris:OldNail","Dream Catcher","hubris:Icosahedron"],"acts_visited":["Exordium"],"potions_floor_usage":[16,16,16,16],"damage_taken":[{"damage":0.0,"enemies":"2 Louse","floor":2.0,"turns":1.0},{"damage":0.0,"enemies":"Cultist","floor":4.0,"turns":1.0},{"damage":0.0,"enemies":"Small Slimes","floor":6.0,"turns":1.0},{"damage":1.0,"enemies":"Exordium Thugs","floor":8.0,"turns":3.0},{"damage":0.0,"enemies":"3 Louse","floor":9.0,"turns":4.0},{"damage":19.0,"enemies":"3 Sentries","floor":10.0,"turns":8.0},{"damage":0.0,"enemies":"Blue Slaver","floor":14.0,"turns":3.0},{"damage":2.0,"enemies":"Gremlin Gang","floor":15.0,"turns":5.0},{"damage":34,"enemies":"downfall:Watcher","floor":16,"turns":9}],"seed_played":"-8911738757416980991","potions_obtained":[{"floor":9.0,"key":"FearPotion"},{"floor":10.0,"key":"Fire Potion"},{"floor":15.0,"key":"Fire Potion"}],"is_trial":false,"path_per_floor":["R","M","?","M","?","M","T","M","M","E","?","T","?","M","M","B"],"character_chosen":"THE_SPIRIT","items_purchased":[],"campfire_rested":0,"item_purchase_floors":[],"current_hp_per_floor":[70,70,70,70,70,70,70,69,69,50,50,50,50,50,48,14,14,14],"gold":507,"neow_bonus":"THREE_ENEMY_KILL","is_daily":false,"chose_seed":false,"campfire_upgraded":1,"win_rate":0.0,"timestamp":1610508691,"path_taken":["R","M","?","?","?","M","T","M","?","E","?","?","?","M","M","BOSS"],"items_purchased_type":[],"build_version":"2020-12-22","purchased_purges":0,"victory":false,"max_hp_per_floor":[70,70,70,70,70,70,70,70,70,70,70,70,70,70,70,70,70,70],"card_choices":[{"not_picked":["hexamod:NightmareGuise","hexamod:GhostOfSpirePresent","hexamod:PhantomCloak"],"picked":"SKIP","floor":2.0},{"not_picked":["hexamod:GhostLash","hexamod:StepThrough"],"picked":"hexamod:ShieldOfDarkness","floor":4.0},{"not_picked":["hexamod:GhostLash","hexamod:GhostOfSpireFuture"],"picked":"hexamod:SpectersWail","floor":6.0},{"not_picked":["hexamod:RetreatToShadows","hexamod:SkipABeat"],"picked":"hexamod:BurningTouch","floor":8.0},{"not_picked":["hexamod:GhostShield","hexamod:RainOfEmbers","hexamod:GhostOfSpireFuture"],"picked":"SKIP","floor":9.0},{"not_picked":["hexamod:SwordOfDarkness","hexamod:InspiringFlames"],"picked":"hexamod:HeatCrush","floor":10.0},{"not_picked":["hexamod:RetreatToShadows","hexamod:RecurringNightmare"],"picked":"hexamod:FourthSeal","floor":14.0},{"not_picked":["hexamod:NecessarySacrifice","hexamod:GhostLash"],"picked":"hexamod:AdvancingGuard","floor":15.0}],"player_experience":144087,"relics_obtained":[{"floor":7.0,"key":"Potion Belt"},{"floor":10.0,"key":"hubris:OldNail"},{"floor":12.0,"key":"Dream Catcher"}],"event_choices":[{"cards_removed":["Regret"],"damage_healed":0.0,"max_hp_gain":0.0,"max_hp_loss":0.0,"gold_gain":0.0,"event_name":"Wheel of Change","player_choice":"Card Removal","floor":5.0,"gold_loss":0.0,"damage_taken":0.0}],"is_beta":false,"boss_relics":[],"items_purged_floors":[],"is_endless":false,"potions_floor_spawned":[9,10],"killed_by":"downfall:Watcher","ascension_level":0}}