{"host":"pnw33a014vs8wril","time":1610548946,"event":{"mods":["BaseMod","Downfall","Highlight Path","Minty Spire (QoL Compilation)","StSLib"],"gold_per_floor":[99,114,125,35,51,77,77,2,2,20,120,120,152,37,50,50,50,50],"floor_reached":16,"language":"ENG","playtime":1315,"items_purged":["champ:Strike","champ:Defend"],"score":168,"play_id":"2cb880b4-723b-4df4-844d-34d07f2ff235","local_time":"20210113154226","is_ascension_mode":true,"campfire_choices":[{"data":"champ:Taunt","floor":1,"key":"SMITH"},{"data":"champ:Improvising","floor":8,"key":"SMITH"}],"circlet_count":0,"master_deck":["champ:Strike","champ:Defend","champ:Defend","champ:Execute","champ:Taunt+1","champ:SwordThrow+1","champ:ShieldThrow+1","champ:GutPunch+1","champ:Backstep","champ:Lariat","champ:Improvising+1","champ:ArenaPreparation","champ:DefensiveStyle","champ:BringItOn","champ:AdrenalArmor"],"relics":["Astrolabe","champ:GladiatorsBookOfMartialProwess","Gremlin Horn","downfall:HeartBlessingGreen","downfall:ShatteredFragment","WristBlade","Happy Flower"],"acts_visited":["Exordium"],"potions_floor_usage":[15],"damage_taken":[{"damage":10,"enemies":"Small Slimes","floor":2,"turns":1},{"damage":0,"enemies":"Jaw Worm","floor":3,"turns":2},{"damage":18,"enemies":"downfall:FleeingMerchant","floor":4,"turns":4},{"damage":0,"enemies":"2 Louse","floor":5,"turns":2},{"damage":19,"enemies":"Gremlin Nob","floor":6,"turns":3},{"damage":10,"enemies":"Exordium Thugs","floor":10,"turns":2},{"damage":32,"enemies":"Exordium Thugs","floor":11,"turns":2},{"damage":35,"enemies":"3 Sentries","floor":13,"turns":3},{"damage":30,"enemies":"downfall:FleeingMerchant","floor":14,"turns":4},{"damage":18,"enemies":"3 Louse","floor":15,"turns":3},{"damage":65,"enemies":"downfall:Silent","floor":16,"turns":4}],"seed_played":"-6862743057102028709","potions_obtained":[{"floor":3,"key":"Ancient Potion"},{"floor":6,"key":"champ:CounterPotion"},{"floor":11,"key":"champ:OpenerPotion"},{"floor":12,"key":"LiquidMemories"},{"floor":15,"key":"Fruit Juice"}],"is_trial":false,"path_per_floor":["R","M","M","$","M","E","T","R","?","M","?","?","E","$","M","B"],"character_chosen":"THE_CHAMP","items_purchased":[],"campfire_rested":0,"item_purchase_floors":[],"current_hp_per_floor":[90,90,90,90,90,90,90,90,63,63,59,59,59,59,64,0,0,0],"gold":50,"neow_bonus":"BOSS_RELIC","is_daily":false,"chose_seed":false,"campfire_upgraded":2,"win_rate":0.0,"timestamp":1610548946,"path_taken":["R","M","M","$","M","E","T","R","?","M","?","?","E","$","M","BOSS"],"items_purchased_type":[],"build_version":"2020-12-22","purchased_purges":2,"victory":false,"max_hp_per_floor":[90,90,90,90,90,90,90,90,90,90,90,90,90,90,95,95,95,95],"card_choices":[{"not_picked":["champ:FlashCut","champ:FanOfKnives","champ:TornadoPunch"],"picked":"SKIP","floor":2},{"not_picked":["champ:ShieldWall","champ:GutPunch"],"picked":"champ:Backstep","floor":3},{"not_picked":["champ:Circumvent","champ:SwordThrow","champ:DefensiveShout"],"picked":"SKIP","floor":4},{"not_picked":["champ:GladiatorsShout","champ:TornadoPunch"],"picked":"champ:Lariat","floor":5},{"not_picked":["champ:TornadoPunch","champ:Lariat"],"picked":"champ:Improvising","floor":6},{"not_picked":["champ:BerserkersShout","champ:DefensiveShout"],"picked":"champ:ArenaPreparation","floor":10},{"not_picked":["champ:StanceDance","champ:Duel"],"picked":"champ:DefensiveStyle","floor":11},{"not_picked":["champ:GutPunch","champ:GladiatorStyle"],"picked":"champ:BringItOn","floor":13},{"not_picked":["champ:GutPunch","champ:FaceSlap","champ:Haymaker"],"picked":"SKIP","floor":14},{"not_picked":["champ:RisingSlash","champ:GladiatorsShout"],"picked":"champ:AdrenalArmor","floor":15}],"player_experience":918513,"relics_obtained":[{"floor":6,"key":"champ:GladiatorsBookOfMartialProwess"},{"floor":7,"key":"Gremlin Horn"},{"floor":11,"key":"WristBlade"},{"floor":13,"key":"Happy Flower"}],"event_choices":[{"damage_healed":0,"gold_gain":0,"player_choice":"Got Potions","damage_taken":0,"max_hp_gain":0,"max_hp_loss":0,"event_name":"Lab","floor":12,"gold_loss":0}],"is_beta":false,"boss_relics":[],"items_purged_floors":[4,14],"is_endless":false,"potions_floor_spawned":[3,6,11,13,15],"killed_by":"downfall:Silent","ascension_level":1}}