{"host":"43pogpu2c981a0zh","time":1610509546,"event":{"mods":["100% Spire Juice","ATMod(∞¢Ë™Mod)","AchievementEnabler","Act Like it!","Astrologer","BaseMod","Better Altar","Better Match","Better Sensory Stone","CapriCore","Colored Powertips","Custom Start","Downfall","Friendly Minions","Gensokyo","Highlight Path","HololiveMod","Hubris","KinomotoSakuraMod(ƒæ÷Æ±æ”£)","Kiyohime£®«Âºß£©","Koishi","KomeijiMod","Marisa£®ÏF”Í°°ƒß¿Ì…≥£©","Minty Spire (QoL Compilation)","MostiFishMod","Pale of the Ancients","Permanent Neow","Prisma Mod","Quarter Circle Forward PUNCH!","Quick Restart","Reimu£®≤©¿ˆ¡È√Œ£©","Replay The Spire","Spicy Shops","StSLib","TestMod","The Administrix","The Animator","The Immortal","Waifu the Spire","WarShipGirlsR/’ΩΩ¢…Ÿ≈ÆR mod","Yakumo Yukari mod","°æ“≈ŒÔø®≈∆°øREMEMod"],"gold_per_floor":[115,115,45,65,81,114,128,158,158,158,186,186,204,118,118,219,219,530,749,763,777,797,830,841,871,871,886,886,886,43,57,57,160,160,176,188,206,225,242,242,260,293,293,328,340,13,32,48,48,48],"floor_reached":51,"language":"ZHS","playtime":2768,"items_purged":[],"score":1045,"play_id":"d81e69cb-711d-4bf3-b238-2789caea9a87","local_time":"20210113114546","is_ascension_mode":true,"campfire_choices":[{"data":"KiyohimeMod:Servant_TamamoNoMae","floor":10,"key":"SMITH"},{"data":"AT_ShrugMaster","floor":15,"key":"SMITH"},{"data":"KiyohimeMod:ExSpicyMapoTofu","floor":29,"key":"SMITH"},{"data":"KiyohimeMod:SteelTraining","floor":32,"key":"SMITH"},{"data":"KiyohimeMod:PrismaCosmos","floor":40,"key":"SMITH"},{"data":"KiyohimeMod:Track","floor":49,"key":"SMITH"}],"circlet_count":0,"master_deck":["KiyohimeMod:Strike","KiyohimeMod:Strike","KiyohimeMod:Defend","KiyohimeMod:Defend","KiyohimeMod:Defend","KiyohimeMod:Track+1","KiyohimeMod:Shapeshift","AT_ShrugMaster+1","KokorosuKi+1","testmod-DeathImprint","KiyohimeMod:Berserker","KiyohimeMod:ExSpicyMapoTofu+1","KiyohimeMod:SteelTraining+1","KiyohimeMod:CelestialInvertedMoon","KiyohimeMod:EatSoul","KiyohimeMod:Servant_TamamoNoMae+1","KiyohimeMod:AgainstMagic","KiyohimeMod:RedBlackKey","KiyohimeMod:AVerseOfBurningLoveStory+1","KiyohimeMod:CastleOfTheSun","KiyohimeMod:Berserker+1","KiyohimeMod:LimitedZeroOver","KiyohimeMod:HotSpringOfTheMoon+1","KiyohimeMod:CommandCard_Buster+1","KiyohimeMod:MagicCrystal","KiyohimeMod:Tenacious","KiyohimeMod:PrismaCosmos+1","KiyohimeMod:WaterTurn+1","KiyohimeMod:FacelessMoon+1","KiyohimeMod:RedBlackKey+1","KiyohimeMod:Tenacious+1","KiyohimeMod:FormalCraft","KiyohimeMod:MagicCrystal+1","KiyohimeMod:PrismaCosmos","KiyohimeMod:CommandCard_Buster+1","Finesse+1","KiyohimeMod:Berserker","KiyohimeMod:Berserker","KiyohimeMod:ImaginaryAround","KiyohimeMod:AVerseOfBurningLoveStory","KiyohimeMod:ExSpicyMapoTofu+1"],"relics":["KiyohimeMod:FireDragon","AT_ATBox","DaveBox","testmod-TestBox","REME_ComplimentaryCards","The Courier","testmod-FatalChain","SynthV:TestCard","Centennial Puzzle","ImprovedEquipment","StrikeDummy","hubris:MedicalManual","testmod-InjuryResistance","HereWithMe","Smiling Mask","hubris:BundleOfHerbs","Omamori","Toxic Egg 2","Singing Bowl","KiyohimeMod:TerritoryCreation","testmod-AssaultLearning","AT_EbonyIvory","Sozu","Torii","AT_ImmortalShieldbow","Simple Rune"],"acts_visited":["Gensokyo:Gensokyo","TheCity","TheBeyond"],"potions_floor_usage":[50,50],"damage_taken":[{"damage":2,"enemies":"Gensokyo:2_Kodama","floor":1,"turns":3},{"damage":6,"enemies":"Gensokyo:Gryphon","floor":4,"turns":3},{"damage":0,"enemies":"Gensokyo:3_Fairies","floor":5,"turns":3},{"damage":8,"enemies":"Gensokyo:Aya","floor":6,"turns":6},{"damage":8,"enemies":"Gensokyo:3_Kodama","floor":7,"turns":2},{"damage":0,"enemies":"Gensokyo:Mamizou","floor":8,"turns":10},{"damage":0,"enemies":"Gensokyo:Aya","floor":11,"turns":4},{"damage":2,"enemies":"Gensokyo:VengefulSpirit","floor":13,"turns":6},{"damage":5,"enemies":"Gensokyo:Kokoro","floor":16,"turns":7},{"damage":0,"enemies":"Shell Parasite","floor":18,"turns":6},{"damage":16,"enemies":"2 Thieves","floor":19,"turns":4},{"damage":3,"enemies":"Snake Plant","floor":20,"turns":4},{"damage":1,"enemies":"Snecko","floor":21,"turns":6},{"damage":0,"enemies":"3 Cultists","floor":22,"turns":5},{"damage":28,"enemies":"Gremlin Leader","floor":23,"turns":5},{"damage":10,"enemies":"Centurion and Healer","floor":24,"turns":6},{"damage":9,"enemies":"Book of Stabbing","floor":25,"turns":6},{"damage":2,"enemies":"Snake Plant","floor":27,"turns":4},{"damage":0,"enemies":"Snecko","floor":31,"turns":6},{"damage":4,"enemies":"Automaton","floor":33,"turns":6},{"damage":9,"enemies":"Orb Walker","floor":35,"turns":4},{"damage":3,"enemies":"3 Shapes","floor":36,"turns":3},{"damage":12,"enemies":"Jaw Worm Horde","floor":37,"turns":4},{"damage":24,"enemies":"Sphere and 2 Shapes","floor":38,"turns":4},{"damage":3,"enemies":"Spire Growth","floor":39,"turns":4},{"damage":3,"enemies":"4 Shapes","floor":41,"turns":3},{"damage":0,"enemies":"R_Hoarder","floor":42,"turns":6},{"damage":0,"enemies":"Giant Head","floor":44,"turns":6},{"damage":12,"enemies":"Sphere and 2 Shapes","floor":45,"turns":4},{"damage":10,"enemies":"3 Darklings","floor":47,"turns":5},{"damage":6,"enemies":"Writhing Mass","floor":48,"turns":5},{"damage":45,"enemies":"Awakened One","floor":50,"turns":8}],"seed_played":"5445865937825903213","potions_obtained":[{"floor":4,"key":"ZuzhouPotion:ReiMu"},{"floor":6,"key":"Venom Potion"},{"floor":7,"key":"AttackPotion"}],"is_trial":false,"path_per_floor":["M","?","?","M","M","E","M","E","T","R","E","T","M","COS","R","B",null,"M","M","M","M","M","E","M","E","T","M","?","R","$","M","R","B",null,"M","M","M","M","M","R","M","E","T","E","M","$","M","M","R","B",null],"character_chosen":"Kiyohime","items_purchased":["Toxic Egg 2","Singing Bowl","KiyohimeMod:TerritoryCreation","testmod-AssaultLearning","AT_EbonyIvory","Finesse+1","KiyohimeMod:Berserker","KiyohimeMod:Berserker","KiyohimeMod:ImaginaryAround"],"campfire_rested":0,"item_purchase_floors":[30,30,30,30,30,46,46,46,46],"current_hp_per_floor":[58,34,34,28,31,26,21,24,24,24,33,33,40,40,40,44,60,60,53,59,60,60,41,40,40,40,38,38,38,38,51,51,58,62,59,62,55,38,46,46,43,54,54,64,57,57,58,57,57,28],"gold":48,"neow_bonus":"COLORLESS_CARD","is_daily":false,"chose_seed":false,"campfire_upgraded":6,"win_rate":0.0,"timestamp":1610509546,"path_taken":["M","?","?","M","M","E","M","E","T","R","E","?","M","COS","R","BOSS","M","M","M","M","M","E","M","E","T","M","?","R","$","M","R","BOSS","M","M","M","M","M","R","M","E","T","E","?","$","M","M","R","BOSS"],"items_purchased_type":["Relic","Relic","Relic","Relic","Relic","Card","Card","Card","Card"],"build_version":"2020-12-22","purchased_purges":0,"victory":true,"max_hp_per_floor":[60,60,60,60,60,60,60,60,60,60,60,60,60,60,60,60,60,60,60,60,60,60,60,60,60,60,60,60,60,60,62,62,62,62,62,62,62,64,64,64,64,64,64,64,64,64,64,64,64,64],"card_choices":[{"not_picked":["KiyohimeMod:DivineConstruct","KiyohimeMod:RedBlackKey"],"picked":"KiyohimeMod:Berserker","floor":1},{"not_picked":["KiyohimeMod:Preemptive","KiyohimeMod:RedBlackKey","KiyohimeMod:AndSoTheShipConquers","KiyohimeMod:Berserker"],"picked":"KiyohimeMod:ExSpicyMapoTofu","floor":4},{"not_picked":["KiyohimeMod:DragonVein","KiyohimeMod:WaterTurn","KiyohimeMod:BlueBlackKey","KiyohimeMod:GreenBlackKey"],"picked":"KiyohimeMod:SteelTraining","floor":5},{"not_picked":["KiyohimeMod:AndSoTheShipConquers","KiyohimeMod:BlueBlackKey","KiyohimeMod:HydraDagger","KiyohimeMod:MagicCrystal"],"picked":"KiyohimeMod:CelestialInvertedMoon","floor":6},{"not_picked":["KiyohimeMod:BlueBlackKey","KiyohimeMod:WaterTurn","KiyohimeMod:RedBlackKey","KiyohimeMod:CelestialInvertedMoon"],"picked":"KiyohimeMod:EatSoul","floor":7},{"not_picked":["KiyohimeMod:EatSoul","KiyohimeMod:FirstPremonition","KiyohimeMod:DragonVein","KiyohimeMod:GreenBlackKey"],"picked":"KiyohimeMod:Servant_TamamoNoMae","floor":8},{"not_picked":["KiyohimeMod:Preemptive","KiyohimeMod:BlueBlackKey","KiyohimeMod:AndSoTheShipConquers","KiyohimeMod:SteelTraining"],"picked":"KiyohimeMod:AgainstMagic","floor":11},{"not_picked":["KiyohimeMod:EatSoul","KiyohimeMod:BeElegant","KiyohimeMod:WaterTurn","KiyohimeMod:GreenBlackKey"],"picked":"KiyohimeMod:RedBlackKey","floor":13},{"not_picked":["KiyohimeMod:GoldenCarpFigure+1","KiyohimeMod:FragmentsOf2030+1","KiyohimeMod:Destruction+1","KiyohimeMod:Servant_TamamoNoMae+1"],"picked":"KiyohimeMod:AVerseOfBurningLoveStory+1","floor":16},{"not_picked":["KiyohimeMod:Barrier","KiyohimeMod:AVerseOfBurningLoveStory","KiyohimeMod:Servant_TamamoNoMae","KiyohimeMod:Destruction"],"picked":"KiyohimeMod:CastleOfTheSun","floor":16},{"not_picked":["KiyohimeMod:SteelTraining","KiyohimeMod:GreenBlackKey+1","KiyohimeMod:EatSoul+1","KiyohimeMod:BeastOfBillows","KiyohimeMod:BlueBlackKey"],"picked":"SKIP","floor":18},{"not_picked":["KiyohimeMod:BlueBlackKey","KiyohimeMod:SteelTraining","KiyohimeMod:AndSoTheShipConquers","KiyohimeMod:BeastOfBillows","KiyohimeMod:WaterTurn"],"picked":"SKIP","floor":19},{"not_picked":["KiyohimeMod:WaterTurn","KiyohimeMod:RedBlackKey","KiyohimeMod:Preemptive+1","KiyohimeMod:SteelTraining"],"picked":"KiyohimeMod:Berserker+1","floor":20},{"not_picked":["KiyohimeMod:BeastOfBillows","KiyohimeMod:Preemptive","KiyohimeMod:BeElegant","KiyohimeMod:AgainstMagic"],"picked":"KiyohimeMod:LimitedZeroOver","floor":21},{"not_picked":["KiyohimeMod:EatSoul","KiyohimeMod:BlueBlackKey","KiyohimeMod:BeastOfBillows","KiyohimeMod:RedBlackKey","KiyohimeMod:Preemptive"],"picked":"SKIP","floor":22},{"not_picked":["KiyohimeMod:BlueBlackKey","KiyohimeMod:HeroCreation","KiyohimeMod:Preemptive+1","KiyohimeMod:SteelTraining"],"picked":"KiyohimeMod:HotSpringOfTheMoon+1","floor":23},{"not_picked":["KiyohimeMod:BeElegant","KiyohimeMod:Projection","KiyohimeMod:BeastOfBillows","KiyohimeMod:RealityMarble"],"picked":"KiyohimeMod:CommandCard_Buster+1","floor":24},{"not_picked":["KiyohimeMod:Grimoire","KiyohimeMod:EatSoul+1","KiyohimeMod:Projection","KiyohimeMod:GreenBlackKey"],"picked":"KiyohimeMod:MagicCrystal","floor":25},{"not_picked":["KiyohimeMod:CommandCard_Quick","KiyohimeMod:GreenBlackKey+1","KiyohimeMod:RedBlackKey+1","KiyohimeMod:Berserker+1"],"picked":"KiyohimeMod:Tenacious","floor":27},{"not_picked":["KiyohimeMod:CommandCard_Arts+1","KiyohimeMod:HydraDagger","KiyohimeMod:EatSoul+1","KiyohimeMod:BlueBlackKey","KiyohimeMod:GreenBlackKey"],"picked":"Singing Bowl","floor":31},{"not_picked":["KiyohimeMod:FacelessMoon+1","KiyohimeMod:Servant_TamamoNoMae+1","KiyohimeMod:CastleOfTheSun","KiyohimeMod:FiringTheFirstArrow"],"picked":"KiyohimeMod:PrismaCosmos","floor":33},{"not_picked":["KiyohimeMod:EatSoul+1","KiyohimeMod:GreenBlackKey+1","KiyohimeMod:CommandCard_Buster","KiyohimeMod:Grimoire+1"],"picked":"KiyohimeMod:WaterTurn+1","floor":35},{"not_picked":["KiyohimeMod:Projection+1","KiyohimeMod:BeElegant+1","KiyohimeMod:Fragarach","KiyohimeMod:EatSoul+1"],"picked":"KiyohimeMod:FacelessMoon+1","floor":36},{"not_picked":["KiyohimeMod:EatSoul+1","KiyohimeMod:SteelTraining+1","KiyohimeMod:WaterTurn+1","KiyohimeMod:Berserker"],"picked":"KiyohimeMod:RedBlackKey+1","floor":37},{"not_picked":["KiyohimeMod:Berserker+1","KiyohimeMod:Preemptive","KiyohimeMod:AndSoTheShipConquers+1","KiyohimeMod:RealityMarble+1","KiyohimeMod:GreenBlackKey"],"picked":"Singing Bowl","floor":38},{"not_picked":["KiyohimeMod:BeElegant+1","KiyohimeMod:EatSoul+1","KiyohimeMod:SteelTraining+1","KiyohimeMod:Preemptive+1"],"picked":"KiyohimeMod:Tenacious+1","floor":39},{"not_picked":["KiyohimeMod:Preemptive","KiyohimeMod:BlueBlackKey+1","KiyohimeMod:RedBlackKey","KiyohimeMod:GreenBlackKey"],"picked":"KiyohimeMod:FormalCraft","floor":41},{"not_picked":["KiyohimeMod:WaterTurn+1","KiyohimeMod:Preemptive","KiyohimeMod:GreenBlackKey","KiyohimeMod:BeElegant+1"],"picked":"KiyohimeMod:MagicCrystal+1","floor":42},{"not_picked":["KiyohimeMod:AndSoTheShipConquers+1","KiyohimeMod:EatSoul+1","KiyohimeMod:BlueBlackKey+1","KiyohimeMod:WaterTurn+1"],"picked":"KiyohimeMod:PrismaCosmos","floor":44},{"not_picked":["KiyohimeMod:RealityMarble+1","KiyohimeMod:GreenBlackKey+1","KiyohimeMod:WaterTurn+1","KiyohimeMod:Fragarach"],"picked":"KiyohimeMod:CommandCard_Buster+1","floor":45},{"not_picked":["KiyohimeMod:AgainstMagic+1","KiyohimeMod:WaterTurn+1","KiyohimeMod:RedBlackKey+1","KiyohimeMod:BlueBlackKey+1"],"picked":"KiyohimeMod:AVerseOfBurningLoveStory","floor":47},{"not_picked":["KiyohimeMod:HydraDagger","KiyohimeMod:SteelTraining+1","KiyohimeMod:FirstPremonition+1","KiyohimeMod:Berserker+1"],"picked":"KiyohimeMod:ExSpicyMapoTofu+1","floor":48}],"player_experience":294920,"relics_obtained":[{"floor":1,"key":"SynthV:TestCard"},{"floor":6,"key":"Centennial Puzzle"},{"floor":8,"key":"ImprovedEquipment"},{"floor":9,"key":"StrikeDummy"},{"floor":11,"key":"hubris:MedicalManual"},{"floor":12,"key":"testmod-InjuryResistance"},{"floor":23,"key":"Smiling Mask"},{"floor":25,"key":"hubris:BundleOfHerbs"},{"floor":26,"key":"Omamori"},{"floor":42,"key":"Torii"},{"floor":43,"key":"AT_ImmortalShieldbow"},{"floor":44,"key":"Simple Rune"}],"event_choices":[{"cards_removed":["KiyohimeMod:FlameKiss"],"damage_healed":0,"gold_gain":0,"player_choice":"Purged","damage_taken":0,"max_hp_gain":0,"max_hp_loss":0,"event_name":"Purifier","floor":28,"gold_loss":0}],"is_beta":false,"boss_relics":[{"not_picked":["testmod-Nine","Pandora\u0027s Box"],"picked":"HereWithMe"},{"not_picked":["Replay:Ancient Bell","Hololive_ChaosS"],"picked":"Sozu"}],"items_purged_floors":[],"is_endless":false,"potions_floor_spawned":[4,6,7,16,19,20,22,31,35,37,39,44,47,48],"ascension_level":1}}