{"host":"c6u7e77myxvw4d0m","time":1610524390,"event":{"mods":["AchievementEnabler","BaseMod","Bestiary","Colored Map","Colored Powertips","Minty Spire (QoL Compilation)","Rare Cards Sparkle","Relic Stats","everything is the same but u backflip on backflip"],"gold_per_floor":[115,115,127,143,16,54,80,114,137,156,156,176,213,280,280,280,280],"floor_reached":16,"language":"ENG","playtime":1204,"items_purged":[],"score":243,"play_id":"d6e7ddeb-d689-424b-8849-e04f26f273e7","local_time":"20210113095310","is_ascension_mode":true,"campfire_choices":[{"floor":11,"key":"REST"},{"floor":15,"key":"REST"}],"circlet_count":0,"master_deck":["AscendersBane","Strike_G","Strike_G","Strike_G","Strike_G","Strike_G","Defend_G","Defend_G","Defend_G","Defend_G","Defend_G","Survivor","Neutralize","Dagger Spray+1","Predator","Quick Slash","Footwork","Wraith Form v2","Cloak And Dagger","Leg Sweep","Calculated Gamble","PiercingWail","Bouncing Flask","Infinite Blades"],"relics":["Ring of the Snake","CeramicFish","Regal Pillow","Bag of Marbles","Bag of Preparation","The Courier"],"acts_visited":["Exordium"],"potions_floor_usage":[8,13,13],"damage_taken":[{"damage":0,"enemies":"Jaw Worm","floor":1,"turns":5},{"damage":1,"enemies":"Small Slimes","floor":3,"turns":3},{"damage":1,"enemies":"Cultist","floor":4,"turns":3},{"damage":32,"enemies":"Gremlin Nob","floor":6,"turns":5},{"damage":3,"enemies":"3 Louse","floor":7,"turns":3},{"damage":26,"enemies":"Lagavulin","floor":8,"turns":8},{"damage":1,"enemies":"Red Slaver","floor":10,"turns":5},{"damage":0,"enemies":"Exordium Thugs","floor":12,"turns":5},{"damage":0,"enemies":"3 Sentries","floor":13,"turns":9},{"damage":28,"enemies":"Gremlin Nob","floor":14,"turns":5},{"damage":55,"enemies":"Hexaghost","floor":16,"turns":9}],"seed_played":"7121504260867028270","potions_obtained":[{"floor":7,"key":"SteroidPotion"},{"floor":8,"key":"EssenceOfSteel"}],"is_trial":false,"path_per_floor":["M","?","M","M","$","E","M","E","T","M","R","M","E","?","R","B"],"character_chosen":"THE_SILENT","items_purchased":["Footwork","Explosive Potion"],"campfire_rested":2,"item_purchase_floors":[5,5],"current_hp_per_floor":[70,70,69,68,68,36,33,7,7,6,44,44,44,16,54,0,0],"gold":280,"neow_bonus":"TEN_PERCENT_HP_BONUS","is_daily":false,"chose_seed":false,"campfire_upgraded":0,"win_rate":0.0,"timestamp":1610524390,"path_taken":["M","?","M","M","$","E","M","E","T","M","R","M","E","?","R","BOSS"],"items_purchased_type":["Card","Potion"],"build_version":"2020-12-22","purchased_purges":0,"victory":false,"max_hp_per_floor":[77,77,77,77,77,77,77,77,77,77,77,77,77,77,77,77,77],"relic_stats":{"Regal Pillow":30,"counters":[11,60],"CeramicFish":63,"Bag of Preparation":[4],"obtain_stats":[{"Regal Pillow":8,"CeramicFish":6,"The Courier":14,"Bag of Marbles":9,"Bag of Preparation":13,"Ring of the Snake":0},{"Regal Pillow":6,"CeramicFish":4,"The Courier":10,"Bag of Marbles":6,"Bag of Preparation":9,"Ring of the Snake":0},{"Regal Pillow":27,"CeramicFish":16,"The Courier":51,"Bag of Marbles":27,"Bag of Preparation":46,"Ring of the Snake":0}],"Ring of the Snake":[22]},"card_choices":[{"not_picked":["PiercingWail","Dagger Throw"],"picked":"Dagger Spray","floor":1},{"not_picked":["PiercingWail","Slice"],"picked":"Predator","floor":3},{"not_picked":["Endless Agony","Flying Knee"],"picked":"Quick Slash","floor":4},{"not_picked":["Poisoned Stab","Malaise"],"picked":"Wraith Form v2","floor":6},{"not_picked":["Deadly Poison","Predator"],"picked":"Cloak And Dagger","floor":7},{"not_picked":["Poisoned Stab","Bane"],"picked":"Leg Sweep","floor":8},{"not_picked":["Dagger Spray","PiercingWail"],"picked":"Calculated Gamble","floor":10},{"not_picked":["Dash","Blade Dance"],"picked":"PiercingWail","floor":12},{"not_picked":["Blur","Reflex"],"picked":"Bouncing Flask","floor":13},{"not_picked":["Deflect","Acrobatics"],"picked":"Infinite Blades","floor":14}],"player_experience":362232,"relics_obtained":[{"floor":6,"key":"CeramicFish"},{"floor":8,"key":"Regal Pillow"},{"floor":9,"key":"Bag of Marbles"},{"floor":13,"key":"Bag of Preparation"},{"floor":14,"key":"The Courier"}],"event_choices":[{"damage_healed":0,"gold_gain":0,"player_choice":"Grow","damage_taken":0,"max_hp_gain":0,"max_hp_loss":0,"event_name":"Living Wall","floor":2,"gold_loss":0,"cards_upgraded":["Dagger Spray"]},{"damage_healed":0,"gold_gain":30,"player_choice":"Searched \u00272\u0027 times","damage_taken":0,"max_hp_gain":0,"max_hp_loss":0,"event_name":"Dead Adventurer","floor":14,"gold_loss":0}],"is_beta":false,"boss_relics":[],"items_purged_floors":[],"is_endless":false,"potions_floor_spawned":[7,8,10],"killed_by":"Hexaghost","ascension_level":13}}