{"host":"uiaocagxbjlinul0","time":1610570182,"event":{"mods":["100% Spire Juice","Act Like it!","BaseMod","Better Match","Block Reminder","CapriCore","ChefMod","Downfall","GifTheSpireLib","Hallownest","Hermit","Minty Spire (QoL Compilation)","Quick Restart","StSLib","Stuff the Spire","The Animator","The Bug Knight","The Marked","The Runesmith","The Spell Scribe","TheSwordswoman","Wandering Minibosses"],"gold_per_floor":[117,135,145,165,192,220,220,239,239,251,307,319,346,383,395,407,407],"floor_reached":16,"language":"ENG","playtime":789,"items_purged":[],"score":114,"play_id":"84d87658-ea01-4427-987c-aaff1ba799c6","local_time":"20210113123622","is_ascension_mode":false,"campfire_choices":[{"floor":10,"key":"REST"},{"floor":12,"key":"REST"},{"data":"blazmod:BlindBlade","floor":15,"key":"SMITH"}],"circlet_count":0,"master_deck":["blazmod:Strike","blazmod:Strike","blazmod:Strike","blazmod:Strike","blazmod:Defend","blazmod:Defend","blazmod:Defend","blazmod:Defend","blazmod:ButterflyEffect","blazmod:Kyokasuigetsu","blazmod:FlawlessDraw","blazmod:DanceOfTheGods","blazmod:FortifiedVigor","blazmod:Trasient","blazmod:RevolvingPhoenix","blazmod:Quickdraw","blazmod:BlindBlade+1"],"relics":["blazmod:Venustas","NeowsBlessing","Lantern","Potion Belt","Golden Idol","MawBank","Ornamental Fan"],"acts_visited":["Exordium"],"potions_floor_usage":[6,8,11],"damage_taken":[{"damage":0,"enemies":"Cultist","floor":1,"turns":1},{"damage":0,"enemies":"Jaw Worm","floor":2,"turns":1},{"damage":0,"enemies":"Small Slimes","floor":3,"turns":1},{"damage":4,"enemies":"2 Fungi Beasts","floor":4,"turns":5},{"damage":8,"enemies":"3 Sentries","floor":6,"turns":6},{"damage":0,"enemies":"Exordium Thugs","floor":8,"turns":2},{"damage":26,"enemies":"Gremlin Nob","floor":11,"turns":6},{"damage":4,"enemies":"3 Louse","floor":13,"turns":3},{"damage":0,"enemies":"Large Slime","floor":14,"turns":3},{"damage":30,"enemies":"The Guardian","floor":16,"turns":12}],"seed_played":"8215233198003566790","potions_obtained":[{"floor":1,"key":"Swift Potion"},{"floor":2,"key":"BlessingOfTheForge"},{"floor":4,"key":"Explosive Potion"},{"floor":8,"key":"SmokeBomb"}],"is_trial":false,"path_per_floor":["M","M","M","M","T","E","?","M","T","R","E","R","M","M","R","B"],"character_chosen":"THE_SWORDSWOMAN","items_purchased":[],"campfire_rested":2,"item_purchase_floors":[],"current_hp_per_floor":[40,40,40,36,36,28,18,18,18,30,4,16,12,12,12,0,0],"gold":407,"neow_bonus":"THREE_ENEMY_KILL","is_daily":false,"chose_seed":false,"campfire_upgraded":1,"win_rate":0.0,"timestamp":1610570182,"path_taken":["M","M","?","M","?","E","?","M","T","R","E","R","M","M","R","BOSS"],"items_purchased_type":[],"build_version":"2020-12-22","purchased_purges":0,"victory":false,"max_hp_per_floor":[40,40,40,40,40,40,40,40,40,40,40,40,40,40,40,40,40],"card_choices":[{"not_picked":["blazmod:MentalFocus","blazmod:DevilDivine"],"picked":"blazmod:FlawlessDraw","floor":1},{"not_picked":["blazmod:ClearTheMind","blazmod:KatanaStrike"],"picked":"blazmod:DanceOfTheGods","floor":2},{"not_picked":["blazmod:KatanaStrike","blazmod:MentalFocus"],"picked":"blazmod:FortifiedVigor","floor":3},{"not_picked":["blazmod:Valiance","blazmod:SecondSight","blazmod:StanceChange"],"picked":"SKIP","floor":4},{"not_picked":["blazmod:BoulderFlash","blazmod:FleetOfFoot"],"picked":"blazmod:Trasient","floor":6},{"not_picked":["blazmod:ApexLegends","blazmod:CastAwayDew"],"picked":"blazmod:RevolvingPhoenix","floor":8},{"not_picked":["blazmod:FleetOfFoot","blazmod:SidewaySolace","blazmod:ForgeWays"],"picked":"SKIP","floor":11},{"not_picked":["blazmod:PhysicalEndurance","blazmod:Crosscut"],"picked":"blazmod:Quickdraw","floor":13},{"not_picked":["blazmod:FlashRock","blazmod:Valiance"],"picked":"blazmod:BlindBlade","floor":14}],"player_experience":154537,"relics_obtained":[{"floor":5,"key":"Lantern"},{"floor":6,"key":"Potion Belt"},{"floor":9,"key":"MawBank"},{"floor":11,"key":"Ornamental Fan"}],"event_choices":[{"damage_healed":0,"gold_gain":0,"player_choice":"Take Damage","damage_taken":10,"relics_obtained":["Golden Idol"],"max_hp_gain":0,"max_hp_loss":0,"event_name":"Golden Idol","floor":7,"gold_loss":0}],"is_beta":false,"boss_relics":[],"items_purged_floors":[],"is_endless":false,"potions_floor_spawned":[1,2,4,8],"killed_by":"The Guardian","ascension_level":0}}