{"host":"2pluridizrp50jef","time":1610517252,"event":{"mods":["ATMod(阿瑾Mod)","BaseMod","Better Altar","Better Match","Better Note","Better Sensory Stone","Better Skull","Better Third Choice","Colored Powertips","Custom Start","Decade(王小明)","Hermit","Lobotomy","LobotomyExtend","Marisa（F雨　魔理沙）","Minty Spire (QoL Compilation)","Rare Cards Sparkle","Relic Stats","Replay The Spire","StSLib","The Animator","The Bug Knight","The Cursed","The Hierophant","The Servant 0.9.4","Waifu the Spire","WarShipGirlsR/战舰少女R mod"],"gold_per_floor":[458,509,187,187,187,264,305,361,413,443,443,247,369,369,369,530,530,593,176,258,349,349,430,410,582,582,582,507,507,607,527,527,675,675,675,675],"floor_reached":35,"language":"ZHS","playtime":2687,"items_purged":[],"score":1474,"play_id":"620aff2d-433d-4e83-b8a5-c551a9a480f1","local_time":"20210112215412","daily_mods":["Elite Swarm"],"is_ascension_mode":true,"campfire_choices":[{"data":"hierophant:ThreeLashes","floor":11,"key":"SMITH"},{"data":"Murderer","floor":15,"key":"PURGE"},{"data":"Bloodbath","floor":29,"key":"PURGE"},{"data":"Violence","floor":32,"key":"SMITH"}],"circlet_count":0,"master_deck":["ManaConvection+1","ManaConvection+1","UltimateShortwave+1","UltimateShortwave+1","hierophant:Exaltation+1","hierophant:Exaltation+1","hierophant:Chorus+1","hierophant:Chorus+1","hierophant:Generosity+1","hierophant:Charity+1","hierophant:CursedGold+1","hierophant:Kindle+1","hierophant:Kindle+1","hierophant:Doubloon+1","hierophant:Doubloon+1","hierophant:Doubloon+1","hierophant:Doubloon+1","hierophant:Doubloon+1","hierophant:RecallFunds+1","hierophant:OrnateBuckler+1","hierophant:OrnateBuckler+1","TheCursedMod:NeowsMight+1","TheCursedMod:NeowsMight+1","TheCursedMod:NeowsMight+1","hierophant:Zeal+1","hierophant:ThreeLashes+1","hierophant:Prophecy","hierophant:Smite","Violence+1","hierophant:Zeal"],"relics":["hierophant:PropheticMaskRelic","AT_ATBox","TheCursedMod:FourLeafCloverCharm","TheCursedMod:OminousMark","TheCursedMod:BlackMagic101","Ice Cream","Black Star","AT_EbonyIvory","Torii","TheCursedMod:MagicCandle","Iron Hammer","Quantum Egg","AT_PhaseBoots","Philosopher\u0027s Stone","Blue Candle","Bottled Tornado","Replay:Bottled Flurry","Bottled Lightning","hermit:CharredGlove","hermit:Spyglass","hierophant:DonationBoxRelic","Gremlin Horn","Old Coin","Nunchaku","AT_LudenTempest","Juzu Bracelet","Membership Card","LetterFromLob","TungstenRod","Happy Flower","TheAbacus","CogitoBucket","Sundial","AT_SeraphEmbrace","AT_TimeSand","AT_BellDemon","Replay:PocketPolymizer","Boot","Peace Pipe","Lantern","ReplayTheSpireMod:Shallot","SlaversCollar","ChangeAnything","AT_DeathDance","HandDrill","Bronze Scales","Bloody Idol","AT_MibuBalloonWealth","Potion Belt","Anchor","Eternal Feather","Gremlin Food","Pen Nib","Blood Vial","Fusion Hammer"],"acts_visited":["Exordium","TheCity","TheBeyond"],"potions_floor_usage":[],"damage_taken":[{"damage":0.0,"enemies":"Small Slimes","floor":1.0,"turns":1.0},{"damage":0.0,"enemies":"2 Louse","floor":2.0,"turns":1.0},{"damage":0.0,"enemies":"3 Sentries","floor":6.0,"turns":2.0},{"damage":0.0,"enemies":"Jaw Worm","floor":7.0,"turns":1.0},{"damage":0.0,"enemies":"Lagavulin","floor":8.0,"turns":1.0},{"damage":0.0,"enemies":"Gremlin Nob","floor":10.0,"turns":1.0},{"damage":0,"enemies":"Lagavulin","floor":13,"turns":1},{"damage":0,"enemies":"Hexaghost","floor":16,"turns":2},{"damage":0,"enemies":"Spheric Guardian","floor":18,"turns":1},{"damage":0,"enemies":"3 Byrds","floor":20,"turns":1},{"damage":0,"enemies":"Snecko","floor":21,"turns":1},{"damage":17,"enemies":"Book of Stabbing","floor":23,"turns":2},{"damage":0,"enemies":"Gremlin Leader","floor":25,"turns":2},{"damage":0,"enemies":"Replay:Snechameleon","floor":30,"turns":1},{"damage":0,"enemies":"Automaton","floor":33,"turns":1},{"damage":2,"enemies":"Orb Walker","floor":35,"turns":1}],"seed_played":"4052039015482473689","potions_obtained":[{"floor":16,"key":"Elixir"}],"is_trial":true,"path_per_floor":["M","M","$","WH","?","E","M","E","T","E","R","$","E","?","R","B",null,"M","$","M","M","?","E","?","E","T","E","?","R","E","?","R","B",null,"M"],"character_chosen":"HIEROPHANT","items_purchased":["TungstenRod","Happy Flower","TheAbacus","Peace Pipe","hierophant:Smite","AT_DeathDance","Violence","HandDrill","Bronze Scales"],"campfire_rested":0,"item_purchase_floors":[3,3,3,12,12,19,19,19,19],"current_hp_per_floor":[68,68,68,68,75,75,75,75,75,75,75,75,75,75,75,75,75,75,75,75,75,49,42,42,68,68,1,1,1,1,1,1,1,1,0,0],"gold":675,"neow_bonus":"","is_daily":false,"chose_seed":false,"campfire_upgraded":2,"win_rate":0.0,"timestamp":1610517252,"path_taken":["M","M","$","WH","?","E","M","E","T","E","R","$","E","?","R","BOSS","M","$","M","M","?","E","?","E","T","E","?","R","E","?","R","BOSS","M"],"items_purchased_type":["Relic","Relic","Relic","Relic","Card","Relic","Card","Relic","Relic"],"build_version":"2020-12-22","purchased_purges":0,"victory":false,"max_hp_per_floor":[75,75,75,75,75,75,75,75,75,75,75,75,75,75,75,75,75,75,75,75,75,75,75,75,75,75,1,1,1,1,1,1,1,1,1,1],"relic_stats":{"Torii":4,"Gremlin Horn":[10,10],"Happy Flower":[6],"counters":[18,22],"Blue Candle":[12],"Eternal Feather":0,"Pen Nib":[0],"Juzu Bracelet":1,"Boot":[30],"Peace Pipe":2,"Blood Vial":0,"Nunchaku":[3],"TheAbacus":[24],"Sundial":[2],"Bronze Scales":[9],"Bloody Idol":35,"Black Star":7,"HandDrill":[2],"obtain_stats":[{"Ice Cream":0,"AT_ATBox":0,"Gremlin Horn":0,"AT_MibuBalloonWealth":23,"AT_TimeSand":8,"Bottled Tornado":0,"AT_ArchangelStaff":6,"Boot":10,"Old Coin":0,"Blood Vial":30,"Sundial":6,"Philosopher\u0027s Stone":0,"Iron Hammer":0,"Fusion Hammer":34,"Replay:Bottled Flurry":0,"HandDrill":19,"hermit:Spyglass":0,"TheCursedMod:BlackMagic101":0,"Happy Flower":3,"Blue Candle":0,"Eternal Feather":25,"AT_EbonyIvory":0,"AT_PhaseBoots":25,"Pen Nib":30,"SlaversCollar":17,"AT_SpeedBoots":0,"AT_LudenTempest":0,"ReplayTheSpireMod:Shallot":13,"Bronze Scales":19,"hierophant:DonationBoxRelic":0,"Black Star":0,"AT_DeathDance":19,"AT_BellDemon":8,"AT_SeraphEmbrace":30,"TheCursedMod:FourLeafCloverCharm":0,"Lantern":13,"Replay:PocketPolymizer":10,"Torii":0,"hierophant:PropheticMaskRelic":0,"Juzu Bracelet":0,"Nunchaku":0,"CogitoBucket":4,"TheAbacus":3,"Potion Belt":23,"Gremlin Food":26,"Quantum Egg":0,"TheCursedMod:MagicCandle":0,"Peace Pipe":12,"Anchor":25,"TheCursedMod:OminousMark":0,"hermit:CharredGlove":0,"Bloody Idol":22,"LetterFromLob":1,"Bottled Lightning":0,"Membership Card":0,"ChangeAnything":18,"TungstenRod":3},{"Ice Cream":0,"AT_ATBox":0,"Gremlin Horn":0,"AT_MibuBalloonWealth":13,"AT_TimeSand":5,"Bottled Tornado":0,"AT_ArchangelStaff":3,"Boot":6,"Old Coin":0,"Blood Vial":15,"Sundial":3,"Philosopher\u0027s Stone":0,"Iron Hammer":0,"Fusion Hammer":16,"Replay:Bottled Flurry":0,"HandDrill":10,"hermit:Spyglass":0,"TheCursedMod:BlackMagic101":0,"Happy Flower":2,"Blue Candle":0,"Eternal Feather":14,"AT_EbonyIvory":0,"AT_PhaseBoots":14,"Pen Nib":15,"SlaversCollar":8,"AT_SpeedBoots":0,"AT_LudenTempest":0,"ReplayTheSpireMod:Shallot":7,"Bronze Scales":10,"hierophant:DonationBoxRelic":0,"Black Star":0,"AT_DeathDance":10,"AT_BellDemon":5,"AT_SeraphEmbrace":15,"TheCursedMod:FourLeafCloverCharm":0,"Lantern":7,"Replay:PocketPolymizer":6,"Torii":0,"hierophant:PropheticMaskRelic":0,"Juzu Bracelet":0,"Nunchaku":0,"CogitoBucket":2,"TheAbacus":2,"Potion Belt":13,"Gremlin Food":14,"Quantum Egg":0,"TheCursedMod:MagicCandle":0,"Peace Pipe":6,"Anchor":14,"TheCursedMod:OminousMark":0,"hermit:CharredGlove":0,"Bloody Idol":12,"LetterFromLob":1,"Bottled Lightning":0,"Membership Card":0,"ChangeAnything":10,"TungstenRod":2},{"Ice Cream":0,"AT_ATBox":0,"Gremlin Horn":0,"AT_MibuBalloonWealth":16,"AT_TimeSand":6,"Bottled Tornado":0,"AT_ArchangelStaff":4,"Boot":7,"Old Coin":0,"Blood Vial":19,"Sundial":4,"Philosopher\u0027s Stone":0,"Iron Hammer":0,"Fusion Hammer":20,"Replay:Bottled Flurry":0,"HandDrill":12,"hermit:Spyglass":0,"TheCursedMod:BlackMagic101":0,"Happy Flower":2,"Blue Candle":0,"Eternal Feather":18,"AT_EbonyIvory":0,"AT_PhaseBoots":17,"Pen Nib":19,"SlaversCollar":10,"AT_SpeedBoots":0,"AT_LudenTempest":0,"ReplayTheSpireMod:Shallot":8,"Bronze Scales":12,"hierophant:DonationBoxRelic":0,"Black Star":0,"AT_DeathDance":12,"AT_BellDemon":6,"AT_SeraphEmbrace":19,"TheCursedMod:FourLeafCloverCharm":0,"Lantern":8,"Replay:PocketPolymizer":7,"Torii":0,"hierophant:PropheticMaskRelic":0,"Juzu Bracelet":0,"Nunchaku":0,"CogitoBucket":2,"TheAbacus":2,"Potion Belt":16,"Gremlin Food":18,"Quantum Egg":0,"TheCursedMod:MagicCandle":0,"Peace Pipe":7,"Anchor":18,"TheCursedMod:OminousMark":0,"hermit:CharredGlove":0,"Bloody Idol":14,"LetterFromLob":1,"Bottled Lightning":0,"Membership Card":0,"ChangeAnything":12,"TungstenRod":2}],"TungstenRod":18},"card_choices":[{"not_picked":["hierophant:Mercenaries","hierophant:SealAway"],"picked":"hierophant:Zeal","floor":1.0},{"not_picked":["hierophant:Community","hierophant:HammerAndAnvil"],"picked":"hierophant:ThreeLashes","floor":2.0},{"not_picked":["MHz","ShyLook","OldLady"],"picked":"Singing Bowl","floor":6.0},{"not_picked":["hierophant:Levitation","hierophant:MintersHammer","hierophant:Generosity"],"picked":"SKIP","floor":6.0},{"not_picked":["OldLady","WhitesApple","NakedNest"],"picked":"Singing Bowl","floor":7.0},{"not_picked":["SnowQueen","CrumblingArmor"],"picked":"LittlePrince","floor":7.0},{"not_picked":["hierophant:TollTheBells","hierophant:FlamingChariot","hierophant:Alms"],"picked":"SKIP","floor":7.0},{"not_picked":["hierophant:TollTheBells","hierophant:FlamingChariot","hierophant:Alms"],"picked":"SKIP","floor":7.0},{"not_picked":["MeatLantern","SpiderBud","NakedNest"],"picked":"Singing Bowl","floor":8.0},{"not_picked":["hierophant:WrathOfGod","hierophant:DeathKnell","hierophant:MintersHammer"],"picked":"SKIP","floor":8.0},{"not_picked":["FairyFestival","Laetitia","Wellcheers"],"picked":"Singing Bowl","floor":10.0},{"not_picked":["hierophant:AuricForm","hierophant:DeathKnell","hierophant:Invocation"],"picked":"SKIP","floor":10.0},{"not_picked":["UniverseFragment","LaLuna","CrumblingArmor"],"picked":"Singing Bowl","floor":13},{"not_picked":["PunishingBird","VoidDream"],"picked":"Murderer","floor":13},{"not_picked":["hierophant:DeathKnell","hierophant:DivineIntervention","hierophant:Cornucopia"],"picked":"SKIP","floor":13},{"not_picked":["hierophant:DeathKnell","hierophant:DivineIntervention","hierophant:Cornucopia"],"picked":"SKIP","floor":13},{"not_picked":["CrumblingArmor","CherryBlossoms","Murderer"],"picked":"Singing Bowl","floor":16},{"not_picked":["CrumblingArmor","WallGazer","Scorched"],"picked":"Singing Bowl","floor":18},{"not_picked":["hierophant:Chorus","hierophant:Encroach","hierophant:Racketeering"],"picked":"SKIP","floor":18},{"not_picked":["Laetitia","CrumblingArmor"],"picked":"Bloodbath","floor":20},{"not_picked":["hierophant:OrnateBuckler","hierophant:SealAway","hierophant:HolyVerse"],"picked":"SKIP","floor":20},{"not_picked":["hierophant:OrnateBuckler","hierophant:SealAway","hierophant:HolyVerse"],"picked":"SKIP","floor":20},{"not_picked":["OldLady","VoidDream","MeltingLove"],"picked":"Singing Bowl","floor":21},{"not_picked":["Wellcheers","SpiderBud"],"picked":"SilentOrchestra","floor":21},{"not_picked":["hierophant:MirrorShield+1","hierophant:Mercenaries","hierophant:Doubloon"],"picked":"SKIP","floor":21},{"not_picked":["hierophant:MirrorShield+1","hierophant:Mercenaries","hierophant:Doubloon"],"picked":"SKIP","floor":21},{"not_picked":["QueenOfHatred","Woodsman","BigBadWolf"],"picked":"Singing Bowl","floor":23},{"not_picked":["hierophant:Batter","hierophant:Kindle","hierophant:DivineIntervention"],"picked":"SKIP","floor":23},{"not_picked":["CrumblingArmor","UniverseFragment","Scarecrow"],"picked":"Singing Bowl","floor":25},{"not_picked":["hierophant:BulkyChest","hierophant:Batter","hierophant:AuricForm"],"picked":"SKIP","floor":25},{"not_picked":["Laetitia","LittleHelper"],"picked":"LongBird","floor":30},{"not_picked":["hierophant:DivineIntervention","hierophant:WrathOfGod","hierophant:BulkyChest"],"picked":"SKIP","floor":30},{"not_picked":["hierophant:DivineIntervention","hierophant:WrathOfGod","hierophant:BulkyChest"],"picked":"SKIP","floor":30},{"not_picked":["WallGazer","SpiderBud","BeautyBeast"],"picked":"Singing Bowl","floor":33}],"player_experience":132298,"relics_obtained":[{"floor":1.0,"key":"LetterFromLob"},{"floor":6.0,"key":"Sundial"},{"floor":6.0,"key":"AT_ArchangelStaff"},{"floor":8.0,"key":"AT_TimeSand"},{"floor":8.0,"key":"AT_BellDemon"},{"floor":10.0,"key":"Replay:PocketPolymizer"},{"floor":10.0,"key":"Boot"},{"floor":13,"key":"Lantern"},{"floor":13,"key":"ReplayTheSpireMod:Shallot"},{"floor":23,"key":"AT_MibuBalloonWealth"},{"floor":23,"key":"Potion Belt"},{"floor":25,"key":"Anchor"},{"floor":25,"key":"Eternal Feather"},{"floor":26,"key":"Gremlin Food"},{"floor":30,"key":"Pen Nib"},{"floor":30,"key":"Blood Vial"}],"event_choices":[{"damage_healed":25.0,"max_hp_gain":0.0,"max_hp_loss":0.0,"gold_gain":0.0,"event_name":"Big Fish","player_choice":"Banana","floor":5.0,"gold_loss":0.0,"damage_taken":0.0},{"damage_healed":0,"gold_gain":0,"player_choice":" Idol ","damage_taken":41,"relics_obtained":["Bloody Idol"],"max_hp_gain":75,"max_hp_loss":49,"event_name":"betterAltar:BetterAltar","floor":22,"potions_obtained":[],"relics_lost":[],"gold_loss":0},{"cards_removed":["SilentOrchestra"],"damage_healed":0,"gold_gain":0,"player_choice":"Gave Gold","damage_taken":0,"max_hp_gain":0,"max_hp_loss":0,"event_name":"Beggar","floor":28,"gold_loss":75}],"is_beta":false,"boss_relics":[{"not_picked":["Replay:Grab Bag","Tiny House"],"picked":"SlaversCollar"},{"not_picked":["SacredBark","Runic Dome"],"picked":"Fusion Hammer"}],"items_purged_floors":[],"is_endless":false,"potions_floor_spawned":[2,6,8,10,16,21,23,30,33],"killed_by":"Orb Walker","ascension_level":20}}