{"host":"jpol0bbzretdyr3c","time":1610534539,"event":{"mods":["100% Spire Juice","Act Like it!","BaseMod","Colored Map","Downfall","Gensokyo","Googly Eyes","Hallownest","Koishi","Marisa????????","Minty Spire (QoL Compilation)","Remilia??????","Replay The Spire","StSLib","The Jungle","The Servant 0.9.4","Yuyuko"],"gold_per_floor":[110,110,110,110,87,115,129,154,178,191,120,136,148,168,168,287,287,303,303,320,331,365,365,382,398,398,398,398,427,86,138,138,138,138],"floor_reached":33,"language":"ENG","playtime":3520,"items_purged":[],"score":424,"play_id":"0d023e1b-438c-4885-ae3b-a77a7f438820","local_time":"20210113024219","is_ascension_mode":false,"campfire_choices":[{"data":"FitfulNightmare","floor":15,"key":"SMITH"},{"floor":23,"key":"REST"},{"floor":27,"key":"REST"},{"data":"ChaoticDestiny","floor":32,"key":"SMITH"}],"circlet_count":0,"master_deck":["Strike_RM","Strike_RM","Strike_RM","Strike_RM","Defend_RM","Defend_RM","Defend_RM","Defend_RM","RedMoon","ScarletShoot","FitfulNightmare+1","MastersStateliness","Stigmanizer","BloodyMagicSquare","BlasphemousPunishment","CharismaGuard","Ultimatum","FavorOfDestiny","RedRainbow","StarOfDavid","HunterOfTheNight","KillingBlow","AfternoonTea","Writhe","BombardNight","VampireKiss","BombardNight+1","BadLadyScramble+1","VampireKiss","VampirishNight","Pot Of Greed","Pot Of Greed","Pot Of Greed","ScarletMeister","ChaoticDestiny+1","ScarletImprint","GlobalNightmare+1"],"relics":["ScarletHat","NeowsBlessing","Pear","ReplayTheSpireMod:Lightbulb","Question Card","ScarletDevilRocket","Painkiller Herb","Regal Pillow","Gungnir","Grinning Jar","Lantern","Simple Rune"],"acts_visited":["Gensokyo:Gensokyo","TheCity"],"potions_floor_usage":[16,20,21,33,33,33],"damage_taken":[{"damage":0,"enemies":"Gensokyo:3_Fairies","floor":1,"turns":2},{"damage":0,"enemies":"Gensokyo:Cirno","floor":6,"turns":2},{"damage":0,"enemies":"Gensokyo:Gryphon","floor":7,"turns":1},{"damage":39,"enemies":"Gensokyo:Mamizou","floor":8,"turns":8},{"damage":4,"enemies":"Gensokyo:2_Kodama","floor":10,"turns":5},{"damage":0,"enemies":"Gensokyo:Kitsune","floor":12,"turns":4},{"damage":3,"enemies":"Gensokyo:Gryphon_and_Rabbit","floor":13,"turns":6},{"damage":0,"enemies":"Gensokyo:VengefulSpirit","floor":14,"turns":5},{"damage":16,"enemies":"Gensokyo:Kokoro","floor":16,"turns":8},{"damage":55,"enemies":"3 Byrds","floor":18,"turns":4},{"damage":25,"enemies":"2 Thieves","floor":20,"turns":5},{"damage":13,"enemies":"Centurion and Healer","floor":21,"turns":4},{"damage":12,"enemies":"Cultist and Chosen","floor":22,"turns":7},{"damage":8,"enemies":"Snake Plant","floor":24,"turns":6},{"damage":16,"enemies":"Snecko","floor":25,"turns":5},{"damage":11,"enemies":"Replay:Snechameleon","floor":29,"turns":5},{"damage":51,"enemies":"Gremlin Leader","floor":31,"turns":5},{"damage":78,"enemies":"Champ","floor":33,"turns":9}],"seed_played":"-8994354729024685008","potions_obtained":[{"floor":7,"key":"ColorlessPotion"},{"floor":10,"key":"Fire Potion"},{"floor":14,"key":"Weak Potion"},{"floor":16,"key":"Strength Potion"},{"floor":20,"key":"PowerPotion"},{"floor":24,"key":"FearPotion"}],"is_trial":false,"path_per_floor":["M","?","?","?","$","E","M","?","T","M","COS","M","M","M","R","B",null,"?","?","?","?","?","T","?","?","T","T","?","E","T","E","T","B"],"character_chosen":"REMILIA","items_purchased":["MastersStateliness","Lantern","ChaoticDestiny","ScarletImprint"],"campfire_rested":2,"item_purchase_floors":[5,30,30,30],"current_hp_per_floor":[75,70,70,78,78,78,78,45,45,43,43,46,46,47,47,37,93,46,46,23,14,9,51,46,39,39,81,81,78,78,40,40,0,0],"gold":138,"neow_bonus":"THREE_ENEMY_KILL","is_daily":false,"chose_seed":false,"campfire_upgraded":2,"win_rate":0.0,"timestamp":1610534539,"path_taken":["M","?","?","?","?","E","?","?","T","M","COS","M","M","M","R","BOSS","?","?","?","?","?","T","?","?","T","T","?","E","T","E","T","BOSS"],"items_purchased_type":["Card","Relic","Card","Card"],"build_version":"2020-12-22","purchased_purges":0,"victory":false,"max_hp_per_floor":[75,85,85,93,93,93,93,93,93,93,93,93,93,93,93,93,93,93,93,93,93,93,93,93,93,93,93,93,93,93,93,93,93,93],"card_choices":[{"not_picked":["VampireKiss","RedRainbow"],"picked":"FitfulNightmare","floor":1},{"not_picked":["UnstableMagic","BatForm"],"picked":"Stigmanizer","floor":6},{"not_picked":["EndlessAdversity","BloodHunter"],"picked":"BloodyMagicSquare","floor":7},{"not_picked":["BloodyMagicSquare","CharismaGuard"],"picked":"BlasphemousPunishment","floor":8},{"not_picked":["ScarletDevil","FavorOfDestiny","BloodHunter"],"picked":"CharismaGuard","floor":10},{"not_picked":["ScarletNetherworld","BloodyMagicSquare","RedNightlessCastle"],"picked":"Ultimatum","floor":12},{"not_picked":["VampireFantasy","NightLord","Ultimatum"],"picked":"FavorOfDestiny","floor":13},{"not_picked":["MastersStateliness","BombardNight","RedNightlessCastle"],"picked":"RedRainbow","floor":13},{"not_picked":["BloodyMagicSquare","DiffusionOfMisfortune","RedRainbow"],"picked":"StarOfDavid","floor":14},{"not_picked":["TwelveNightmare","ScarletDevilSign","VampireKiss"],"picked":"HunterOfTheNight","floor":14},{"not_picked":["BloodRain","BloodySeventeenLaser","BloodyCatastrophe"],"picked":"KillingBlow","floor":16},{"not_picked":["VampireClaw","FavorOfDestiny","DevilSight"],"picked":"AfternoonTea","floor":18},{"not_picked":["Stigmanizer","ScarletDevil","ScarletDevilSign"],"picked":"BombardNight","floor":20},{"not_picked":["DiffusionOfMisfortune","MastersStateliness","Stigmanizer"],"picked":"VampireKiss","floor":21},{"not_picked":["ScarletImprint","DiffusionOfMisfortune","ScarletDevil+1"],"picked":"BombardNight+1","floor":22},{"not_picked":["BlasphemousPunishment","Stigmanizer","ScarletImprint"],"picked":"BadLadyScramble+1","floor":22},{"not_picked":["FavorOfDestiny","HunterOfTheNight+1","BloodRain"],"picked":"VampireKiss","floor":24},{"not_picked":["VampireFantasy","Ultimatum","UnderTheZenith+1"],"picked":"VampirishNight","floor":25},{"not_picked":["ReincarnationDial+1","BlasphemousPunishment","ScarletImprint+1"],"picked":"ScarletMeister","floor":29},{"not_picked":["VampirishNight","BadLadyScramble","UnderTheZenith"],"picked":"GlobalNightmare+1","floor":31}],"player_experience":435558,"relics_obtained":[{"floor":6,"key":"ReplayTheSpireMod:Lightbulb"},{"floor":8,"key":"Question Card"},{"floor":9,"key":"ScarletDevilRocket"},{"floor":26,"key":"Gungnir"},{"floor":29,"key":"Grinning Jar"},{"floor":31,"key":"Simple Rune"}],"event_choices":[{"damage_healed":0,"gold_gain":0,"player_choice":"Opened","damage_taken":0,"relics_obtained":["Regal Pillow"],"max_hp_gain":0,"max_hp_loss":0,"event_name":"The Mausoleum","floor":19,"gold_loss":0,"cards_obtained":["Writhe"]},{"damage_healed":0,"gold_gain":0,"player_choice":"Simplicity","damage_taken":0,"max_hp_gain":0,"max_hp_loss":0,"event_name":"Back to Basics","floor":28,"gold_loss":0,"cards_upgraded":["Strike_RM","Strike_RM","Strike_RM","Strike_RM","Defend_RM","Defend_RM","Defend_RM","Defend_RM"]}],"is_beta":false,"boss_relics":[{"not_picked":["Cursed Key","Empty Cage"],"picked":"Painkiller Herb"}],"items_purged_floors":[],"is_endless":false,"potions_floor_spawned":[7,10,14,16,18,25],"killed_by":"Champ","ascension_level":0}}