{"host":"npubv26u89aif4fa","time":1610522651,"event":{"mods":["Astrologer","BaseMod","Better Vampires","Better-Laid Plans","Colored Powertips","GifTheSpireLib","GungeonMod","HornydragonMod","Hubris","Jedi Mod","Minty Spire (QoL Compilation)","Quick Restart","Remilia（蕾米莉亚）","Replay The Spire","StSLib","Td1madao Mod","The Administrix","The Alterego","The Bug Knight","The Cursed","The Runesmith","Yuri Mod","残留之物"],"gold_per_floor":[118,118,134,134,152,187,31,31,31,41,60,91,91,104,104,205,205,222,256,274,274,293,293,319,319,344,358,358,376,391,416,416,513,513,533,262,282,296,313,348,348,380,459,470,470,486,499,511,511,511,511],"floor_reached":50,"language":"ZHS","playtime":5056,"items_purged":["HollowMod:NailStrikeStart","HollowMod:NailStrikeStart"],"score":660,"play_id":"03fde505-0799-4846-b5a0-d351e8b42150","local_time":"20210113152411","is_ascension_mode":false,"campfire_choices":[{"floor":15.0,"key":"REST"},{"floor":23.0,"key":"RECALL"},{"data":"HollowMod:ShadowDash","floor":25.0,"key":"SMITH"},{"data":"hubris:DuctTapeCard","floor":28.0,"key":"SMITH"},{"data":"HollowMod:WraithStrike","floor":32,"key":"SMITH"},{"floor":45,"key":"REST"},{"floor":49,"key":"REST"}],"circlet_count":0,"master_deck":["HollowMod:QuickDashStart","HollowMod:QuickDashStart","HollowMod:QuickDashStart","HollowMod:QuickDashStart","HollowMod:PogoStrike","HollowMod:WraithStrike+1","HollowMod:DescendingDark","HollowMod:ZotesMagnificence","HollowMod:DashSlash","HollowMod:PerfectDash","HollowMod:CloakDash","HollowMod:SlysStrikes","HollowMod:ShadowDash+1","HollowMod:CloakDash","HollowMod:MonarchWings","HollowMod:DescendingDark","hubris:DuctTapeCard","HollowMod:RecoilStrike","HollowMod:CloakDash+1","HollowMod:ZotesMagnificence","HollowMod:ShadowDash+1","hubris:EnhanceAbility","HollowMod:SiblingsSouls","HollowMod:VengefulVoid+1","HollowMod:GrimmsGift","HollowMod:LifebloodCocoon+1","HollowMod:ElderbugsWisdom","HollowMod:GrimmsGift","HollowMod:DoubleDash","HollowMod:NewLittleFool","HollowMod:MantisMark","HollowMod:CloakDash+1","HollowMod:HowlingWraiths","HollowMod:HuntersJournal+1","HollowMod:VoidDash"],"relics":["HollowMod:VesselMask","hubris:Icosahedron","Matryoshka","DemoMod:ClearGuonStone","hubris:MysteriousPyramids","Blood Vial","hubris:DuctTape","ReplayTheSpireMod:DimensionalGlitch","Red Mask","DemoMod:ResourcefulSack","Oddly Smooth Stone","Prayer Wheel","hubris:GrandSneckoEye","Pantograph","Unceasing Top","Garlic"],"acts_visited":["Exordium","TheCity","TheBeyond"],"potions_floor_usage":[29,33,38,44,50],"damage_taken":[{"damage":0.0,"enemies":"Small Slimes","floor":1.0,"turns":4.0},{"damage":5.0,"enemies":"Jaw Worm","floor":3.0,"turns":3.0},{"damage":2.0,"enemies":"Cultist","floor":5.0,"turns":3.0},{"damage":42.0,"enemies":"Replay:BlueRogue","floor":6.0,"turns":8.0},{"damage":0.0,"enemies":"Exordium Thugs","floor":10.0,"turns":3.0},{"damage":5.0,"enemies":"Red Slaver","floor":11.0,"turns":5.0},{"damage":33.0,"enemies":"Lagavulin","floor":12.0,"turns":5.0},{"damage":0.0,"enemies":"Gremlin Gang","floor":14.0,"turns":1.0},{"damage":0.0,"enemies":"Slime Boss","floor":16.0,"turns":6.0},{"damage":12.0,"enemies":"Shell Parasite","floor":18.0,"turns":3.0},{"damage":0.0,"enemies":"Masked Bandits","floor":19.0,"turns":1.0},{"damage":0.0,"enemies":"HollowMod:HuskSentry","floor":20.0,"turns":2.0},{"damage":0.0,"enemies":"Chosen and Byrds","floor":22.0,"turns":3.0},{"damage":5.0,"enemies":"HollowMod:Nosk","floor":24.0,"turns":6.0},{"damage":0.0,"enemies":"Centurion and Healer","floor":27.0,"turns":2.0},{"damage":1,"enemies":"Snake Plant","floor":29,"turns":3},{"damage":0,"enemies":"Sentry and Sphere","floor":30,"turns":1},{"damage":9,"enemies":"Book of Stabbing","floor":31,"turns":4},{"damage":9,"enemies":"Champ","floor":33,"turns":9},{"damage":7,"enemies":"Orb Walker","floor":35,"turns":3},{"damage":0,"enemies":"3 Darklings","floor":37,"turns":3},{"damage":0,"enemies":"Jaw Worm Horde","floor":38,"turns":2},{"damage":24,"enemies":"Maw","floor":39,"turns":5},{"damage":14,"enemies":"Reptomancer","floor":40,"turns":3},{"damage":35,"enemies":"Giant Head","floor":42,"turns":8},{"damage":0,"enemies":"Transient","floor":44,"turns":5},{"damage":0,"enemies":"Spire Growth","floor":46,"turns":3},{"damage":0,"enemies":"Maw","floor":47,"turns":6},{"damage":5,"enemies":"Sphere and 2 Shapes","floor":48,"turns":3},{"damage":76,"enemies":"Time Eater","floor":50,"turns":8}],"seed_played":"6663220220211799418","potions_obtained":[{"floor":10.0,"key":"Regen Potion"},{"floor":11.0,"key":"Cursed Concoction"},{"floor":12.0,"key":"jedi:StrikingPotion"},{"floor":18.0,"key":"Swift Potion"},{"floor":29,"key":"BlessingOfTheForge"},{"floor":30,"key":"Strength Potion"},{"floor":35,"key":"Dexterity Potion"},{"floor":37,"key":"Strength Potion"},{"floor":42,"key":"ColorlessPotion"},{"floor":44,"key":"LifebloodPotion"}],"is_trial":false,"path_per_floor":["M","?","M","?","M","E","$","T","T","M","M","E","?","M","R","B",null,"M","?","M","?","M","R","E","R","T","M","R","M","M","E","R","B",null,"M","$","M","M","M","E","?","E","T","M","R","M","M","M","R","B"],"character_chosen":"THE_BUGKNIGHT","items_purchased":["HollowMod:SiblingsShadow","hubris:EnhanceAbility"],"campfire_rested":3,"item_purchase_floors":[7,36],"current_hp_per_floor":[82,82,77,77,75,33,33,33,33,35,41,10,3,5,29,31,82,70,71,72,72,73,73,69,69,69,70,70,70,71,63,63,55,82,75,75,76,77,54,41,41,7,7,8,32,33,34,30,54,0,0],"gold":511,"neow_bonus":"TEN_PERCENT_HP_BONUS","is_daily":false,"chose_seed":false,"campfire_upgraded":3,"win_rate":0.0,"timestamp":1610522651,"path_taken":["M","?","M","?","M","E","?","?","T","M","M","E","?","M","R","BOSS","M","?","M","?","M","R","E","R","T","M","R","?","M","E","R","BOSS","M","$","M","M","M","E","?","E","T","?","R","M","?","M","R","BOSS"],"items_purchased_type":["Card","Card"],"build_version":"2020-12-22","purchased_purges":2,"victory":false,"max_hp_per_floor":[82,82,82,82,82,82,82,82,82,82,82,82,82,82,82,82,82,82,82,82,82,82,82,82,82,82,82,82,82,82,82,82,82,82,82,82,82,82,82,82,82,82,82,82,82,82,82,82,82,82,82],"card_choices":[{"not_picked":["HollowMod:HowlingWraiths","HollowMod:PureNailStrike"],"picked":"HollowMod:WraithStrike","floor":1.0},{"not_picked":["HollowMod:NewLittleFool","HollowMod:DoubleDash","HollowMod:VengefulSpirit"],"picked":"SKIP","floor":3.0},{"not_picked":["HollowMod:DashSlash","HollowMod:VengefulVoid"],"picked":"HollowMod:DescendingDark","floor":5.0},{"not_picked":["HollowMod:VengefulVoid","HollowMod:HowlingWraiths"],"picked":"HollowMod:ZotesMagnificence","floor":6.0},{"not_picked":["HollowMod:InfectedCysts","HollowMod:SoulEater"],"picked":"HollowMod:DashSlash","floor":10.0},{"not_picked":["HollowMod:DashSlash","HollowMod:CycloneSlash"],"picked":"HollowMod:PerfectDash","floor":11.0},{"not_picked":["HollowMod:AwokenDreamNail","HollowMod:BaldurShell"],"picked":"HollowMod:SiblingsSouls","floor":12.0},{"not_picked":["HollowMod:InfectedAttack","HollowMod:NewLittleFool"],"picked":"HollowMod:CloakDash","floor":14.0},{"not_picked":["HollowMod:SoulMaster","HollowMod:NewInfectedGuardian"],"picked":"HollowMod:SlysStrikes","floor":16.0},{"not_picked":["HollowMod:SoulStrike","HollowMod:MothsMistake"],"picked":"HollowMod:ShadowDash","floor":18.0},{"not_picked":["HollowMod:MothsMistake","HollowMod:DashSlash"],"picked":"HollowMod:CloakDash","floor":19.0},{"not_picked":["HollowMod:TaintedHusks","HollowMod:Hiveblood"],"picked":"HollowMod:MonarchWings","floor":20.0},{"not_picked":["HollowMod:CycloneSlash","HollowMod:SiblingsSouls"],"picked":"HollowMod:DescendingDark","floor":22.0},{"not_picked":["HollowMod:SoulStrike","HollowMod:InfectedAttack","HollowMod:SoulMaster"],"picked":"SKIP","floor":24.0},{"not_picked":["HollowMod:SharpenedNail","HollowMod:SoulSplash","HollowMod:NewLittleFool"],"picked":"SKIP","floor":27.0},{"not_picked":["HollowMod:DashSlash","HollowMod:NewLittleFool","HollowMod:SoulVessel+1"],"picked":"SKIP","floor":29},{"not_picked":["HollowMod:SoulVessel","HollowMod:GoodIntentions"],"picked":"HollowMod:RecoilStrike","floor":30},{"not_picked":["HollowMod:CrystalDash","HollowMod:MothsMistake"],"picked":"HollowMod:CloakDash+1","floor":31},{"not_picked":["HollowMod:NewInfectedGuardian","HollowMod:LordofShades"],"picked":"HollowMod:ZotesMagnificence","floor":33},{"not_picked":["HollowMod:FallenFury","HollowMod:BaldurShell+1"],"picked":"HollowMod:ShadowDash+1","floor":35},{"not_picked":["HollowMod:MonarchWings+1","HollowMod:InfectedAttack+1","HollowMod:DungDefenderAura+1"],"picked":"SKIP","floor":35},{"not_picked":["HollowMod:DungDefenderAura+1","HollowMod:BrokenVessel"],"picked":"HollowMod:SiblingsSouls","floor":37},{"not_picked":["HollowMod:ChannelNail+1","HollowMod:MawleksShell+1"],"picked":"HollowMod:VengefulVoid+1","floor":37},{"not_picked":["HollowMod:InfectedAttack","HollowMod:SharpenedNail+1"],"picked":"HollowMod:GrimmsGift","floor":38},{"not_picked":["HollowMod:HowlingWraiths","HollowMod:TaintedHusks","HollowMod:Hiveblood"],"picked":"SKIP","floor":38},{"not_picked":["HollowMod:BaldurShell+1","HollowMod:ShadowDash+1"],"picked":"HollowMod:LifebloodCocoon+1","floor":39},{"not_picked":["HollowMod:PureNailStrike+1","HollowMod:GoodIntentions+1","HollowMod:MonomonsArchive+1"],"picked":"SKIP","floor":39},{"not_picked":["HollowMod:ChannelNail+1","HollowMod:PureVessel"],"picked":"HollowMod:ElderbugsWisdom","floor":40},{"not_picked":["HollowMod:InfectedAttack+1","HollowMod:CornifersMapStart+1"],"picked":"HollowMod:DoubleDash","floor":42},{"not_picked":["HollowMod:BaldurShell","HollowMod:InfectedCysts"],"picked":"HollowMod:NewLittleFool","floor":44},{"not_picked":["HollowMod:ChannelNail+1","HollowMod:SoulMaster","HollowMod:DoubleDash+1"],"picked":"SKIP","floor":44},{"not_picked":["HollowMod:FastStrike","HollowMod:SoulShaman+1"],"picked":"HollowMod:MantisMark","floor":46},{"not_picked":["HollowMod:SoulSplash+1","HollowMod:SoulStrike+1","HollowMod:CornifersMapStart+1"],"picked":"SKIP","floor":46},{"not_picked":["HollowMod:MonarchWings+1","HollowMod:ShadowDash"],"picked":"HollowMod:CloakDash+1","floor":47},{"not_picked":["HollowMod:HeavyBlow+1","HollowMod:VengefulVoid+1"],"picked":"HollowMod:HowlingWraiths","floor":47},{"not_picked":["HollowMod:LuriensSpire","HollowMod:BlackTendrils"],"picked":"HollowMod:HuntersJournal+1","floor":48},{"not_picked":["HollowMod:NewJinnsSoul+1","HollowMod:InfectedCysts"],"picked":"HollowMod:VoidDash","floor":48}],"player_experience":252356,"relics_obtained":[{"floor":6.0,"key":"Matryoshka"},{"floor":8.0,"key":"DemoMod:ClearGuonStone"},{"floor":9.0,"key":"hubris:MysteriousPyramids"},{"floor":9.0,"key":"Blood Vial"},{"floor":12.0,"key":"hubris:DuctTape"},{"floor":19.0,"key":"Red Mask"},{"floor":24.0,"key":"DemoMod:ResourcefulSack"},{"floor":26.0,"key":"Oddly Smooth Stone"},{"floor":31,"key":"Prayer Wheel"},{"floor":40,"key":"Pantograph"},{"floor":42,"key":"Unceasing Top"},{"floor":43,"key":"Garlic"}],"event_choices":[{"cards_removed":["HollowMod:NailStrikeStart"],"damage_healed":0.0,"max_hp_gain":0.0,"max_hp_loss":0.0,"gold_gain":0.0,"event_name":"Golden Wing","player_choice":"Card Removal","floor":13.0,"gold_loss":0.0,"damage_taken":7.0},{"damage_healed":0.0,"max_hp_gain":0.0,"max_hp_loss":0.0,"gold_gain":0.0,"event_name":"Masked Bandits","player_choice":"Fought Bandits","floor":19.0,"gold_loss":0.0,"damage_taken":0.0},{"cards_removed":["HollowMod:NailStrikeStart"],"damage_healed":0.0,"max_hp_gain":0.0,"max_hp_loss":0.0,"gold_gain":0.0,"event_name":"Bonfire Elementals","player_choice":"Offered Basic","floor":21.0,"gold_loss":0.0,"damage_taken":0.0},{"damage_healed":0,"gold_gain":0,"player_choice":"Copied","damage_taken":0,"max_hp_gain":0,"max_hp_loss":0,"event_name":"Duplicator","floor":41,"gold_loss":0,"cards_obtained":["HollowMod:GrimmsGift"]}],"is_beta":false,"boss_relics":[{"not_picked":["hubris:BlackHole","hubris:RunicObelisk"],"picked":"ReplayTheSpireMod:DimensionalGlitch"},{"not_picked":["Kintsugi","hubris:ScarierMask"],"picked":"hubris:GrandSneckoEye"}],"items_purged_floors":[7,36],"is_endless":false,"potions_floor_spawned":[10,11,12,18,29,30,31,35,37,42,44],"killed_by":"Time Eater","ascension_level":0}}