{"host":"flm17o2q7bfjyna6","time":1610553296,"event":{"mods":["2.2 Compatiblity","Act Like it!","BaseMod","Better Altar","Better Match","Better Note","Better Sensory Stone","Better Skull","Better Third Choice","Better Vampires","Colored Map","Colored Powertips","DeckTracker","Hermit","Minty Spire (QoL Compilation)","Quick Restart","Replay The Spire","Reworked Bosses","Spicy Shops","StSLib","Wandering Minibosses"],"gold_per_floor":[114,114,114,129,144,174,189,219,219,234,49,64,79,94,94,194,194,209,224,224,74,74,104,104,134,134,134,149,149,164,164,164,288,288,317,317,338,158,118,160,160,223,273,317,125,125,125,184,184,204],"floor_reached":51,"language":"ENG","playtime":1240,"items_purged":["Defend_P","Replay:BluntJabs","Looming Evil"],"score":1255,"play_id":"5a09065f-ae2f-46d1-bc0a-dea3401491ac","local_time":"20210113105456","daily_mods":["Cursed Run","Vintage","Lethality"],"is_ascension_mode":false,"campfire_choices":[{"data":"CrushJoints","floor":15,"key":"SMITH"},{"data":"SignatureMove","floor":24,"key":"SMITH"},{"data":"FollowUp","floor":27,"key":"SMITH"},{"data":"FlyingSleeves","floor":32,"key":"SMITH"},{"data":"Vault","floor":41,"key":"SMITH"},{"data":"Devotion","floor":46,"key":"SMITH"},{"data":"JustLucky","floor":49,"key":"SMITH"}],"circlet_count":0,"master_deck":["Eruption+1","Vigilance","CrushJoints+1","Shame","Adaptation+1","Judgement+1","SpiritShield+1","SignatureMove+1","FlyingSleeves+1","Prostrate+1","FollowUp+1","Clumsy","Vault+1","CurseOfTheBell","Tantrum+1","Prostrate+1","SashWhip+1","Looming Evil","Devotion+1","JustLucky+1","Poisoned Strike","Deep Breath","ReplayTheSpireMod:Splinters"],"relics":["Cursed Key","Darkstone Periapt","Du-Vu Doll","Akabeko","MealTicket","Happy Flower","ReplayTheSpireMod:TigerMarble","Snack Pack","Pen Nib","Replay:WaspNest","Replay:Bottled Steam","Dream Catcher","Omamori","Replay:Ringing Soul","Pandora\u0027s Box","TeardropLocket","Toy Ornithopter","Pet Ghost","Guide Book","Smiling Mask","Gremlin Food","Yang","Vajra","Replay:Bandana","Calling Bell","Centennial Puzzle","ReplayTheSpireMod:Shallot","Pondfish Scales","PreservedInsect","Onion Ring","ReplayTheSpireMod:CursedCoin","Replay:Wax Seal","Quantum Egg","Durian","Mirror","Peace Pipe","Oddly Smooth Stone","FossilizedHelix","HandDrill","Bottled Tornado"],"acts_visited":["Exordium","TheCity","TheBeyond"],"potions_floor_usage":[16,33],"damage_taken":[{"damage":0,"enemies":"Cultist","floor":1,"turns":2},{"damage":1,"enemies":"Jaw Worm","floor":4,"turns":2},{"damage":0,"enemies":"2 Louse","floor":5,"turns":1},{"damage":0,"enemies":"Replay:BlueRogue","floor":6,"turns":3},{"damage":0,"enemies":"Exordium Thugs","floor":7,"turns":2},{"damage":0,"enemies":"Gremlin Nob","floor":8,"turns":2},{"damage":0,"enemies":"Exordium Wildlife","floor":10,"turns":2},{"damage":5,"enemies":"Looter","floor":12,"turns":2},{"damage":0,"enemies":"Large Slime","floor":13,"turns":2},{"damage":0,"enemies":"Red Slaver","floor":14,"turns":2},{"damage":57,"enemies":"Hexaghost","floor":16,"turns":4},{"damage":13,"enemies":"Shell Parasite","floor":18,"turns":2},{"damage":0,"enemies":"Spheric Guardian","floor":19,"turns":1},{"damage":0,"enemies":"Gremlin Leader","floor":23,"turns":1},{"damage":0,"enemies":"Replay:Snechameleon","floor":25,"turns":2},{"damage":0,"enemies":"Snecko","floor":28,"turns":1},{"damage":0,"enemies":"Snake Plant","floor":30,"turns":1},{"damage":0,"enemies":"bossMod:newChamp","floor":33,"turns":4},{"damage":0,"enemies":"3 Darklings","floor":35,"turns":1},{"damage":0,"enemies":"Orb Walker","floor":37,"turns":1},{"damage":0,"enemies":"Mind Bloom Boss Battle","floor":39,"turns":2},{"damage":0,"enemies":"Reptomancer","floor":40,"turns":3},{"damage":0,"enemies":"2 Orb Walkers","floor":42,"turns":2},{"damage":0,"enemies":"R_Hoarder","floor":44,"turns":3},{"damage":0,"enemies":"Transient","floor":48,"turns":3},{"damage":0,"enemies":"bossMod:newAwakened","floor":50,"turns":5}],"seed_played":"-4624312993155624390","potions_obtained":[{"floor":4,"key":"Doom Potion"},{"floor":5,"key":"SkillPotion"},{"floor":7,"key":"Adrenaline Potion"},{"floor":16,"key":"Swift Potion"},{"floor":35,"key":"Weak Potion"}],"is_trial":false,"path_per_floor":["M","?","?","M","M","E","M","E","T","M","$","M","M","M","R","B",null,"M","M","?","$","?","E","R","E","T","R","M","?","M","?","R","B",null,"M","?","M","$","?","E","R","?","T","E","$","R","?","M","R","B",null],"character_chosen":"WATCHER","items_purchased":["Adaptation+1","Guide Book","ReplayTheSpireMod:CursedCoin","Replay:Wax Seal","Quantum Egg","HandDrill","JustLucky"],"campfire_rested":0,"item_purchase_floors":[11,21,38,38,38,45,45],"current_hp_per_floor":[72,65,65,64,64,64,64,66,72,74,78,73,75,75,75,26,84,71,71,71,84,84,87,87,90,99,99,99,99,99,99,99,108,117,117,117,117,126,134,137,137,140,149,152,155,155,158,158,158,167],"gold":204,"neow_bonus":"","is_daily":true,"chose_seed":false,"campfire_upgraded":7,"win_rate":0.0,"timestamp":1610553296,"path_taken":["M","?","?","M","M","E","M","E","T","M","?","M","M","M","R","BOSS","M","M","?","$","?","E","R","E","T","R","?","?","M","?","R","BOSS","M","?","?","$","?","E","R","?","T","E","?","R","?","M","R","BOSS"],"items_purchased_type":["Card","Relic","Relic","Relic","Relic","Relic","Card"],"build_version":"2020-12-22","purchased_purges":3,"victory":true,"max_hp_per_floor":[72,72,72,72,72,72,72,72,78,78,78,78,78,78,78,81,84,84,84,84,84,84,87,87,90,99,99,99,99,99,99,99,108,117,117,117,117,126,134,137,137,140,149,152,155,155,158,158,158,167],"card_choices":[{"not_picked":["Replay:ManipulateFuture","Replay:AtTheReady"],"picked":"CrushJoints","floor":6},{"not_picked":["CrushJoints","ClearTheMind","Conclude"],"picked":"SKIP","floor":8},{"not_picked":["Alpha","DeusExMachina"],"picked":"Judgement","floor":16},{"not_picked":["FollowUp","PathToVictory"],"picked":"Prostrate+1","floor":23},{"not_picked":["DevaForm","EmptyMind"],"picked":"FollowUp","floor":25},{"not_picked":["Brilliance","Judgement"],"picked":"Vault","floor":33},{"not_picked":["Protect","ThirdEye+1"],"picked":"Tantrum+1","floor":39},{"not_picked":["ForeignInfluence+1","ClearTheMind"],"picked":"Prostrate+1","floor":40},{"not_picked":["WreathOfFlame+1","Replay:BluntJabs+1"],"picked":"SashWhip+1","floor":42},{"not_picked":["FlurryOfBlows","ThirdEye+1"],"picked":"Devotion","floor":44},{"not_picked":["Forethought","Survey Options"],"picked":"Poisoned Strike","floor":47},{"not_picked":["Chrysalis","Mayhem"],"picked":"Deep Breath","floor":47}],"player_experience":1656651,"relics_obtained":[{"floor":1,"key":"Akabeko"},{"floor":4,"key":"MealTicket"},{"floor":5,"key":"Happy Flower"},{"floor":6,"key":"ReplayTheSpireMod:TigerMarble"},{"floor":7,"key":"Snack Pack"},{"floor":8,"key":"Pen Nib"},{"floor":9,"key":"Replay:WaspNest"},{"floor":10,"key":"Replay:Bottled Steam"},{"floor":12,"key":"Dream Catcher"},{"floor":13,"key":"Omamori"},{"floor":14,"key":"Replay:Ringing Soul"},{"floor":18,"key":"TeardropLocket"},{"floor":19,"key":"Toy Ornithopter"},{"floor":23,"key":"Smiling Mask"},{"floor":25,"key":"Gremlin Food"},{"floor":26,"key":"Yang"},{"floor":28,"key":"Vajra"},{"floor":30,"key":"Replay:Bandana"},{"floor":34,"key":"Centennial Puzzle"},{"floor":34,"key":"ReplayTheSpireMod:Shallot"},{"floor":34,"key":"Pondfish Scales"},{"floor":35,"key":"PreservedInsect"},{"floor":37,"key":"Onion Ring"},{"floor":39,"key":"Durian"},{"floor":40,"key":"Mirror"},{"floor":42,"key":"Peace Pipe"},{"floor":43,"key":"Oddly Smooth Stone"},{"floor":44,"key":"FossilizedHelix"},{"floor":48,"key":"Bottled Tornado"}],"event_choices":[{"cards_removed":["Strike_P"],"damage_healed":0,"gold_gain":0,"player_choice":"Card Removal","damage_taken":7,"max_hp_gain":0,"max_hp_loss":0,"event_name":"Golden Wing","floor":2,"gold_loss":0},{"damage_healed":0,"gold_gain":0,"player_choice":"Grow","damage_taken":0,"max_hp_gain":0,"max_hp_loss":0,"event_name":"Living Wall","floor":3,"gold_loss":0,"cards_upgraded":["Eruption"]},{"damage_healed":0,"gold_gain":0,"player_choice":"Stole Relic","damage_taken":0,"relics_obtained":["Pet Ghost"],"max_hp_gain":0,"max_hp_loss":0,"event_name":"Addict","floor":20,"gold_loss":0,"cards_obtained":["Shame"]},{"cards_removed":["Replay:BluntJabs"],"damage_healed":0,"gold_gain":0,"player_choice":"Purged","damage_taken":0,"max_hp_gain":0,"max_hp_loss":0,"event_name":"Purifier","floor":22,"gold_loss":0},{"damage_healed":0,"gold_gain":0,"player_choice":"Ignored","damage_taken":0,"max_hp_gain":0,"max_hp_loss":0,"event_name":"Ghosts","floor":29,"gold_loss":0},{"damage_healed":0,"gold_gain":0,"player_choice":"Ignored","damage_taken":0,"max_hp_gain":0,"max_hp_loss":0,"event_name":"Vampires","floor":31,"gold_loss":0},{"cards_removed":["MentalFortress"],"damage_healed":0,"gold_gain":0,"player_choice":"Purged","damage_taken":0,"max_hp_gain":0,"max_hp_loss":0,"event_name":"Purifier","floor":36,"gold_loss":0},{"damage_healed":0,"gold_gain":0,"player_choice":"Fight","damage_taken":0,"max_hp_gain":0,"max_hp_loss":0,"event_name":"MindBloom","floor":39,"gold_loss":0},{"damage_healed":0,"gold_gain":0,"player_choice":"Fight","damage_taken":0,"max_hp_gain":0,"max_hp_loss":0,"event_name":"Mysterious Sphere","floor":42,"gold_loss":0},{"damage_healed":0,"gold_gain":3,"player_choice":"1","damage_taken":0,"max_hp_gain":0,"max_hp_loss":0,"event_name":"betterStone:BetterStone","floor":47,"gold_loss":0}],"is_beta":false,"boss_relics":[{"not_picked":["Empty Cage","Honey Jar"],"picked":"Pandora\u0027s Box"},{"not_picked":["Snecko Heart","Kintsugi"],"picked":"Calling Bell"}],"items_purged_floors":[11,38,45],"is_endless":false,"potions_floor_spawned":[4,5,7,8,16,19,23,35,39,42,48],"ascension_level":0}}