{"host":"lh9qfzqeqctr28d2","time":1610517308,"event":{"mods":["BaseMod","Luminous","Minty Spire (QoL Compilation)","Quick Restart","Relic Stats","Remilia£®¿Ÿ√◊¿Ú—«£©","StSLib"],"gold_per_floor":[116,66,83,83,99,149,197,197,223,223,124,159,209,224,224,319,319,358,358,358,378,389,417,429,477,477,497,148,148,164,16,16,140,140,160,160,210,221,271,296,296,324,324,173,239,239,277,78,78,78],"floor_reached":51,"language":"ZHS","playtime":2594,"items_purged":["Regret","Writhe","FavorOfDestiny"],"score":1025,"play_id":"55add7c2-f52b-4c5d-b2a8-a952cbc6b0d7","local_time":"20210113135508","is_ascension_mode":true,"campfire_choices":[{"data":"ScarletShoot","floor":8.0,"key":"SMITH"},{"data":"RedMoon","floor":10.0,"key":"SMITH"},{"data":"KillingBlow","floor":15.0,"key":"SMITH"},{"floor":29.0,"key":"REST"},{"data":"ScarletImprint","floor":32.0,"key":"SMITH"},{"floor":46,"key":"DIG"},{"data":"BloodAndWine","floor":49,"key":"SMITH"}],"circlet_count":0,"master_deck":["Strike_RM","Strike_RM+1","Strike_RM","Strike_RM+1","Defend_RM","Defend_RM","Defend_RM","RedMoon+1","ScarletShoot+1","BloodHunter","DiffusionOfMisfortune","DevilSight+1","NightDance","UnderTheZenith+1","KillingBlow+1","BloodHunter","BloodySeventeenLaser","StarOfDavid","Necronomicurse","AfternoonTea","BloodAndWine+1","ScarletImprint+1","ForecastOfChange","VampireClaw","Stigmanizer+1","MillenniumVampire","BloodHunter+1"],"relics":["ScarletHat","NeowsBlessing","PreservedInsect","Calipers","Bag of Marbles","Whetstone","Centennial Puzzle","Philosopher\u0027s Stone","ScarletDevilRocket","Necronomicon","War Paint","Smiling Mask","Blue Candle","FairyMaid","ClockworkSouvenir","APieceOfRedMist","Nunchaku","Shovel","Juzu Bracelet","Mercury Hourglass","Gambling Chip","Pen Nib","Boot","Dream Catcher","HandDrill"],"acts_visited":["Exordium","TheCity","TheBeyond"],"potions_floor_usage":[50],"damage_taken":[{"damage":0.0,"enemies":"Jaw Worm","floor":1.0,"turns":1.0},{"damage":0.0,"enemies":"Small Slimes","floor":3.0,"turns":1.0},{"damage":0.0,"enemies":"Cultist","floor":5.0,"turns":1.0},{"damage":20.0,"enemies":"3 Sentries","floor":6.0,"turns":8.0},{"damage":0.0,"enemies":"3 Louse","floor":12.0,"turns":3.0},{"damage":10.0,"enemies":"Gremlin Nob","floor":13.0,"turns":3.0},{"damage":0.0,"enemies":"Looter","floor":14.0,"turns":5.0},{"damage":40.0,"enemies":"The Guardian","floor":16.0,"turns":11.0},{"damage":3.0,"enemies":"2 Thieves","floor":18.0,"turns":2.0},{"damage":0.0,"enemies":"Shell Parasite","floor":21.0,"turns":3.0},{"damage":4.0,"enemies":"Centurion and Healer","floor":22.0,"turns":3.0},{"damage":29.0,"enemies":"Gremlin Leader","floor":23.0,"turns":3.0},{"damage":1.0,"enemies":"Shelled Parasite and Fungi","floor":24.0,"turns":4.0},{"damage":11.0,"enemies":"Book of Stabbing","floor":25.0,"turns":3.0},{"damage":0.0,"enemies":"3 Cultists","floor":27.0,"turns":4.0},{"damage":14.0,"enemies":"Centurion and Healer","floor":30.0,"turns":6.0},{"damage":63.0,"enemies":"Champ","floor":33.0,"turns":12.0},{"damage":0.0,"enemies":"3 Shapes","floor":35.0,"turns":1.0},{"damage":17.0,"enemies":"3 Darklings","floor":38.0,"turns":2.0},{"damage":31.0,"enemies":"Mind Bloom Boss Battle","floor":39.0,"turns":6.0},{"damage":0.0,"enemies":"Nemesis","floor":40.0,"turns":1.0},{"damage":11,"enemies":"Reptomancer","floor":42,"turns":3},{"damage":0,"enemies":"Giant Head","floor":45,"turns":7},{"damage":0,"enemies":"Spire Growth","floor":47,"turns":3},{"damage":56,"enemies":"Donu and Deca","floor":50,"turns":5}],"seed_played":"3987418793835752","potions_obtained":[{"floor":3.0,"key":"Regen Potion"},{"floor":5.0,"key":"Weak Potion"},{"floor":12.0,"key":"LiquidMemories"},{"floor":14.0,"key":"EssenceOfSteel"},{"floor":16.0,"key":"Swift Potion"},{"floor":16.0,"key":"Regen Potion"},{"floor":21.0,"key":"ColorlessPotion"},{"floor":22.0,"key":"EssenceOfSteel"},{"floor":24.0,"key":"DistilledChaos"},{"floor":25.0,"key":"DistilledChaos"},{"floor":30.0,"key":"Ancient Potion"},{"floor":30.0,"key":"Swift Potion"},{"floor":35.0,"key":"EssenceOfSteel"},{"floor":35.0,"key":"Fire Potion"},{"floor":39.0,"key":"FearPotion"},{"floor":40.0,"key":"Fire Potion"},{"floor":45,"key":"Explosive Potion"}],"is_trial":false,"path_per_floor":["M","?","M","?","M","E","T","R","T","R","$","M","E","M","R","B",null,"M","?","?","M","M","E","M","E","T","M","$","R","M","$","R","B",null,"M","?","T","M","?","E","?","E","T","$","E","R","M","$","R","B",null],"character_chosen":"REMILIA","items_purchased":["NightDance","FairyMaid","ClockworkSouvenir","Pen Nib","HandDrill"],"campfire_rested":1,"item_purchase_floors":[11,28,31,44,48],"current_hp_per_floor":[75,75,75,75,75,56,56,56,56,56,56,59,51,54,54,41,75,72,72,56,56,56,28,39,33,33,37,37,59,50,50,50,10,75,75,71,71,54,32,48,48,39,39,39,60,60,63,63,63,39],"gold":78,"neow_bonus":"THREE_ENEMY_KILL","is_daily":false,"chose_seed":false,"campfire_upgraded":5,"win_rate":0.0,"timestamp":1610517308,"path_taken":["M","?","M","?","?","E","?","R","T","R","$","M","E","M","R","BOSS","M","?","?","?","M","E","M","E","T","M","$","R","M","$","R","BOSS","M","?","?","M","?","E","?","E","T","?","E","R","M","$","R","BOSS"],"items_purchased_type":["Card","Relic","Relic","Relic","Relic"],"build_version":"2020-12-22","purchased_purges":3,"victory":true,"max_hp_per_floor":[75,75,75,75,75,75,75,75,75,75,75,75,75,75,75,75,75,75,75,75,75,75,75,75,75,75,75,75,75,75,75,75,75,75,75,71,71,71,71,75,75,75,75,75,75,75,75,75,75,75],"relic_stats":{"counters":[25,101],"Blue Candle":[1],"PreservedInsect":373,"Pen Nib":[4],"Juzu Bracelet":0,"Whetstone":["Strike_RM","Strike_RM"],"War Paint":["DevilSight","UnderTheZenith"],"Smiling Mask":125,"Boot":[84],"Mercury Hourglass":[51],"Centennial Puzzle":[36],"Nunchaku":[9],"Dream Catcher":0,"Shovel":1,"Gambling Chip":[6],"Necronomicon":[22],"HandDrill":[4],"obtain_stats":[{"Calipers":6,"ScarletDevilRocket":19,"FairyMaid":28,"Juzu Bracelet":40,"Whetstone":9,"Smiling Mask":25,"Boot":45,"ScarletHat":0,"ClockworkSouvenir":31,"Centennial Puzzle":13,"Nunchaku":37,"Dream Catcher":46,"Shovel":39,"Gambling Chip":43,"Philosopher\u0027s Stone":17,"Necronomicon":20,"HandDrill":48,"NeowsBlessing":0,"Blue Candle":26,"PreservedInsect":4,"Pen Nib":44,"War Paint":23,"Mercury Hourglass":42,"APieceOfRedMist":34,"Bag of Marbles":7},{"Calipers":4,"ScarletDevilRocket":9,"FairyMaid":15,"Juzu Bracelet":21,"Whetstone":4,"Smiling Mask":14,"Boot":23,"ScarletHat":0,"ClockworkSouvenir":16,"Centennial Puzzle":6,"Nunchaku":18,"Dream Catcher":23,"Shovel":20,"Gambling Chip":22,"Philosopher\u0027s Stone":8,"Necronomicon":9,"HandDrill":24,"NeowsBlessing":0,"Blue Candle":14,"PreservedInsect":2,"Pen Nib":22,"War Paint":12,"Mercury Hourglass":22,"APieceOfRedMist":17,"Bag of Marbles":4},{"Calipers":11,"ScarletDevilRocket":35,"FairyMaid":55,"Juzu Bracelet":83,"Whetstone":11,"Smiling Mask":51,"Boot":93,"ScarletHat":0,"ClockworkSouvenir":61,"Centennial Puzzle":17,"Nunchaku":74,"Dream Catcher":93,"Shovel":82,"Gambling Chip":86,"Philosopher\u0027s Stone":33,"Necronomicon":35,"HandDrill":96,"NeowsBlessing":0,"Blue Candle":51,"PreservedInsect":2,"Pen Nib":86,"War Paint":44,"Mercury Hourglass":86,"APieceOfRedMist":73,"Bag of Marbles":11}]},"card_choices":[{"not_picked":["ScarletDevil","BloodyMagicSquare"],"picked":"FavorOfDestiny","floor":1.0},{"not_picked":["VampireKiss","TwelveNightmare"],"picked":"BloodHunter","floor":3.0},{"not_picked":["EndlessAdversity","UnstableMagic"],"picked":"DiffusionOfMisfortune","floor":5.0},{"not_picked":["DiffusionOfMisfortune","CharismaGuard"],"picked":"DevilSight","floor":6.0},{"not_picked":["DevilSight","Stigmanizer"],"picked":"UnderTheZenith","floor":12.0},{"not_picked":["EternalNight","FavorOfDestiny"],"picked":"KillingBlow","floor":13.0},{"not_picked":["VampireKiss","NightDance"],"picked":"BloodHunter","floor":14.0},{"not_picked":["CurseOfVladTepes","CeilingFear"],"picked":"BloodySeventeenLaser","floor":16.0},{"not_picked":["VampireKiss","BloodyTrap"],"picked":"StarOfDavid","floor":18.0},{"not_picked":["RedRainbow+1","ChainGang"],"picked":"BombardNight","floor":21.0},{"not_picked":["Stigmanizer","Septette+1"],"picked":"AfternoonTea","floor":22.0},{"not_picked":["BlasphemousPunishment+1","UnstableMagic","ForbiddenFruit"],"picked":"SKIP","floor":23.0},{"not_picked":["VampireKiss","ForbiddenFruit+1"],"picked":"BloodAndWine","floor":24.0},{"not_picked":["CharismaGuard","KillingBlow"],"picked":"ScarletImprint","floor":25.0},{"not_picked":["ScarletImprint","EndlessAdversity+1","VampireKiss"],"picked":"SKIP","floor":27.0},{"not_picked":["FavorOfDestiny+1","ChainGang+1","ScarletImprint"],"picked":"SKIP","floor":30.0},{"not_picked":["CeilingFear","CurseOfVladTepes"],"picked":"ForecastOfChange","floor":33.0},{"not_picked":["BloodHunter+1","Stigmanizer"],"picked":"VampireClaw","floor":35.0},{"not_picked":["UnstableMagic","ScarletImprint+1"],"picked":"Stigmanizer+1","floor":38.0},{"not_picked":["VampireClaw+1","AfternoonTea","StarOfDavid"],"picked":"SKIP","floor":40.0},{"not_picked":["DiffusionOfMisfortune+1","NightDance+1"],"picked":"MillenniumVampire","floor":42},{"not_picked":["GlobalNightmare+1","KillingBlow"],"picked":"BloodHunter+1","floor":45},{"not_picked":["ChainGang","UnderTheZenith+1","UltimateOffering+1"],"picked":"SKIP","floor":47}],"player_experience":369373,"relics_obtained":[{"floor":6.0,"key":"Calipers"},{"floor":7.0,"key":"Bag of Marbles"},{"floor":9.0,"key":"Whetstone"},{"floor":13.0,"key":"Centennial Puzzle"},{"floor":20.0,"key":"Necronomicon"},{"floor":23.0,"key":"War Paint"},{"floor":25.0,"key":"Smiling Mask"},{"floor":26.0,"key":"Blue Candle"},{"floor":37.0,"key":"Nunchaku"},{"floor":39.0,"key":"Shovel"},{"floor":40.0,"key":"Juzu Bracelet"},{"floor":42,"key":"Mercury Hourglass"},{"floor":43,"key":"Gambling Chip"},{"floor":45,"key":"Boot"},{"floor":46,"key":"Dream Catcher"}],"event_choices":[{"cards_removed":["Defend_RM"],"damage_healed":0.0,"max_hp_gain":0.0,"max_hp_loss":0.0,"gold_gain":0.0,"event_name":"The Cleric","player_choice":"Card Removal","floor":2.0,"gold_loss":50.0,"damage_taken":0.0},{"damage_healed":0.0,"max_hp_gain":0.0,"max_hp_loss":0.0,"gold_gain":0.0,"event_name":"Big Fish","player_choice":"Box","floor":4.0,"gold_loss":0.0,"damage_taken":0.0,"relics_obtained":["PreservedInsect"],"cards_obtained":["Regret"]},{"damage_healed":0.0,"max_hp_gain":0.0,"max_hp_loss":0.0,"gold_gain":0.0,"event_name":"The Mausoleum","player_choice":"Opened","floor":19.0,"gold_loss":0.0,"damage_taken":0.0,"relics_obtained":["ScarletDevilRocket"],"cards_obtained":["Writhe"]},{"damage_healed":0.0,"max_hp_gain":0.0,"max_hp_loss":0.0,"gold_gain":0.0,"event_name":"Cursed Tome","player_choice":"Obtained Book","floor":20.0,"gold_loss":0.0,"damage_taken":16.0},{"damage_healed":0.0,"max_hp_gain":0.0,"max_hp_loss":4.0,"gold_gain":0.0,"event_name":"Winding Halls","player_choice":"Max HP","floor":36.0,"gold_loss":0.0,"damage_taken":0.0},{"damage_healed":0.0,"max_hp_gain":0.0,"max_hp_loss":0.0,"gold_gain":0.0,"event_name":"MindBloom","player_choice":"Fight","floor":39.0,"gold_loss":0.0,"damage_taken":0.0},{"cards_removed":["BombardNight"],"damage_healed":0.0,"max_hp_gain":0.0,"max_hp_loss":0.0,"gold_gain":0.0,"event_name":"Falling","player_choice":"Removed Attack","floor":41.0,"gold_loss":0.0,"damage_taken":0.0}],"is_beta":false,"boss_relics":[{"not_picked":["Sozu","Ectoplasm"],"picked":"Philosopher\u0027s Stone"},{"not_picked":["Runic Pyramid","Snecko Eye"],"picked":"APieceOfRedMist"}],"items_purged_floors":[11,28,48],"is_endless":false,"potions_floor_spawned":[3,5,12,13,16,21,22,25,30,35,38,40,45],"ascension_level":3}}