{"host":"msa0wxqjs3jv1k3j","time":1610546070,"event":{"mods":["AchievementEnabler","BaseMod","BetterRewards","Colored Map","Highlight Path","KOR Keyword Fix","Keyboard Shortcuts","Minty Spire (QoL Compilation)","Quick Restart","SuperFastMode","everything is the same but u backflip on backflip"],"gold_per_floor":[109,129,304,304,321,347,161,161,161,181,181,200,200,215,215,313,313,329,342,342,342,342],"floor_reached":21,"language":"KOR","playtime":797,"items_purged":[],"score":181,"play_id":"afd2709a-c39c-4861-95ec-86d3b6591969","local_time":"20210113225430","is_ascension_mode":false,"campfire_choices":[{"floor":8.0,"key":"REST"},{"data":"Eruption","floor":15.0,"key":"SMITH"}],"circlet_count":0,"master_deck":["Strike_P","Strike_P","Strike_P","Strike_P","Defend_P","Defend_P","Defend_P","Eruption+1","Vigilance","LikeWater","Crescendo","ClearTheMind","FlyingSleeves","EmptyFist","SandsOfTime","Prostrate","Protect","Consecrate"],"relics":["PureWater","Bird Faced Urn","Torii","Ornamental Fan","Ginger","Oddly Smooth Stone","Eternal Feather","FaceOfCleric","Black Star"],"acts_visited":["Exordium","TheCity"],"potions_floor_usage":[],"damage_taken":[{"damage":0.0,"enemies":"2 Louse","floor":1.0,"turns":3.0},{"damage":0.0,"enemies":"Small Slimes","floor":2.0,"turns":3.0},{"damage":1.0,"enemies":"Cultist","floor":5.0,"turns":3.0},{"damage":46.0,"enemies":"Lagavulin","floor":6.0,"turns":6.0},{"damage":1.0,"enemies":"Looter","floor":10.0,"turns":3.0},{"damage":2.0,"enemies":"Gremlin Gang","floor":12.0,"turns":6.0},{"damage":31.0,"enemies":"Blue Slaver","floor":14.0,"turns":3.0},{"damage":1.0,"enemies":"Hexaghost","floor":16.0,"turns":10.0},{"damage":1.0,"enemies":"Chosen","floor":18.0,"turns":5.0},{"damage":52,"enemies":"2 Thieves","floor":19,"turns":4},{"damage":20,"enemies":"Masked Bandits","floor":21,"turns":3}],"seed_played":"8062315206315021888","potions_obtained":[{"floor":5.0,"key":"SkillPotion"},{"floor":6.0,"key":"Fire Potion"},{"floor":10.0,"key":"PowerPotion"},{"floor":14.0,"key":"GamblersBrew"}],"is_trial":false,"path_per_floor":["M","M","?","?","M","E","$","R","T","M","?","M","?","M","R","B",null,"M","M","?","?"],"character_chosen":"WATCHER","items_purchased":["Torii","Ornamental Fan","LikeWater","Crescendo","Oddly Smooth Stone","SandsOfTime"],"campfire_rested":1,"item_purchase_floors":[0,0,0,0,7,7],"current_hp_per_floor":[72,72,72,65,64,20,20,41,41,40,40,41,41,13,22,26,75,75,24,24,6,6],"gold":342,"neow_bonus":"","is_daily":false,"chose_seed":false,"campfire_upgraded":1,"win_rate":0.0,"timestamp":1610546070,"path_taken":["M","M","?","?","M","E","$","R","T","M","?","?","?","M","R","BOSS","M","?","?","?"],"items_purchased_type":["Relic","Relic","Card","Card","Relic","Card"],"build_version":"2020-12-22","purchased_purges":0,"victory":false,"max_hp_per_floor":[72,72,72,72,72,72,72,72,72,72,72,73,73,74,74,75,75,76,77,77,77,77],"card_choices":[{"not_picked":["CrushJoints","Tantrum"],"picked":"ClearTheMind","floor":1.0},{"not_picked":["ClearTheMind","Perseverance"],"picked":"FlyingSleeves","floor":2.0},{"not_picked":["Evaluate","Perseverance"],"picked":"EmptyFist","floor":5.0},{"not_picked":["LikeWater","Wireheading","Consecrate"],"picked":"SKIP","floor":6.0},{"not_picked":["SashWhip","Consecrate"],"picked":"Prostrate","floor":10.0},{"not_picked":["EmptyBody","WreathOfFlame","ClearTheMind"],"picked":"SKIP","floor":12.0},{"not_picked":["CarveReality","ClearTheMind"],"picked":"Protect","floor":14.0},{"not_picked":["Study","ThirdEye"],"picked":"Consecrate","floor":18.0},{"not_picked":["CarveReality","Evaluate","CrushJoints"],"picked":"SKIP","floor":19}],"player_experience":107282,"relics_obtained":[{"floor":6.0,"key":"Ginger"},{"floor":9.0,"key":"Eternal Feather"}],"event_choices":[{"damage_healed":0.0,"max_hp_gain":0.0,"max_hp_loss":0.0,"gold_gain":175.0,"event_name":"Liars Game","player_choice":"AGREE","floor":3.0,"gold_loss":0.0,"damage_taken":0.0,"cards_obtained":["Doubt"]},{"cards_removed":["Doubt"],"damage_healed":0.0,"max_hp_gain":0.0,"max_hp_loss":0.0,"gold_gain":0.0,"event_name":"Golden Wing","player_choice":"Card Removal","floor":4.0,"gold_loss":0.0,"damage_taken":7.0},{"damage_healed":0.0,"max_hp_gain":0.0,"max_hp_loss":0.0,"gold_gain":0.0,"event_name":"FaceTrader","player_choice":"Trade","floor":11.0,"gold_loss":0.0,"damage_taken":0.0,"relics_obtained":["FaceOfCleric"]},{"cards_removed":["Defend_P"],"damage_healed":0.0,"max_hp_gain":0.0,"max_hp_loss":0.0,"gold_gain":0.0,"event_name":"Purifier","player_choice":"Purged","floor":13.0,"gold_loss":0.0,"damage_taken":0.0},{"damage_healed":0,"gold_gain":0,"player_choice":"Ignored","damage_taken":0,"max_hp_gain":0,"max_hp_loss":0,"event_name":"Ghosts","floor":20,"gold_loss":0},{"damage_healed":0,"gold_gain":0,"player_choice":"Fought Bandits","damage_taken":0,"max_hp_gain":0,"max_hp_loss":0,"event_name":"Masked Bandits","floor":21,"gold_loss":0}],"is_beta":false,"boss_relics":[{"not_picked":["Busted Crown","Tiny House"],"picked":"Black Star"}],"items_purged_floors":[],"is_endless":false,"potions_floor_spawned":[5,6,10,14],"killed_by":"Masked Bandits","ascension_level":0}}