{"host":"l4jj3li0klahglqo","time":1610539850,"event":{"mods":["BaseMod","Conspire","Hubris","Infinite Spire","Marisa????????","Minty Spire (QoL Compilation)","Quick Restart","Replay The Spire","Shop Mod","StSLib","The Animator"],"gold_per_floor":[109,120,120,120,140,169,169,169,221,233,265,15,26,37,37,140,140,153,153,68,81,81,112,122,122,122,122,47,47,97,124,124,222,222,241,241,417,417,417,430,459,459,459,488,507,507,526,546,546,546,546,546,778,828,883,959,991,149,149],"floor_reached":58,"language":"ENG","playtime":4050,"items_purged":["Defend_G","Normality","Defend_G","Strike_G"],"score":1490,"play_id":"992c9311-92ea-4d17-b4b6-63483d26039b","local_time":"20210113061050","is_ascension_mode":true,"campfire_choices":[{"floor":7,"key":"REST"},{"floor":15,"key":"REST"},{"floor":29,"key":"RECALL"},{"floor":32,"key":"REST"}],"circlet_count":0,"master_deck":["Strike_G","Strike_G","Strike_G+1","Defend_G+1","Defend_G","Survivor","Neutralize","Backstab","Beam Cell+1","Neutralize","Infinite Blades","Deadly Poison","Beam Cell+1","Neutralize+1","Heel Hook+1","Poisoned Stab+1","conspire:PoisonWeapons","Corpse Explosion+1","Expertise","Venomology","Poisoned Stab+1","animator:HigakiRinne+1","Echo Form+1","Flex","Ghostly","Ghostly","animator:HigakiRinne+1","Bouncing Flask+1","Envenom+1","animator:HigakiRinne","conspire:Banana","The Bomb","Pot Of Greed","Pot Of Greed","Pot Of Greed","Strike_G","Strike_G","Strike_G+1","Strike_G","Defend_G","Defend_G+1","Survivor","Neutralize","Backstab+1","Beam Cell","Neutralize+1","Infinite Blades","Deadly Poison","Beam Cell","Neutralize","Heel Hook","Poisoned Stab","conspire:PoisonWeapons","Corpse Explosion","Expertise","Venomology","Poisoned Stab","animator:HigakiRinne","Echo Form","Flex+1","Ghostly","Ghostly+1","animator:HigakiRinne","Bouncing Flask+1","Envenom","animator:HigakiRinne+1","conspire:Banana","The Bomb","Pot Of Greed","Pot Of Greed","Pot Of Greed","Pot Of Greed","Pot Of Greed","Pot Of Greed","Infinite Blades","Bane","Catalyst","Concentrate","Backstab+1"],"relics":["animator:TheEruzaStone","Ring of the Snake","animator:AncientMedallion"],"acts_visited":["Exordium","TheCity","TheBeyond","TheEnding","EYB:TheUnnamedReign"],"potions_floor_usage":[6,6,6,11,11,16,16,16,16,23,23,23,23,23,23,31,33,33,33,35,37,37,41,41,41,44,44,44,44,44,44,45,45,48,48,50,50,50,50,50,50,50,50,55,55,55,55,58,58,58,58,58],"damage_taken":[{"damage":0,"enemies":"Jaw Worm","floor":1,"turns":1},{"damage":0,"enemies":"2 Louse","floor":2,"turns":1},{"damage":0,"enemies":"Cultist","floor":5,"turns":1},{"damage":0,"enemies":"Lagavulin","floor":6,"turns":4},{"damage":2,"enemies":"Exordium Thugs","floor":10,"turns":4},{"damage":0,"enemies":"3 Sentries","floor":11,"turns":7},{"damage":0,"enemies":"Gremlin Gang","floor":13,"turns":4},{"damage":0,"enemies":"2 Fungi Beasts","floor":14,"turns":2},{"damage":0,"enemies":"Slime Boss","floor":16,"turns":5},{"damage":0,"enemies":"conspire:FuzzyDice","floor":18,"turns":2},{"damage":9,"enemies":"3 Byrds","floor":21,"turns":3},{"damage":0,"enemies":"Nightmare","floor":23,"turns":4},{"damage":0,"enemies":"Snake Plant","floor":24,"turns":2},{"damage":10,"enemies":"conspire:Head Lice","floor":31,"turns":1},{"damage":20,"enemies":"Champ","floor":33,"turns":2},{"damage":0,"enemies":"3 Shapes","floor":35,"turns":2},{"damage":7,"enemies":"hubris:Merchant","floor":37,"turns":5},{"damage":0,"enemies":"Orb Walker","floor":40,"turns":2},{"damage":0,"enemies":"Giant Head","floor":41,"turns":6},{"damage":0,"enemies":"Nightmare","floor":44,"turns":3},{"damage":0,"enemies":"Transient","floor":45,"turns":5},{"damage":4,"enemies":"Sphere and 2 Shapes","floor":47,"turns":5},{"damage":3,"enemies":"Jaw Worm Horde","floor":48,"turns":5},{"damage":6,"enemies":"Awakened One","floor":50,"turns":5},{"damage":0,"enemies":"animator:UNNAMED_HAT","floor":54,"turns":4},{"damage":40,"enemies":"animator:TRIPLE_SHAPES_WEAK","floor":55,"turns":7},{"damage":50,"enemies":"hubris:Merchant","floor":58,"turns":7}],"seed_played":"8852829884130583061","potions_obtained":[{"floor":4,"key":"Milkshake"},{"floor":4,"key":"Strength Potion"},{"floor":4,"key":"Cursed Concoction"},{"floor":10,"key":"Block Potion"},{"floor":13,"key":"Poison Potion"},{"floor":16,"key":"PowerPotion"},{"floor":18,"key":"ColorlessPotion"},{"floor":19,"key":"Regen Potion"},{"floor":23,"key":"Cursed Concoction"},{"floor":25,"key":"FairyPotion"},{"floor":25,"key":"Death Potion"},{"floor":35,"key":"Energy Potion"},{"floor":37,"key":"BlessingOfTheForge"},{"floor":37,"key":"PowerPotion"},{"floor":42,"key":"Toxic Potion"},{"floor":44,"key":"Strength Potion"},{"floor":49,"key":"CultistPotion"},{"floor":52,"key":"FairyPotion"},{"floor":52,"key":"DuplicationPotion"},{"floor":55,"key":"animator:FalseLifePotion"},{"floor":57,"key":"animator:FalseLifePotion"}],"is_trial":false,"path_per_floor":["M","M","?","?","M","E","R","$","T","M","E","$","M","M","R","B",null,"M","?","?","M","?","NM","M","R","T","?","$","R","AVR","E","R","B",null,"M","?","$","?","?","M","E","R","T","NM","M","$","M","M","R","B",null,"R","??","M","M","T","?","$"],"character_chosen":"THE_SILENT","items_purchased":["Snake Skull","hubris:EmptyBottle","hubris:EvacipatedBox","hubris:KleinBottle","Gremlin Food","SkillPotion","SpeedPotion","ReplayTheSpireMod:From All Sides","Languid Potion","animator:AncientMedallion","animator:AncientMedallion","animator:AncientMedallion"],"campfire_rested":3,"item_purchase_floors":[8,8,8,8,12,12,12,28,37,58,58,58],"current_hp_per_floor":[63,63,46,46,46,46,67,4,4,2,2,2,2,2,23,23,58,58,58,58,49,49,68,68,68,68,66,66,66,69,59,69,49,64,64,64,57,57,57,69,69,69,69,69,71,71,72,71,71,69,74,74,62,65,27,27,27,0,0],"gold":149,"neow_bonus":"THREE_ENEMY_KILL","is_daily":false,"chose_seed":false,"campfire_upgraded":0,"win_rate":0.0,"timestamp":1610539850,"path_taken":["M","M","?","?","?","E","R","?","T","M","E","$","M","M","R","BOSS","M","?","?","M","?","NM","M","R","T","?","$","R","AVR","E","R","BOSS","M","?","$","?","?","M","E","R","T","NM","M","?","M","M","R","BOSS","R","??","M","M","T","?","$"],"items_purchased_type":["Relic","Relic","Relic","Relic","Relic","Potion","Potion","Card","Potion","Relic","Relic","Relic"],"build_version":"2020-12-22","purchased_purges":4,"victory":false,"max_hp_per_floor":[70,70,70,70,70,70,70,70,70,70,70,70,70,70,70,70,70,70,70,70,70,70,68,68,68,68,66,66,66,69,69,69,69,69,69,69,69,69,69,69,69,69,69,69,71,71,72,74,74,75,75,75,62,65,67,67,67,68,68],"card_choices":[{"not_picked":["Blade Dance","Finisher","Eviscerate"],"picked":"SKIP","floor":1},{"not_picked":["Sucker Punch","Backflip"],"picked":"Backstab","floor":2},{"not_picked":["hubris:InfiniteBlow","infinitespire:Collect"],"picked":"infinitespire:Gouge","floor":3},{"not_picked":["ReplayTheSpireMod:The Works","Deflect"],"picked":"Infinite Blades","floor":5},{"not_picked":["Quick Slash","PiercingWail"],"picked":"Deadly Poison","floor":6},{"not_picked":["infinitespire:FutureSight","infinitespire:Fortify"],"picked":"infinitespire:Gouge","floor":8},{"not_picked":["ReplayTheSpireMod:Shiv Toss","hubris:TrickCloak","Hidden Blade"],"picked":"SKIP","floor":10},{"not_picked":["Backflip","hubris:SlightOfHand"],"picked":"Heel Hook","floor":11},{"not_picked":["PiercingWail","Cloak And Dagger"],"picked":"Poisoned Stab","floor":13},{"not_picked":["Dagger Spray","Outmaneuver"],"picked":"conspire:PoisonWeapons","floor":14},{"not_picked":["Wraith Form v2","Die Die Die"],"picked":"Corpse Explosion","floor":16},{"not_picked":["Concentrate","Dagger Throw+1","Deflect"],"picked":"SKIP","floor":18},{"not_picked":["Flechettes","Deflect"],"picked":"Expertise+1","floor":21},{"not_picked":["hubris:TrickCloak","Leg Sweep"],"picked":"Venomology","floor":23},{"not_picked":["Dodge and Roll+1","Dagger Throw"],"picked":"Poisoned Stab","floor":24},{"not_picked":["Dagger Throw","A Thousand Cuts"],"picked":"Bouncing Flask+1","floor":31},{"not_picked":["Replay:Bag of Tricks","Adrenaline"],"picked":"Envenom","floor":33},{"not_picked":["Setup+1","Concentrate+1","Hidden Blade"],"picked":"SKIP","floor":35},{"not_picked":[],"picked":"ReplayTheSpireMod:Exploit Weakness","floor":37},{"not_picked":[],"picked":"conspire:Banana","floor":37},{"not_picked":[],"picked":"The Bomb","floor":37},{"not_picked":["Underhanded Strike"],"picked":"SKIP","floor":37},{"not_picked":["Slice"],"picked":"SKIP","floor":37},{"not_picked":["hubris:TrickCloak"],"picked":"SKIP","floor":37},{"not_picked":["Fluid Movement"],"picked":"SKIP","floor":37},{"not_picked":["Replay:Poison Smokescreen+1","Dagger Spray"],"picked":"Infinite Blades","floor":40},{"not_picked":["hubris:TrickCloak+1","Tactician+1","Deflect"],"picked":"SKIP","floor":41},{"not_picked":["Choke+1","infinitespire:Neurotoxin"],"picked":"Bane","floor":44},{"not_picked":["ReplayTheSpireMod:Scrap Shanks+1","conspire:DoublingDagger"],"picked":"Catalyst+1","floor":45},{"not_picked":["Leg Sweep","Flying Knee+1","hubris:SlightOfHand"],"picked":"SKIP","floor":47},{"not_picked":["Blade Dance+1","Outmaneuver","Expertise"],"picked":"SKIP","floor":48},{"not_picked":["Dash","hubris:SlightOfHand"],"picked":"Concentrate","floor":54},{"not_picked":["hubris:Counter","Blade Dance"],"picked":"Backstab","floor":55}],"player_experience":1209218,"relics_obtained":[{"floor":6,"key":"War Paint"},{"floor":9,"key":"infinitespire:Beetle Shell"},{"floor":11,"key":"hubris:DeckOfHolding"},{"floor":19,"key":"ReplayTheSpireMod:Ring of Exchange"},{"floor":19,"key":"ReplayTheSpireMod:Ring of Addiction"},{"floor":19,"key":"Chameleon Ring"},{"floor":19,"key":"SacredBark"},{"floor":23,"key":"conspire:BottledYoYo"},{"floor":26,"key":"Bag of Preparation"},{"floor":31,"key":"Smiling Mask"},{"floor":37,"key":"Calling Bell"},{"floor":37,"key":"Juzu Bracelet"},{"floor":37,"key":"infinitespire:Eraser"},{"floor":38,"key":"Vampiric Spirits"},{"floor":38,"key":"Pantograph"},{"floor":38,"key":"Grinning Jar"},{"floor":41,"key":"PreservedInsect"},{"floor":44,"key":"Oddly Smooth Stone"},{"floor":53,"key":"animator:TheEruzaStone"},{"floor":56,"key":"animator:AncientMedallion"},{"floor":57,"key":"animator:AncientMedallion"}],"event_choices":[{"damage_healed":0,"gold_gain":0,"player_choice":"Got Potions","damage_taken":0,"max_hp_gain":0,"max_hp_loss":0,"event_name":"Lab","floor":4,"gold_loss":0},{"damage_healed":0,"gold_gain":0,"player_choice":"Obtained Relic","damage_taken":0,"relics_obtained":["hubris:AncientText"],"max_hp_gain":0,"max_hp_loss":0,"event_name":"Addict","floor":20,"gold_loss":85},{"damage_healed":0,"gold_gain":0,"player_choice":"Leave","damage_taken":0,"max_hp_gain":0,"max_hp_loss":0,"event_name":"conspire:Investor","floor":22,"gold_loss":0},{"cards_removed":["Strike_G"],"damage_healed":0,"gold_gain":0,"player_choice":"Removed Attack","damage_taken":0,"max_hp_gain":0,"max_hp_loss":0,"event_name":"Falling","floor":36,"gold_loss":0},{"cards_removed":["Defend_G"],"damage_healed":0,"gold_gain":0,"player_choice":"Card Removal","damage_taken":0,"max_hp_gain":0,"max_hp_loss":0,"event_name":"Wheel of Change","floor":38,"gold_loss":0}],"is_beta":false,"boss_relics":[{"not_picked":["hubris:RunicObelisk","Ectoplasm","Philosopher\u0027s Stone"],"picked":"Ring of the Serpent"},{"not_picked":["ClockworkSouvenir","Replay:Bronze Core","Replay:Ancient Bell"],"picked":"conspire:SpecialSausage"}],"items_purged_floors":[8,30,37,58],"is_endless":false,"potions_floor_spawned":[5,10,13,16,18,21,23,35,44,48,55],"killed_by":"hubris:Merchant","ascension_level":6}}