{"host":"xm0tf1maiknh0fp9","time":1610517543,"event":{"mods":["BaseMod","Colored Map","Colored Powertips","Googly Eyes","Minty Spire (QoL Compilation)","Replay The Spire","StSLib"],"gold_per_floor":[118,118,43,59,134,134,165,184,184,205,217,422,422,433,433,529,529,544,444,444,462,337,337,337],"floor_reached":23,"language":"ENG","playtime":750,"items_purged":["Strike_P","Strike_P","Strike_P"],"score":214,"play_id":"db00c468-2a4e-467a-a452-04e358b925d1","local_time":"20210113005903","is_ascension_mode":false,"campfire_choices":[{"data":"ConjureBlade","floor":6.0,"key":"SMITH"},{"floor":13.0,"key":"REST"},{"floor":15.0,"key":"REST"}],"circlet_count":0,"master_deck":["Strike_P","Defend_P","Defend_P","Defend_P","Defend_P","Eruption","Vigilance","Meditate","ConjureBlade+1","Deep Breath","Establishment","Ragnarok"],"relics":["HolyWater","NeowsBlessing","Letter Opener","Onion Ring","Odd Mushroom"],"acts_visited":["Exordium","TheCity"],"potions_floor_usage":[23],"damage_taken":[{"damage":0.0,"enemies":"Cultist","floor":1.0,"turns":1.0},{"damage":0.0,"enemies":"Jaw Worm","floor":4.0,"turns":1.0},{"damage":0.0,"enemies":"Gremlin Nob","floor":7.0,"turns":1.0},{"damage":1.0,"enemies":"2 Louse","floor":8.0,"turns":3.0},{"damage":12.0,"enemies":"The Mushroom Lair","floor":10.0,"turns":3.0},{"damage":8.0,"enemies":"2 Fungi Beasts","floor":11.0,"turns":3.0},{"damage":10.0,"enemies":"3 Louse","floor":14.0,"turns":3.0},{"damage":58.0,"enemies":"Fading Forest","floor":16.0,"turns":11.0},{"damage":10.0,"enemies":"Shell Parasite","floor":18.0,"turns":3.0},{"damage":33.0,"enemies":"3 Byrds","floor":21.0,"turns":4.0},{"damage":16,"enemies":"Replay:Snechameleon","floor":23,"turns":6}],"seed_played":"-1081630075002940155","potions_obtained":[{"floor":10.0,"key":"AttackPotion"},{"floor":11.0,"key":"Block Potion"},{"floor":16.0,"key":"Strength Potion"},{"floor":18.0,"key":"SpeedPotion"}],"is_trial":false,"path_per_floor":["M","?","$","M","?","R","E","M","T","?","M","?","R","M","R","B",null,"M","$","?","M","$","E"],"character_chosen":"WATCHER","items_purchased":[],"campfire_rested":2,"item_purchase_floors":[],"current_hp_per_floor":[72,72,72,72,61,61,61,60,60,48,40,22,43,33,54,6,72,62,62,49,16,16,0,0],"gold":337,"neow_bonus":"THREE_ENEMY_KILL","is_daily":false,"chose_seed":false,"campfire_upgraded":1,"win_rate":0.0,"timestamp":1610517543,"path_taken":["M","?","?","M","?","R","E","M","T","?","M","?","R","M","R","BOSS","M","$","?","M","$","E"],"items_purchased_type":[],"build_version":"2020-12-22","purchased_purges":3,"victory":false,"max_hp_per_floor":[72,72,72,72,72,72,72,72,72,72,72,72,72,72,72,72,72,72,72,77,77,77,77,77],"card_choices":[{"not_picked":["PathToVictory","ClearTheMind"],"picked":"Meditate","floor":1.0},{"not_picked":["Crescendo","Indignation","SashWhip"],"picked":"SKIP","floor":4.0},{"not_picked":["BowlingBash","Pray"],"picked":"Establishment","floor":7.0},{"not_picked":["BattleHymn","ThirdEye","Tantrum"],"picked":"SKIP","floor":8.0},{"not_picked":["CrushJoints","Replay:BluntJabs","Replay:AtTheReady"],"picked":"SKIP","floor":11.0},{"not_picked":["Consecrate","CutThroughFate","Replay:ManipulateFuture"],"picked":"SKIP","floor":14.0},{"not_picked":["Brilliance","DevaForm"],"picked":"Ragnarok","floor":16.0},{"not_picked":["Replay:BluntJabs","Indignation+1","Pray+1"],"picked":"SKIP","floor":18.0},{"not_picked":["ClearTheMind","Consecrate+1","Replay:Hum"],"picked":"SKIP","floor":21.0}],"player_experience":112619,"relics_obtained":[{"floor":7.0,"key":"Letter Opener"},{"floor":9.0,"key":"Onion Ring"},{"floor":10.0,"key":"Odd Mushroom"}],"event_choices":[{"damage_healed":0.0,"max_hp_gain":0.0,"max_hp_loss":0.0,"gold_gain":0.0,"event_name":"Match and Keep!","player_choice":"2 cards matched","floor":2.0,"gold_loss":0.0,"damage_taken":0.0,"cards_obtained":["ConjureBlade","Deep Breath"]},{"damage_healed":0.0,"max_hp_gain":0.0,"max_hp_loss":0.0,"gold_gain":75.0,"event_name":"World of Goop","player_choice":"Gather Gold","floor":5.0,"gold_loss":0.0,"damage_taken":11.0},{"damage_healed":0.0,"max_hp_gain":0.0,"max_hp_loss":0.0,"gold_gain":0.0,"event_name":"Mushrooms","player_choice":"Fought Mushrooms","floor":10.0,"gold_loss":0.0,"damage_taken":0.0},{"damage_healed":0.0,"max_hp_gain":5.0,"max_hp_loss":0.0,"gold_gain":0.0,"event_name":"Forgotten Altar","player_choice":"Shed Blood","floor":20.0,"gold_loss":0.0,"damage_taken":18.0}],"is_beta":false,"boss_relics":[{"not_picked":["Tiny House","Philosopher\u0027s Stone"],"picked":"HolyWater"}],"items_purged_floors":[3,19,22],"is_endless":false,"potions_floor_spawned":[10,11,16,18],"killed_by":"Replay:Snechameleon","ascension_level":0}}