{"host":"t7mx8yfj1no5p62f","time":1610512509,"event":{"mods":["BaseMod","Bestiary","Colored Map","Colored Powertips","Minty Spire (QoL Compilation)","Relic Stats","StSLib"],"gold_per_floor":[112,112,21,31,50,77,77,105,105,105,121,133,133,145,145,220,220,180,180,130,130,130,130,130,130,130,130,130,130,130,130,130,130,130],"floor_reached":33,"language":"ENG","playtime":1083,"items_purged":[],"score":638,"play_id":"be2513a4-a780-45ac-b0a0-74c2d0960308","local_time":"20210112233509","is_ascension_mode":true,"campfire_choices":[{"data":"Perfected Strike","floor":7.0,"key":"SMITH"},{"data":"Bash","floor":10.0,"key":"SMITH"},{"data":"Armaments","floor":13.0,"key":"SMITH"},{"data":"Perfected Strike","floor":15,"key":"SMITH"},{"data":"RitualDagger","floor":23,"key":"SMITH"},{"data":"Pommel Strike","floor":25,"key":"SMITH"},{"data":"Spot Weakness","floor":32,"key":"SMITH"}],"circlet_count":0,"master_deck":["AscendersBane","Strike_R","Strike_R","Strike_R","Strike_R","Strike_R","Defend_R","Defend_R","Defend_R+1","Defend_R","Bash+1","Pommel Strike+1","Impervious+1","Perfected Strike+1","Armaments+1","Offering","Perfected Strike+1","Reaper+1","Shockwave+1","RitualDagger+1","Ghostly Armor","Feel No Pain","Exhume","Spot Weakness+1"],"relics":["Burning Blood","Akabeko","Ancient Tea Set","Meat on the Bone","Singing Bowl","Paper Frog","Ectoplasm","Vajra","War Paint","InkBottle","Dream Catcher"],"acts_visited":["Exordium","TheCity"],"potions_floor_usage":[18],"damage_taken":[{"damage":1.0,"enemies":"Cultist","floor":1.0,"turns":4.0},{"damage":0.0,"enemies":"2 Louse","floor":4.0,"turns":2.0},{"damage":4.0,"enemies":"Jaw Worm","floor":5.0,"turns":3.0},{"damage":42.0,"enemies":"Lagavulin","floor":6.0,"turns":7.0},{"damage":8.0,"enemies":"Gremlin Nob","floor":8.0,"turns":4.0},{"damage":16.0,"enemies":"Gremlin Gang","floor":11.0,"turns":4.0},{"damage":6.0,"enemies":"Looter","floor":12.0,"turns":2.0},{"damage":0,"enemies":"Red Slaver","floor":14,"turns":1},{"damage":14,"enemies":"Hexaghost","floor":16,"turns":6},{"damage":6,"enemies":"2 Thieves","floor":18,"turns":2},{"damage":23,"enemies":"Chosen","floor":21,"turns":4},{"damage":6,"enemies":"Snecko","floor":22,"turns":3},{"damage":21,"enemies":"Slavers","floor":24,"turns":4},{"damage":7,"enemies":"Shelled Parasite and Fungi","floor":27,"turns":3},{"damage":28,"enemies":"Gremlin Leader","floor":28,"turns":5},{"damage":11,"enemies":"Snake Plant","floor":29,"turns":2},{"damage":52,"enemies":"Book of Stabbing","floor":30,"turns":6},{"damage":14,"enemies":"3 Cultists","floor":31,"turns":5},{"damage":97,"enemies":"Champ","floor":33,"turns":11}],"seed_played":"-1934492792383956616","potions_obtained":[{"floor":4.0,"key":"DuplicationPotion"},{"floor":5.0,"key":"EntropicBrew"},{"floor":6.0,"key":"Explosive Potion"},{"floor":18,"key":"PowerPotion"},{"floor":29,"key":"Regen Potion"}],"is_trial":false,"path_per_floor":["M","?","?","M","M","E","R","E","T","R","M","M","R","M","R","B",null,"M","?","?","M","M","R","E","R","T","M","E","M","E","M","R","B"],"character_chosen":"IRONCLAD","items_purchased":[],"campfire_rested":0,"item_purchase_floors":[],"current_hp_per_floor":[73,73,73,75,75,39,39,49,49,49,53,55,55,61,61,53,73,79,73,73,62,68,68,71,71,71,81,73,70,50,74,74,0,0],"gold":130,"neow_bonus":"RANDOM_COMMON_RELIC","is_daily":false,"chose_seed":false,"campfire_upgraded":7,"win_rate":0.0,"timestamp":1610512509,"path_taken":["M","?","?","M","M","E","R","E","T","R","M","M","R","?","R","BOSS","M","?","?","M","M","R","E","R","T","M","E","?","E","M","R","BOSS"],"items_purchased_type":[],"build_version":"2020-12-22","purchased_purges":0,"victory":false,"max_hp_per_floor":[75,75,75,75,75,75,75,75,75,75,77,79,79,79,79,79,79,79,79,79,79,79,79,81,81,81,81,83,85,85,87,87,87,87],"relic_stats":{"Dream Catcher":0,"Singing Bowl":12,"counters":[19,78],"Ectoplasm":225,"War Paint":["Defend_R","Impervious"],"obtain_stats":[{"Dream Catcher":30,"Singing Bowl":8,"Vajra":24,"Ectoplasm":17,"War Paint":26,"Ancient Tea Set":3,"Burning Blood":0,"Akabeko":0,"InkBottle":28,"Meat on the Bone":6,"Paper Frog":9},{"Dream Catcher":17,"Singing Bowl":5,"Vajra":13,"Ectoplasm":9,"War Paint":13,"Ancient Tea Set":1,"Burning Blood":0,"Akabeko":0,"InkBottle":15,"Meat on the Bone":4,"Paper Frog":5},{"Dream Catcher":62,"Singing Bowl":20,"Vajra":46,"Ectoplasm":33,"War Paint":46,"Ancient Tea Set":4,"Burning Blood":0,"Akabeko":0,"InkBottle":54,"Meat on the Bone":16,"Paper Frog":20}],"Burning Blood":97,"InkBottle":[7],"Meat on the Bone":36},"card_choices":[{"not_picked":["True Grit","Iron Wave"],"picked":"Pommel Strike","floor":1.0},{"not_picked":["True Grit","Body Slam"],"picked":"Impervious","floor":4.0},{"not_picked":["Warcry","Blood for Blood"],"picked":"Perfected Strike","floor":5.0},{"not_picked":["Flex","Warcry"],"picked":"Armaments","floor":6.0},{"not_picked":["Shrug It Off","Clothesline"],"picked":"Offering","floor":8.0},{"not_picked":["Wild Strike","Havoc","Armaments"],"picked":"Singing Bowl","floor":11.0},{"not_picked":["Sever Soul","Pommel Strike","True Grit"],"picked":"Singing Bowl","floor":12.0},{"not_picked":["Exhume","Flex"],"picked":"Perfected Strike","floor":14},{"not_picked":["Bludgeon","Brutality"],"picked":"Reaper","floor":16},{"not_picked":["Sword Boomerang","Flex"],"picked":"Shockwave","floor":18},{"not_picked":["Armaments","Pummel"],"picked":"Ghostly Armor","floor":21},{"not_picked":["True Grit","Heavy Blade"],"picked":"Feel No Pain","floor":22},{"not_picked":["Heavy Blade","Shrug It Off","Perfected Strike"],"picked":"Singing Bowl","floor":24},{"not_picked":["True Grit","Shrug It Off+1"],"picked":"Exhume","floor":27},{"not_picked":["Pommel Strike+1","Ghostly Armor","True Grit"],"picked":"Singing Bowl","floor":28},{"not_picked":["Heavy Blade","Thunderclap","Hemokinesis"],"picked":"Singing Bowl","floor":29},{"not_picked":["Double Tap","Armaments"],"picked":"Spot Weakness","floor":30},{"not_picked":["Bloodletting","Twin Strike","Second Wind"],"picked":"Singing Bowl","floor":31}],"player_experience":1743913,"relics_obtained":[{"floor":6.0,"key":"Meat on the Bone"},{"floor":8.0,"key":"Singing Bowl"},{"floor":9.0,"key":"Paper Frog"},{"floor":24,"key":"Vajra"},{"floor":26,"key":"War Paint"},{"floor":28,"key":"InkBottle"},{"floor":30,"key":"Dream Catcher"}],"event_choices":[{"damage_healed":0.0,"max_hp_gain":0.0,"max_hp_loss":0.0,"gold_gain":0.0,"event_name":"Liars Game","player_choice":"Ignored","floor":2.0,"gold_loss":0.0,"damage_taken":0.0},{"damage_healed":0.0,"max_hp_gain":0.0,"max_hp_loss":0.0,"gold_gain":0.0,"event_name":"WeMeetAgain","player_choice":"Paid Gold","floor":3.0,"gold_loss":91.0,"damage_taken":0.0,"relics_obtained":["Ancient Tea Set"]},{"damage_healed":0,"gold_gain":0,"player_choice":"Joined the Cult","damage_taken":6,"max_hp_gain":0,"max_hp_loss":0,"event_name":"Nest","floor":19,"gold_loss":0,"cards_obtained":["RitualDagger"]},{"damage_healed":0,"gold_gain":0,"player_choice":"Upgraded Two","damage_taken":0,"max_hp_gain":0,"max_hp_loss":0,"event_name":"Designer","floor":20,"gold_loss":50,"cards_upgraded":["Reaper","Shockwave"]}],"is_beta":false,"boss_relics":[{"not_picked":["Runic Cube","Mark of Pain"],"picked":"Ectoplasm"}],"items_purged_floors":[],"is_endless":false,"potions_floor_spawned":[4,5,6,18,28,29],"killed_by":"Champ","ascension_level":20}}