{"host":"zksvs3x2ysy9npnz","time":1610582194,"event":{"mods":["Aspiration","BaseMod","Beaked The Cultist","BetterRewards","Clockwork Mod","Colored Map","Conspire","Downfall","Duelist Mod","Ekko","Fiend Mod","Halation","Highlight Path","Hubris","Hunter ??","Infinite Spire","Jedi Mod","Magitek Elite","Minty Spire (QoL Compilation)","Permanent Neow","Quick Restart","Relic Stats","Replay The Spire","Shop Mod","StSLib","The Construct","The Runesmith","The Witch","thorton"],"gold_per_floor":[115,115,115,40,60,91,91,119,119,119,131,131,164,134,134,234,234,249,265,265,265,277,277,302,302,302,302,322,348,263,279,279,380,380,396,411,261,273,173,192,222,222,222,222,255,255,290,290,290,290,290,290,84,117,174],"floor_reached":56,"language":"FRA","playtime":3179,"items_purged":["Strike_L","Strike_L","Thousand_Needles+1","Strike_L"],"score":2040,"play_id":"69874aa1-ec39-4f3e-97b8-6c8663df3c43","local_time":"20210114005634","is_ascension_mode":true,"campfire_choices":[{"data":"Blood_Hilt","floor":10,"key":"SMITH"},{"data":"Fire2","floor":12,"key":"SMITH"},{"data":"Minerva_Bustier","floor":15,"key":"SMITH"},{"data":"Float2_Spell","floor":23,"key":"SMITH"},{"data":"Thousand_Needles","floor":25,"key":"SMITH"},{"data":"Force_Armor","floor":27,"key":"SMITH"},{"data":"infinitespire:Gouge","floor":32,"key":"SMITH"},{"data":"Shell","floor":44,"key":"SMITH"},{"floor":49,"key":"RECALL"},{"data":"Replay:Fractal Strike","floor":52,"key":"SMITH"}],"circlet_count":0,"master_deck":["Strike_L","Defend_L","Defend_L","Defend_L","Defend_L","Defend_L","Fire2+2","Cure","Blood_Hilt+1","Shell+1","Aero","Float2_Spell+1","Minerva_Bustier+1","Force_Armor+1","infinitespire:Gouge+1","Esuna+","Faith+1","Replay:Fractal Strike+1","Transfusion+1"],"relics":["Pendant","NeowsBlessing","hubris:OldNail","Anchor","Matryoshka","StrikeDummy","thethorton:CrushedCigarette","infinitespire:BottledMercury","Bottled Lightning","Pet Ghost","Toxic Egg 2","Pen Nib","jedi:archwizardhat","Painkiller Herb","hubris:PeanutButter","conspire:Flyswatter","MealTicket","halation:PinkSoulGem","Replay:Wax Seal","halation:IllGainedPizza"],"acts_visited":["Exordium","TheCity","TheBeyond","TheEnding"],"potions_floor_usage":[8,13,33,33,38,55,55,55],"damage_taken":[{"damage":1,"enemies":"Small Slimes","floor":1,"turns":2},{"damage":0,"enemies":"2 Louse","floor":5,"turns":2},{"damage":0,"enemies":"3 Sentries","floor":6,"turns":2},{"damage":16,"enemies":"Replay:BlueRogue","floor":8,"turns":12},{"damage":11,"enemies":"Cultist","floor":11,"turns":4},{"damage":12,"enemies":"Gremlin Nob","floor":13,"turns":4},{"damage":0,"enemies":"Looter","floor":14,"turns":4},{"damage":74,"enemies":"Fading Forest","floor":16,"turns":11},{"damage":5,"enemies":"Chosen","floor":18,"turns":5},{"damage":2,"enemies":"3 Byrds","floor":19,"turns":8},{"damage":7,"enemies":"Snake Plant","floor":22,"turns":6},{"damage":1,"enemies":"theDuelist:KaibaA2","floor":24,"turns":7},{"damage":7,"enemies":"Centurion and Healer","floor":28,"turns":7},{"damage":3,"enemies":"conspire:SneckoGhost","floor":29,"turns":10},{"damage":2,"enemies":"Cultist and Chosen","floor":31,"turns":6},{"damage":3,"enemies":"Automaton","floor":33,"turns":11},{"damage":0,"enemies":"3 Shapes","floor":35,"turns":6},{"damage":0,"enemies":"Orb Walker","floor":36,"turns":5},{"damage":6,"enemies":"Writhing Mass","floor":38,"turns":5},{"damage":0,"enemies":"Maw","floor":40,"turns":2},{"damage":6,"enemies":"Giant Head","floor":41,"turns":5},{"damage":0,"enemies":"Reptomancer","floor":45,"turns":4},{"damage":0,"enemies":"Nightmare","floor":47,"turns":6},{"damage":0,"enemies":"Donu and Deca","floor":50,"turns":5},{"damage":4,"enemies":"Shield and Spear","floor":54,"turns":5},{"damage":34,"enemies":"The Heart","floor":55,"turns":6}],"seed_played":"-3934749325405621910","potions_obtained":[{"floor":6,"key":"ColorlessPotion"},{"floor":8,"key":"Weak Potion"},{"floor":16,"key":"Venom Potion"},{"floor":19,"key":"SkillPotion"},{"floor":24,"key":"SpeedPotion"},{"floor":33,"key":"Dexterity Potion"},{"floor":35,"key":"ColorlessPotion"},{"floor":40,"key":"champ:CounterPotion"}],"is_trial":false,"path_per_floor":["M","?","?","$","M","E","?","E","T","R","M","R","E","M","R","B",null,"M","M","?","AVR","M","R","E","R","T","R","M","E","?","M","R","B",null,"?","?","T","?","NS","?","E","?","T","T","E","?","NM","?","T","B",null,"T","T","E","B",null],"character_chosen":"MAGITEKELITE","items_purchased":["PowerPotion","Transfusion+1"],"campfire_rested":0,"item_purchase_floors":[37,53],"current_hp_per_floor":[62,67,67,67,68,68,68,63,63,63,60,60,56,62,62,8,53,56,60,60,60,63,63,68,68,68,68,68,67,67,68,68,68,68,68,68,68,64,64,64,66,66,66,66,66,66,66,66,66,68,68,68,68,68,42],"gold":174,"neow_bonus":"THREE_ENEMY_KILL","is_daily":false,"chose_seed":false,"campfire_upgraded":9,"win_rate":0.0,"timestamp":1610582194,"path_taken":["M","?","?","$","M","E","?","E","T","R","M","R","E","?","R","BOSS","M","?","?","AVR","M","R","E","R","T","R","M","E","?","M","R","BOSS","?","?","T","?","NS","?","E","?","T","T","E","?","NM","?","T","BOSS","T","T","E","BOSS"],"items_purchased_type":["Potion","Card"],"build_version":"2020-12-22","purchased_purges":4,"victory":true,"max_hp_per_floor":[63,68,68,68,68,68,68,68,68,68,68,68,68,68,68,68,68,68,68,68,68,68,68,68,68,68,68,68,68,68,68,68,68,68,68,68,68,68,68,68,68,68,68,68,68,68,68,68,68,68,68,68,68,68,68],"relic_stats":{"counters":[26,150],"MealTicket":0,"Pen Nib":[9],"obtain_stats":[{"infinitespire:BottledMercury":21,"NeowsBlessing":0,"halation:IllGainedPizza":54,"Painkiller Herb":34,"Pen Nib":29,"jedi:archwizardhat":30,"Pet Ghost":26,"Anchor":8,"Matryoshka":9,"Pendant":0,"hubris:PeanutButter":41,"MealTicket":45,"thethorton:CrushedCigarette":17,"Bottled Lightning":24,"Toxic Egg 2":26,"Replay:Wax Seal":47,"StrikeDummy":13,"halation:PinkSoulGem":46,"hubris:OldNail":6,"conspire:Flyswatter":43},{"infinitespire:BottledMercury":10,"NeowsBlessing":0,"halation:IllGainedPizza":25,"Painkiller Herb":16,"Pen Nib":14,"jedi:archwizardhat":14,"Pet Ghost":12,"Anchor":4,"Matryoshka":4,"Pendant":0,"hubris:PeanutButter":21,"MealTicket":22,"thethorton:CrushedCigarette":8,"Bottled Lightning":12,"Toxic Egg 2":12,"Replay:Wax Seal":23,"StrikeDummy":6,"halation:PinkSoulGem":22,"hubris:OldNail":3,"conspire:Flyswatter":21},{"infinitespire:BottledMercury":54,"NeowsBlessing":0,"halation:IllGainedPizza":144,"Painkiller Herb":101,"Pen Nib":84,"jedi:archwizardhat":84,"Pet Ghost":67,"Anchor":18,"Matryoshka":18,"Pendant":0,"hubris:PeanutButter":124,"MealTicket":128,"thethorton:CrushedCigarette":41,"Bottled Lightning":67,"Toxic Egg 2":67,"Replay:Wax Seal":134,"StrikeDummy":26,"halation:PinkSoulGem":128,"hubris:OldNail":6,"conspire:Flyswatter":124}]},"card_choices":[{"not_picked":["Barrier","Throw","Crystal_Sword"],"picked":"SKIP","floor":1},{"not_picked":["Crystal_Sword","Rune_Blade"],"picked":"Blood_Hilt","floor":5},{"not_picked":["Meteor","Mythril_Knife"],"picked":"Shell","floor":6},{"not_picked":["Rasp","Poisona"],"picked":"Aero","floor":8},{"not_picked":["Gladius","Aero","Heavy_Shield"],"picked":"SKIP","floor":11},{"not_picked":["Valor","Barrier"],"picked":"Float2_Spell","floor":13},{"not_picked":["Wall","Heavy_Shield"],"picked":"Minerva_Bustier","floor":14},{"not_picked":["Ultima","Quick"],"picked":"Thousand_Needles","floor":16},{"not_picked":["Crystal_Sword+1","Barrier"],"picked":"Force_Armor","floor":18},{"not_picked":["Gladius","Mythril_Knife","Cursed_Shield"],"picked":"SKIP","floor":19},{"not_picked":["Thunder_P","Flare","Enhancer"],"picked":"SKIP","floor":22},{"not_picked":["Flare","Meltdown","Poisona"],"picked":"SKIP","floor":24},{"not_picked":["Valor+1","Thunder_Blade","Crystal_Sword+1"],"picked":"SKIP","floor":28},{"not_picked":["Quake","Magnus_Hat+1"],"picked":"Esuna+","floor":29},{"not_picked":["Crystal_Sword","Holy","Tornado"],"picked":"SKIP","floor":31},{"not_picked":["Thousand_Needles","Ultima"],"picked":"Osmosis+1","floor":33},{"not_picked":["Holy","Gaia_Gear+1"],"picked":"Force_Armor+1","floor":35},{"not_picked":["Blizzard_P","Barrier+1","Flare"],"picked":"SKIP","floor":36},{"not_picked":["Magnus_Hat+1","Flare+1"],"picked":"Faith+1","floor":38},{"not_picked":["Thousand_Needles","Flametongue+1","Float2_Spell"],"picked":"SKIP","floor":40},{"not_picked":["Quake","Drain","Flametongue"],"picked":"SKIP","floor":41},{"not_picked":["Water","Gaia_Gear+1","Aero"],"picked":"SKIP","floor":45},{"not_picked":["ReplayTheSpireMod:Book of Names","ReplayTheSpireMod:Echoes of Time"],"picked":"Replay:Fractal Strike","floor":47},{"not_picked":["Aero","Blizzard_P","Cursed_Shield+1"],"picked":"SKIP","floor":47},{"not_picked":["Thunder_P","Slow+1","Blizzard_P"],"picked":"SKIP","floor":54}],"player_experience":2462892,"relics_obtained":[{"floor":6,"key":"hubris:OldNail"},{"floor":8,"key":"Anchor"},{"floor":9,"key":"Matryoshka"},{"floor":13,"key":"StrikeDummy"},{"floor":24,"key":"Bottled Lightning"},{"floor":26,"key":"Pet Ghost"},{"floor":26,"key":"Toxic Egg 2"},{"floor":29,"key":"Pen Nib"},{"floor":41,"key":"hubris:PeanutButter"},{"floor":43,"key":"conspire:Flyswatter"},{"floor":45,"key":"MealTicket"},{"floor":47,"key":"Replay:Wax Seal"},{"floor":54,"key":"halation:IllGainedPizza"}],"event_choices":[{"damage_healed":0,"gold_gain":0,"player_choice":"Donut","damage_taken":0,"max_hp_gain":5,"max_hp_loss":0,"event_name":"Big Fish","floor":2,"gold_loss":0},{"damage_healed":0,"gold_gain":0,"player_choice":"Obtained Relic","damage_taken":0,"relics_obtained":["jedi:archwizardhat"],"max_hp_gain":0,"max_hp_loss":0,"event_name":"Addict","floor":30,"gold_loss":85},{"damage_healed":0,"gold_gain":0,"player_choice":"Leave","damage_taken":0,"max_hp_gain":0,"max_hp_loss":0,"event_name":"conspire:Investor","floor":42,"gold_loss":0},{"damage_healed":0,"gold_gain":0,"player_choice":"Ignored","damage_taken":0,"max_hp_gain":0,"max_hp_loss":0,"event_name":"Tomb of Lord Red Mask","floor":48,"gold_loss":0}],"is_beta":false,"boss_relics":[{"not_picked":["Kintsugi","conspire:SpecialSausage"],"picked":"thethorton:CrushedCigarette"},{"not_picked":["jedi:paperlyon","Coffee Dripper"],"picked":"Painkiller Herb"}],"items_purged_floors":[4,21,37,53],"is_endless":false,"potions_floor_spawned":[6,8,16,19,24,33,35,40,45],"ascension_level":9}}