{"host":"q0qnzbgdx8oqogg9","time":1610561187,"event":{"mods":["BaseMod","Minty Spire (QoL Compilation)","Slay-I","StSLib"],"gold_per_floor":[111,128,147,147,162,162,176,188,188,219,237,3,3,23,23,125,125,135,147,162,179,179,179,214,214,214,229,229,259,275,295,295,295,295],"floor_reached":33,"language":"ENG","playtime":1298,"items_purged":["Strike_R"],"score":457,"play_id":"f0e2b74c-f765-496e-b0cc-ba23e84a1c8c","local_time":"20210113130627","is_ascension_mode":true,"campfire_choices":[{"data":"Whirlwind","floor":6.0,"key":"SMITH"},{"data":"Bash","floor":15.0,"key":"SMITH"},{"floor":23.0,"key":"REST"},{"data":"Battle Trance","floor":28.0,"key":"SMITH"},{"floor":32,"key":"REST"}],"circlet_count":0,"master_deck":["Strike_R","Strike_R","Defend_R","Defend_R","Defend_R","Defend_R","Bash+1","Whirlwind+1","Thunderclap+1","Clothesline","Inflame","Battle Trance+1","Inflame","Metallicize","Feed","Immolate","Double Tap","Pommel Strike","Metallicize","Offering","Iron Wave+1","Shrug It Off","Iron Wave"],"relics":["Velvet Choker","Darkstone Periapt","Du-Vu Doll","Ancient Tea Set","Empty Cage","MutagenicStrength","Self Forming Clay","Shuriken","Whetstone"],"acts_visited":["Exordium","TheCity"],"potions_floor_usage":[31],"damage_taken":[{"damage":3.0,"enemies":"Small Slimes","floor":1.0,"turns":4.0},{"damage":0.0,"enemies":"Cultist","floor":2.0,"turns":3.0},{"damage":0.0,"enemies":"2 Louse","floor":3.0,"turns":1.0},{"damage":2.0,"enemies":"2 Fungi Beasts","floor":5.0,"turns":2.0},{"damage":9.0,"enemies":"Red Slaver","floor":7.0,"turns":3.0},{"damage":8.0,"enemies":"Exordium Thugs","floor":8.0,"turns":3.0},{"damage":2.0,"enemies":"3 Sentries","floor":10.0,"turns":2.0},{"damage":6.0,"enemies":"Blue Slaver","floor":11.0,"turns":2.0},{"damage":5.0,"enemies":"3 Louse","floor":14.0,"turns":3.0},{"damage":11.0,"enemies":"Hexaghost","floor":16.0,"turns":9.0},{"damage":16.0,"enemies":"Shell Parasite","floor":18.0,"turns":7.0},{"damage":21.0,"enemies":"Spheric Guardian","floor":19.0,"turns":5.0},{"damage":0.0,"enemies":"3 Cultists","floor":20.0,"turns":2.0},{"damage":19.0,"enemies":"Cultist and Chosen","floor":21.0,"turns":6.0},{"damage":0.0,"enemies":"Slavers","floor":24.0,"turns":1.0},{"damage":3.0,"enemies":"Snecko","floor":27.0,"turns":5.0},{"damage":27.0,"enemies":"Book of Stabbing","floor":29.0,"turns":4.0},{"damage":11.0,"enemies":"Snake Plant","floor":30.0,"turns":4.0},{"damage":12,"enemies":"Shelled Parasite and Fungi","floor":31,"turns":4},{"damage":45,"enemies":"Champ","floor":33,"turns":10}],"seed_played":"-5382402210667253473","potions_obtained":[{"floor":5.0,"key":"SkillPotion"},{"floor":7.0,"key":"DuplicationPotion"},{"floor":8.0,"key":"BlessingOfTheForge"},{"floor":11.0,"key":"GamblersBrew"},{"floor":16.0,"key":"LiquidBronze"},{"floor":19.0,"key":"SteroidPotion"},{"floor":27.0,"key":"FearPotion"},{"floor":29.0,"key":"Block Potion"},{"floor":31,"key":"BlessingOfTheForge"}],"is_trial":false,"path_per_floor":["M","M","M","?","M","R","M","M","T","E","M","$","?","M","R","B",null,"M","M","M","M","?","R","E","?","T","M","R","E","M","M","R","B"],"character_chosen":"IRONCLAD","items_purchased":["Metallicize","Feed"],"campfire_rested":2,"item_purchase_floors":[12,12],"current_hp_per_floor":[69,69,69,74,72,72,63,55,55,53,47,47,47,45,45,37,78,62,44,44,25,25,53,53,53,53,50,50,23,15,3,32,0,0],"gold":295,"neow_bonus":"BOSS_RELIC","is_daily":false,"chose_seed":false,"campfire_upgraded":3,"win_rate":0.0,"timestamp":1610561187,"path_taken":["M","M","M","?","M","R","M","M","T","E","M","$","?","M","R","BOSS","M","M","?","M","?","R","E","?","T","M","R","E","?","M","R","BOSS"],"items_purchased_type":["Card","Card"],"build_version":"2020-12-22","purchased_purges":1,"victory":false,"max_hp_per_floor":[80,80,80,85,85,85,85,85,85,85,85,85,85,88,88,91,91,91,94,94,94,94,94,94,94,94,94,94,94,97,97,97,97,97],"card_choices":[{"not_picked":["Body Slam","Havoc"],"picked":"Whirlwind","floor":1.0},{"not_picked":["Cleave","Combust"],"picked":"Thunderclap","floor":2.0},{"not_picked":["Feel No Pain","Anger"],"picked":"Clothesline","floor":3.0},{"not_picked":["Seeing Red","Flex"],"picked":"Inflame","floor":5.0},{"not_picked":["Clash","Twin Strike"],"picked":"Battle Trance","floor":7.0},{"not_picked":["Seeing Red","Clothesline","Pummel"],"picked":"SKIP","floor":8.0},{"not_picked":["Anger","Body Slam"],"picked":"Inflame","floor":10.0},{"not_picked":["Headbutt","Anger","Warcry"],"picked":"SKIP","floor":11.0},{"not_picked":["Evolve","Spot Weakness"],"picked":"Immolate","floor":14.0},{"not_picked":["Barricade","Brutality"],"picked":"Double Tap","floor":16.0},{"not_picked":["Clash+1","Perfected Strike"],"picked":"Pommel Strike","floor":18.0},{"not_picked":["Twin Strike+1","Pummel+1","Pommel Strike+1"],"picked":"SKIP","floor":19.0},{"not_picked":["Inflame","Whirlwind","Pommel Strike"],"picked":"SKIP","floor":20.0},{"not_picked":["Combust","Entrench"],"picked":"Metallicize","floor":21.0},{"not_picked":["Flex","Thunderclap"],"picked":"Offering","floor":24.0},{"not_picked":["Blood for Blood","Twin Strike+1","Thunderclap"],"picked":"SKIP","floor":27.0},{"not_picked":["Wild Strike","Whirlwind"],"picked":"Iron Wave","floor":29.0},{"not_picked":["Dual Wield","Wild Strike"],"picked":"Shrug It Off","floor":30.0},{"not_picked":["Sever Soul","Warcry"],"picked":"Iron Wave","floor":31}],"player_experience":216522,"relics_obtained":[{"floor":9.0,"key":"Darkstone Periapt"},{"floor":10.0,"key":"Du-Vu Doll"},{"floor":13.0,"key":"Ancient Tea Set"},{"floor":24.0,"key":"Self Forming Clay"},{"floor":26.0,"key":"Shuriken"},{"floor":29.0,"key":"Whetstone"}],"event_choices":[{"damage_healed":0.0,"max_hp_gain":5.0,"max_hp_loss":0.0,"gold_gain":0.0,"event_name":"Big Fish","player_choice":"Donut","floor":4.0,"gold_loss":0.0,"damage_taken":0.0},{"damage_healed":0.0,"max_hp_gain":0.0,"max_hp_loss":0.0,"gold_gain":0.0,"event_name":"Wheel of Change","player_choice":"Relic","floor":13.0,"gold_loss":0.0,"damage_taken":0.0},{"damage_healed":0.0,"max_hp_gain":0.0,"max_hp_loss":0.0,"gold_gain":0.0,"event_name":"Drug Dealer","player_choice":"Inject Mutagens","floor":22.0,"gold_loss":0.0,"damage_taken":0.0,"relics_obtained":["MutagenicStrength"]},{"damage_healed":0.0,"max_hp_gain":0.0,"max_hp_loss":0.0,"gold_gain":0.0,"event_name":"N\u0027loth","player_choice":"Ignored","floor":25.0,"gold_loss":0.0,"damage_taken":0.0}],"is_beta":false,"boss_relics":[{"not_picked":["Astrolabe","Cursed Key"],"picked":"Empty Cage"}],"items_purged_floors":[12],"is_endless":false,"potions_floor_spawned":[5,7,8,11,16,19,27,29,31],"killed_by":"Champ","ascension_level":7}}