{"host":"uoshhb7sfln10kpy","time":1610560624,"event":{"mods":["BaseMod","Bestiary","BetterRewards","Curses Come First","Downfall","Marisa£®ÏF”Í°°ƒß¿Ì…≥£©","Minty Spire (QoL Compilation)","Remilia£®¿Ÿ√◊¿Ú—«£©","Replay The Spire","Say the Spire","Shop Mod","StSLib","The Alterego","The Bladedancer","The Bug Knight","The Mystic","UnlockEverythingMod"],"gold_per_floor":[116,191,241,241,254,254,7,7,31,41,56,56,71,87,87,185,185,203,218,252,15,15,15,15,15,15,15,48,59,59,78,78,203,203,215,215],"floor_reached":37,"language":"ZHS","playtime":1196,"items_purged":["Strike_RM","Delirium"],"score":1151,"play_id":"ab4c4a86-3065-449b-a68a-030e93c253e9","local_time":"20210114015704","is_ascension_mode":false,"campfire_choices":[{"data":"MastersStateliness","floor":6,"key":"SMITH"},{"data":"RedMoon","floor":8,"key":"SMITH"},{"data":"KillingBlow","floor":15,"key":"SMITH"},{"floor":23,"key":"RECALL"},{"data":"CharismaGuard","floor":32,"key":"SMITH"}],"circlet_count":0,"master_deck":["Strike_RM+1","Strike_RM+1","Strike_RM+1","Strike_RM+1","Defend_RM+1","Defend_RM+1","Defend_RM+1","Defend_RM+1","RedMoon+1","ScarletShoot","Stigmanizer","UnstableMagic","MastersStateliness+1","EndlessAdversity","ChainGang","ReplayTheSpireMod:IOU","CharismaGuard+1","VampireKiss","KillingBlow+1","VampirishNight","Spreading Infection","ScarletMeister","CurseOfTheBell","ChainGang","VampireKiss+1","HellCatastrophe+1","Replay:Sluggish","MiserableFate","Doubt","UnderTheZenith","RedRainbow","Regret","ReincarnationDial+1"],"relics":["ScarletHat","Turnip","AntiCross","Membership Card","Ring of Greed","Ring of Hypnosis","The Courier","Replay:Wax Seal","Spirit Poop","Bronze Scales","Mercury Hourglass","Happy Flower","ReplayTheSpireMod:TigerMarble","Frozen Eye","Replay:Grab Bag","Busted Crown","Cursed Key","Calling Bell","Smiling Mask","ReplayTheSpireMod:Ninjato","Thread and Needle","Red Mask","HandDrill","ScarletDevilRocket","HornCleat","Potion Belt","FaceOfCleric","Painkiller Herb"],"acts_visited":["Exordium","TheCity","TheBeyond"],"potions_floor_usage":[33,33,33,33,36],"damage_taken":[{"damage":0,"enemies":"2 Louse","floor":1,"turns":3},{"damage":6,"enemies":"Small Slimes","floor":5,"turns":3},{"damage":2,"enemies":"Cultist","floor":10,"turns":3},{"damage":0,"enemies":"Exordium Wildlife","floor":11,"turns":2},{"damage":0,"enemies":"Gremlin Gang","floor":13,"turns":1},{"damage":0,"enemies":"2 Fungi Beasts","floor":14,"turns":2},{"damage":12,"enemies":"Slime Boss","floor":16,"turns":5},{"damage":0,"enemies":"Chosen","floor":18,"turns":3},{"damage":2,"enemies":"2 Thieves","floor":19,"turns":2},{"damage":13,"enemies":"Masked Bandits","floor":20,"turns":2},{"damage":11,"enemies":"Book of Stabbing","floor":28,"turns":3},{"damage":12,"enemies":"Centurion and Healer","floor":29,"turns":3},{"damage":0,"enemies":"3 Cultists","floor":31,"turns":2},{"damage":7,"enemies":"Pondfish","floor":33,"turns":8},{"damage":0,"enemies":"3 Darklings","floor":35,"turns":2},{"damage":63,"enemies":"Donu and Deca","floor":36,"turns":5}],"seed_played":"-6275840638937626705","potions_obtained":[{"floor":5,"key":"Adrenaline Potion"},{"floor":11,"key":"champ:CounterPotion"},{"floor":16,"key":"Explosive Potion"},{"floor":29,"key":"AttackPotion"},{"floor":31,"key":"Toxic Potion"},{"floor":33,"key":"Energy Potion"},{"floor":35,"key":"Explosive Potion"}],"is_trial":false,"path_per_floor":["M","?","?","?","M","R","$","R","T","M","M","?","M","M","R","B",null,"M","M","?","$","?","R","?","?","T","$","E","M","?","M","R","B",null,"?","B",null],"character_chosen":"REMILIA","items_purchased":["AntiCross","Membership Card","Stigmanizer","UnstableMagic","MastersStateliness","Bronze Scales","Mercury Hourglass","Happy Flower","ReplayTheSpireMod:TigerMarble","Frozen Eye","HellCatastrophe","HandDrill","ScarletDevilRocket"],"campfire_rested":0,"item_purchase_floors":[0,0,0,0,0,7,7,7,7,7,21,21,21],"current_hp_per_floor":[51,40,40,40,34,34,34,34,34,35,35,35,39,45,45,35,75,75,75,65,65,65,65,65,65,65,65,55,43,43,45,45,56,77,78,41],"gold":215,"neow_bonus":"","is_daily":false,"chose_seed":false,"campfire_upgraded":4,"win_rate":0.0,"timestamp":1610560624,"path_taken":["M","?","?","?","M","R","$","R","T","M","?","?","M","M","R","BOSS","M","?","?","$","?","R","?","?","T","$","E","?","?","M","R","BOSS","?","BOSS"],"items_purchased_type":["Relic","Relic","Card","Card","Card","Relic","Relic","Relic","Relic","Relic","Card","Relic","Relic"],"build_version":"2020-12-22","purchased_purges":2,"victory":true,"max_hp_per_floor":[75,75,75,75,75,75,75,75,75,75,75,75,75,75,75,75,75,75,75,75,75,75,75,75,75,75,75,75,75,75,76,76,77,77,78,79],"card_choices":[{"not_picked":["UnderTheZenith","ScarletDevil"],"picked":"EndlessAdversity","floor":1},{"not_picked":["BlasphemousPunishment","RedMagic"],"picked":"ChainGang","floor":5},{"not_picked":["ScarletDevil","ReincarnationDial"],"picked":"CharismaGuard","floor":10},{"not_picked":["BloodHunter","ScarletGensokyo"],"picked":"VampireKiss","floor":11},{"not_picked":["MastersStateliness","NightDance"],"picked":"VampirishNight","floor":13},{"not_picked":["NightDance","EquivalentExchange","ScarletDevil"],"picked":"SKIP","floor":14},{"not_picked":["ChaoticDestiny","TricksterDevil"],"picked":"ScarletMeister","floor":16},{"not_picked":[],"picked":"ChainGang","floor":18},{"not_picked":[],"picked":"VampireKiss+1","floor":19},{"not_picked":[],"picked":"MiserableFate","floor":28},{"not_picked":[],"picked":"UnderTheZenith","floor":29},{"not_picked":[],"picked":"RedRainbow","floor":31},{"not_picked":[],"picked":"ReincarnationDial+1","floor":35}],"player_experience":13398,"relics_obtained":[{"floor":3,"key":"Ring of Greed"},{"floor":3,"key":"Ring of Hypnosis"},{"floor":3,"key":"The Courier"},{"floor":3,"key":"Replay:Wax Seal"},{"floor":17,"key":"Smiling Mask"},{"floor":17,"key":"ReplayTheSpireMod:Ninjato"},{"floor":17,"key":"Thread and Needle"},{"floor":20,"key":"Red Mask"},{"floor":26,"key":"HornCleat"},{"floor":28,"key":"Potion Belt"}],"event_choices":[{"damage_healed":0,"gold_gain":75,"player_choice":"Gather Gold","damage_taken":11,"max_hp_gain":0,"max_hp_loss":0,"event_name":"World of Goop","floor":2,"gold_loss":0},{"cards_removed":["Hallucinations"],"damage_healed":0,"gold_gain":0,"player_choice":"Offered Curse","damage_taken":0,"relics_obtained":["Spirit Poop"],"max_hp_gain":0,"max_hp_loss":0,"event_name":"Bonfire Elementals","floor":4,"gold_loss":0},{"damage_healed":0,"gold_gain":0,"player_choice":"1 cards matched","damage_taken":0,"max_hp_gain":0,"max_hp_loss":0,"event_name":"Match and Keep!","floor":12,"gold_loss":0,"cards_obtained":["KillingBlow"]},{"damage_healed":0,"gold_gain":0,"player_choice":"Fought Bandits","damage_taken":0,"max_hp_gain":0,"max_hp_loss":0,"event_name":"Masked Bandits","floor":20,"gold_loss":0},{"damage_healed":0,"gold_gain":0,"player_choice":"Ignored","damage_taken":0,"max_hp_gain":0,"max_hp_loss":0,"event_name":"Ghosts","floor":22,"gold_loss":0},{"damage_healed":0,"gold_gain":0,"player_choice":"Simplicity","damage_taken":0,"max_hp_gain":0,"max_hp_loss":0,"event_name":"Back to Basics","floor":24,"gold_loss":0,"cards_upgraded":["Strike_RM","Strike_RM","Strike_RM","Strike_RM","Defend_RM","Defend_RM","Defend_RM","Defend_RM"]},{"damage_healed":0,"gold_gain":0,"player_choice":"Forge","damage_taken":0,"max_hp_gain":0,"max_hp_loss":0,"event_name":"Accursed Blacksmith","floor":25,"gold_loss":0,"cards_upgraded":["HellCatastrophe"]},{"damage_healed":0,"gold_gain":0,"player_choice":"Trade","damage_taken":0,"relics_obtained":["FaceOfCleric"],"max_hp_gain":0,"max_hp_loss":0,"event_name":"FaceTrader","floor":30,"gold_loss":0}],"is_beta":false,"boss_relics":[{"not_picked":["SacredBark","ReplayTheSpireMod:DimensionalGlitch"],"picked":"Replay:Grab Bag"},{"not_picked":["Philosopher\u0027s Stone","Fusion Hammer"],"picked":"Busted Crown"},{"not_picked":["Coffee Dripper","Sozu"],"picked":"Cursed Key"},{"not_picked":["Snecko Eye","Astrolabe"],"picked":"Calling Bell"},{"not_picked":["Replay:Drink Me","Replay:Wanted Poster"],"picked":"Painkiller Herb"}],"items_purged_floors":[0,21],"is_endless":false,"potions_floor_spawned":[5,11,16,18,20,29,31,35],"ascension_level":0}}