{"host":"7ukkhvvme89nt444","time":1610570178,"event":{"mods":["BaseMod","Colored Map","Colored Powertips","Minty Spire (QoL Compilation)","Relic Stats","Slay-I","ojb\u0027s Better Paths Mod","ojb\u0027s Info Mod"],"gold_per_floor":[111,121,136,136,136,136,0,33,33,53,88,9,0,15,15,15,15],"floor_reached":16,"language":"ENG","playtime":1071,"items_purged":["Injury"],"score":171,"play_id":"3784663d-ffb5-4aaa-a598-2282cc7f697c","local_time":"20210113213618","is_ascension_mode":true,"campfire_choices":[{"data":"Neutralize","floor":6.0,"key":"SMITH"},{"floor":15.0,"key":"REST"}],"circlet_count":0,"master_deck":["AscendersBane","Strike_G","Strike_G","Strike_G","Strike_G","Strike_G","Defend_G","Defend_G","Defend_G","Defend_G","Defend_G","Survivor","Neutralize+1","Backflip","Poisoned Stab","Well Laid Plans","Dark Shackles","Malaise","Masterful Stab","Envenom","Accuracy"],"relics":["Ring of the Snake","Smiling Mask","Golden Idol","Ninja Scroll","Ancient Tea Set"],"acts_visited":["Exordium"],"potions_floor_usage":[],"damage_taken":[{"damage":0.0,"enemies":"2 Louse","floor":1.0,"turns":3.0},{"damage":1.0,"enemies":"Small Slimes","floor":2.0,"turns":5.0},{"damage":2.0,"enemies":"Jaw Worm","floor":3.0,"turns":4.0},{"damage":24.0,"enemies":"3 Sentries","floor":8.0,"turns":12.0},{"damage":2.0,"enemies":"Looter","floor":10.0,"turns":4.0},{"damage":29.0,"enemies":"Gremlin Nob","floor":11.0,"turns":5.0},{"damage":7.0,"enemies":"Blue Slaver","floor":14.0,"turns":3.0},{"damage":27,"enemies":"Slime Boss","floor":16,"turns":3}],"seed_played":"-683193670520589384","potions_obtained":[{"floor":3.0,"key":"Explosive Potion"},{"floor":14.0,"key":"GhostInAJar"}],"is_trial":false,"path_per_floor":["M","M","M","?","?","R","$","E","T","M","E","$","?","M","R","B"],"character_chosen":"THE_SILENT","items_purchased":["Dark Shackles","Envenom"],"campfire_rested":1,"item_purchase_floors":[7,12],"current_hp_per_floor":[63,62,60,60,65,65,65,41,41,39,10,10,10,3,25,0,0],"gold":15,"neow_bonus":"RANDOM_COMMON_RELIC","is_daily":false,"chose_seed":false,"campfire_upgraded":1,"win_rate":0.0,"timestamp":1610570178,"path_taken":["M","M","M","?","?","R","?","E","T","M","E","$","?","M","R","BOSS"],"items_purchased_type":["Card","Card"],"build_version":"2020-12-22","purchased_purges":1,"victory":false,"max_hp_per_floor":[70,70,70,70,75,75,75,75,75,75,75,75,75,75,75,75,75],"relic_stats":{"counters":[8,39],"Golden Idol":21,"Smiling Mask":25,"obtain_stats":[{"Golden Idol":4,"Ninja Scroll":8,"Smiling Mask":0,"Ancient Tea Set":11,"Ring of the Snake":0},{"Golden Idol":3,"Ninja Scroll":4,"Smiling Mask":0,"Ancient Tea Set":6,"Ring of the Snake":0},{"Golden Idol":12,"Ninja Scroll":24,"Smiling Mask":0,"Ancient Tea Set":33,"Ring of the Snake":0}],"Ring of the Snake":[16]},"card_choices":[{"not_picked":["Deflect","Calculated Gamble"],"picked":"Backflip","floor":1.0},{"not_picked":["Cloak And Dagger","Sucker Punch"],"picked":"Poisoned Stab","floor":2.0},{"not_picked":["Slice","Cloak And Dagger"],"picked":"Well Laid Plans","floor":3.0},{"not_picked":["All Out Attack","Dodge and Roll"],"picked":"Malaise","floor":8.0},{"not_picked":["PiercingWail","Escape Plan","Dagger Spray"],"picked":"SKIP","floor":10.0},{"not_picked":["Slice","PiercingWail"],"picked":"Masterful Stab","floor":11.0},{"not_picked":["Escape Plan","Underhanded Strike"],"picked":"Accuracy","floor":14.0}],"player_experience":449016,"relics_obtained":[{"floor":8.0,"key":"Ninja Scroll"},{"floor":11.0,"key":"Ancient Tea Set"}],"event_choices":[{"damage_healed":0.0,"max_hp_gain":0.0,"max_hp_loss":0.0,"gold_gain":0.0,"event_name":"Golden Idol","player_choice":"Take Wound","floor":4.0,"gold_loss":0.0,"damage_taken":0.0,"relics_obtained":["Golden Idol"],"cards_obtained":["Injury"]},{"damage_healed":0.0,"max_hp_gain":5.0,"max_hp_loss":0.0,"gold_gain":0.0,"event_name":"Big Fish","player_choice":"Donut","floor":5.0,"gold_loss":0.0,"damage_taken":0.0},{"damage_healed":0.0,"max_hp_gain":0.0,"max_hp_loss":0.0,"gold_gain":0.0,"event_name":"World of Goop","player_choice":"Left Gold","floor":13.0,"gold_loss":9.0,"damage_taken":0.0}],"is_beta":false,"boss_relics":[],"items_purged_floors":[7],"is_endless":false,"potions_floor_spawned":[3,14],"killed_by":"Slime Boss","ascension_level":11}}