{"host":"7l2t4psy44vpcd9q","time":1610556149,"event":{"mods":["AchievementEnabler","BaseMod","DeckTracker","Minty Spire (QoL Compilation)","SuperFastMode"],"gold_per_floor":[418,436,486,411,421,421,496,496,496,496,516,516,2,28,28,28,28],"floor_reached":16,"language":"KOR","playtime":496,"items_purged":["Strike_G"],"score":196,"play_id":"b4acc499-eb15-4355-8d7c-f4d00927baae","local_time":"20210114014229","is_ascension_mode":true,"campfire_choices":[{"data":"Neutralize","floor":6,"key":"SMITH"},{"data":"Poisoned Stab","floor":8,"key":"SMITH"},{"floor":10,"key":"REST"},{"data":"PiercingWail","floor":12,"key":"SMITH"},{"floor":15,"key":"REST"}],"circlet_count":0,"master_deck":["AscendersBane","Strike_G","Strike_G","Strike_G","Strike_G","Defend_G","Defend_G","Defend_G","Defend_G","Defend_G","Survivor","Neutralize+1","Poisoned Stab+1","Flying Knee","Flying Knee","PiercingWail+1","Unload","Quick Slash"],"relics":["Ring of the Snake","Old Coin","Toy Ornithopter","TungstenRod","MealTicket"],"acts_visited":["Exordium"],"potions_floor_usage":[11,16],"damage_taken":[{"damage":2,"enemies":"2 Louse","floor":1,"turns":4},{"damage":6,"enemies":"Cultist","floor":2,"turns":4},{"damage":4,"enemies":"Jaw Worm","floor":5,"turns":4},{"damage":6,"enemies":"Exordium Wildlife","floor":11,"turns":7},{"damage":30,"enemies":"3 Sentries","floor":14,"turns":11},{"damage":41,"enemies":"Hexaghost","floor":16,"turns":9}],"seed_played":"-8177639977942989782","potions_obtained":[{"floor":5,"key":"PowerPotion"},{"floor":11,"key":"PowerPotion"}],"is_trial":false,"path_per_floor":["M","M","?","$","M","R","?","R","T","R","M","R","$","E","R","B"],"character_chosen":"THE_SILENT","items_purchased":["Unload","TungstenRod"],"campfire_rested":2,"item_purchase_floors":[13,13],"current_hp_per_floor":[57,51,45,45,41,41,30,30,30,48,47,47,47,17,35,0,0],"gold":28,"neow_bonus":"ONE_RARE_RELIC","is_daily":false,"chose_seed":false,"campfire_upgraded":3,"win_rate":0.0,"timestamp":1610556149,"path_taken":["M","M","?","$","?","R","?","R","T","R","M","R","$","E","R","BOSS"],"items_purchased_type":["Card","Relic"],"build_version":"2020-12-22","purchased_purges":1,"victory":false,"max_hp_per_floor":[60,60,60,60,60,60,60,60,60,60,60,60,60,60,60,60,60],"card_choices":[{"not_picked":["Acrobatics","Sucker Punch"],"picked":"Poisoned Stab","floor":1},{"not_picked":["Finisher","Distraction"],"picked":"Flying Knee","floor":2},{"not_picked":["Poisoned Stab","Deflect"],"picked":"Flying Knee","floor":5},{"not_picked":["Underhanded Strike","Deadly Poison"],"picked":"PiercingWail","floor":11},{"not_picked":["Wraith Form v2","Caltrops"],"picked":"Quick Slash","floor":14}],"player_experience":1233137,"relics_obtained":[{"floor":9,"key":"Toy Ornithopter"},{"floor":14,"key":"MealTicket"}],"event_choices":[{"damage_healed":0,"gold_gain":50,"player_choice":"Touch","damage_taken":6,"max_hp_gain":0,"max_hp_loss":0,"event_name":"FaceTrader","floor":3,"gold_loss":0},{"damage_healed":0,"gold_gain":75,"player_choice":"Gather Gold","damage_taken":11,"max_hp_gain":0,"max_hp_loss":0,"event_name":"World of Goop","floor":7,"gold_loss":0}],"is_beta":false,"boss_relics":[],"items_purged_floors":[4],"is_endless":false,"potions_floor_spawned":[5,11],"killed_by":"Hexaghost","ascension_level":20}}