{"host":"pgqkv8mh62pnrbci","time":1610541211,"event":{"mods":["2.2 Compatiblity","AchievementEnabler","BaseMod","Custom Start","DeckTracker","Minty Spire (QoL Compilation)","Replay The Spire","StSLib","SuperFastMode","¡¼?Úª?ø«¡½REMEMod"],"gold_per_floor":[112,127,127,177,27,27,42,61,61,81,96,108,140,157,157,231,231,246,257,272,272,272,272],"floor_reached":22,"language":"KOR","playtime":800,"items_purged":["Regret"],"score":423,"play_id":"0c25fa9b-c96f-4daa-a71b-74d899dd939c","local_time":"20210113213331","is_ascension_mode":true,"campfire_choices":[{"data":"Adrenaline","floor":6.0,"key":"SMITH"},{"data":"Neutralize","floor":15.0,"key":"SMITH"}],"circlet_count":0,"master_deck":["AscendersBane","Strike_G","Strike_G","Strike_G","Strike_G","Defend_G","Defend_G","Defend_G","Defend_G","Defend_G","Survivor","Neutralize+1","Adrenaline+1","Dagger Throw","Dagger Spray","Caltrops","Blur","Calculated Gamble","Blade Dance","PiercingWail","Blade Dance","ReplayTheSpireMod:From All Sides","CurseOfTheBell","ReplayTheSpireMod:Tripwire","Concentrate"],"relics":["REME_ComplimentaryCards","Philosopher\u0027s Stone","ReplayTheSpireMod:Shallot","PreservedInsect","Bird Faced Urn","Calling Bell","ReplayFunnel","Meat on the Bone","Tingsha"],"acts_visited":["Exordium","TheCity"],"potions_floor_usage":[22],"damage_taken":[{"damage":3.0,"enemies":"Jaw Worm","floor":1.0,"turns":6.0},{"damage":0.0,"enemies":"Small Slimes","floor":2.0,"turns":3.0},{"damage":2.0,"enemies":"Cultist","floor":7.0,"turns":3.0},{"damage":4.0,"enemies":"Exordium Thugs","floor":8.0,"turns":6.0},{"damage":0.0,"enemies":"Lots of Slimes","floor":10.0,"turns":3.0},{"damage":0.0,"enemies":"2 Fungi Beasts","floor":11.0,"turns":4.0},{"damage":3.0,"enemies":"Looter","floor":12.0,"turns":2.0},{"damage":0.0,"enemies":"3 Sentries","floor":13.0,"turns":4.0},{"damage":0.0,"enemies":"Red Slaver","floor":14.0,"turns":3.0},{"damage":45.0,"enemies":"The Guardian","floor":16.0,"turns":15.0},{"damage":5.0,"enemies":"Chosen","floor":18.0,"turns":5.0},{"damage":1.0,"enemies":"3 Byrds","floor":19.0,"turns":3.0},{"damage":44.0,"enemies":"3 Cultists","floor":20.0,"turns":6.0},{"damage":23,"enemies":"Sentry and Sphere","floor":22,"turns":5}],"seed_played":"6358193359324448459","potions_obtained":[{"floor":7.0,"key":"CultistPotion"},{"floor":12.0,"key":"REME_GoldPotion"},{"floor":13.0,"key":"Block Potion"},{"floor":16.0,"key":"Elixir"},{"floor":18.0,"key":"FearPotion"},{"floor":19.0,"key":"Venom Potion"}],"is_trial":false,"path_per_floor":["M","M","?","?","$","R","M","M","T","M","M","M","E","M","R","B",null,"M","M","M","?","M"],"character_chosen":"THE_SILENT","items_purchased":["Caltrops"],"campfire_rested":0,"item_purchase_floors":[5],"current_hp_per_floor":[56,56,56,56,56,56,54,50,50,50,50,47,47,47,47,4,51,48,49,19,19,0,0],"gold":272,"neow_bonus":"BOSS_RELIC","is_daily":false,"chose_seed":false,"campfire_upgraded":2,"win_rate":0.0,"timestamp":1610541211,"path_taken":["M","M","?","?","$","R","M","?","T","M","M","M","E","M","R","BOSS","M","M","M","?","?"],"items_purchased_type":["Card"],"build_version":"2020-12-22","purchased_purges":1,"victory":false,"max_hp_per_floor":[66,66,66,66,66,66,66,66,66,66,66,66,66,66,66,66,66,66,66,66,66,66,66],"card_choices":[{"not_picked":["Sucker Punch","Deflect"],"picked":"Dagger Throw","floor":1.0},{"not_picked":["Deflect","Hidden Blade"],"picked":"Dagger Spray","floor":2.0},{"not_picked":["Concentrate","Hidden Blade"],"picked":"Blur","floor":7.0},{"not_picked":["Deadly Poison","Noxious Fumes"],"picked":"Calculated Gamble","floor":8.0},{"not_picked":["Bane","Poisoned Stab"],"picked":"Blade Dance","floor":10.0},{"not_picked":["Quick Slash","Choke"],"picked":"PiercingWail","floor":11.0},{"not_picked":["Malaise","Deadly Poison"],"picked":"Blade Dance","floor":12.0},{"not_picked":["REME_GrazeFinale","Bane","Choke"],"picked":"SKIP","floor":13.0},{"not_picked":["Backflip","Blade Dance","Fluid Movement"],"picked":"SKIP","floor":14.0},{"not_picked":["ReplayTheSpireMod:Necrosis","Unload"],"picked":"ReplayTheSpireMod:From All Sides","floor":16.0},{"not_picked":["Hidden Blade","Bouncing Flask+1","Replay:Poison Smokescreen"],"picked":"SKIP","floor":18.0},{"not_picked":["Underhanded Strike","Sucker Punch"],"picked":"ReplayTheSpireMod:Tripwire","floor":19.0},{"not_picked":["Draining Mist","ReplayTheSpireMod:Speed Training"],"picked":"Concentrate","floor":20.0}],"player_experience":626112,"relics_obtained":[{"floor":9.0,"key":"PreservedInsect"},{"floor":13.0,"key":"Bird Faced Urn"},{"floor":17.0,"key":"ReplayFunnel"},{"floor":17.0,"key":"Meat on the Bone"},{"floor":17.0,"key":"Tingsha"}],"event_choices":[{"damage_healed":0.0,"max_hp_gain":0.0,"max_hp_loss":0.0,"gold_gain":0.0,"event_name":"Big Fish","player_choice":"Box","floor":3.0,"gold_loss":0.0,"damage_taken":0.0,"relics_obtained":["ReplayTheSpireMod:Shallot"],"cards_obtained":["Regret"]},{"damage_healed":0.0,"max_hp_gain":0.0,"max_hp_loss":0.0,"gold_gain":50.0,"event_name":"Golden Shrine","player_choice":"Pray","floor":4.0,"gold_loss":0.0,"damage_taken":0.0},{"cards_removed":["Strike_G"],"damage_healed":0.0,"max_hp_gain":0.0,"max_hp_loss":0.0,"gold_gain":0.0,"event_name":"Purifier","player_choice":"Purged","floor":21.0,"gold_loss":0.0,"damage_taken":0.0}],"is_beta":false,"boss_relics":[{"not_picked":["Astrolabe","Replay:Wanted Poster"],"picked":"Calling Bell"}],"items_purged_floors":[5],"is_endless":false,"potions_floor_spawned":[7,12,13,16,18,19],"killed_by":"Sentry and Sphere","ascension_level":19}}