{"host":"0vlubjftylzdr3ny","time":1610496958,"event":{"mods":["Always Whale","BaseMod","GifTheSpireLib","Minty Spire (QoL Compilation)","Relic Filter","StSLib","Stuff the Spire"],"gold_per_floor":[116,116,41,41,58,58,89,89,142,156,171,171,197,214,214,318,318,332,347,2,15,31,31,60,60,134,134,168,185,210,310,310,405,405,420,174,186,238,238,272,290,318,318,351,351,380,29,47,47,47],"floor_reached":51,"language":"ENG","playtime":2716,"items_purged":["Strike_R","Strike_R","Strike_R","Anger"],"score":1030,"play_id":"72a60fe6-b863-42c1-9d98-e590b6f7e97b","local_time":"20210113011558","is_ascension_mode":true,"campfire_choices":[{"data":"Armaments","floor":6,"key":"SMITH"},{"data":"Ghostly Armor","floor":8,"key":"SMITH"},{"data":"Feel No Pain","floor":12,"key":"SMITH"},{"data":"Twin Strike","floor":15,"key":"SMITH"},{"data":"True Grit","floor":23,"key":"SMITH"},{"data":"StuffTheSpire:Incineration","floor":25,"key":"SMITH"},{"data":"Juggernaut","floor":27,"key":"SMITH"},{"data":"Battle Trance","floor":32,"key":"SMITH"},{"data":"StuffTheSpire:Incineration","floor":45,"key":"SMITH"},{"data":"Dark Embrace","floor":49,"key":"SMITH"}],"circlet_count":0,"master_deck":["Strike_R+1","Defend_R","Defend_R","Bash","Armaments+1","StuffTheSpire:Incineration+1","StuffTheSpire:Slingshot+1","Ghostly Armor+1","Twin Strike+1","Feel No Pain+1","True Grit+1","Juggernaut+1","Battle Trance+1","StuffTheSpire:Resist+1","Metallicize","Dark Embrace+1","Inflame+1","StuffTheSpire:Incineration+1","Wild Strike+1"],"relics":["Burning Blood","CultistMask","StuffTheSpire:DarkSteelAnvil","Whetstone","Blood Vial","Mark of Pain","Gremlin Horn","Bronze Scales","Letter Opener","Lantern","Eternal Feather","Torii","Self Forming Clay","Sozu","Membership Card","Magic Flower","Bird Faced Urn","Happy Flower","StuffTheSpire:CocoNut","Question Card","Oddly Smooth Stone","StuffTheSpire:Tea","PrismaticShard","Toy Ornithopter"],"acts_visited":["Exordium","TheCity","TheBeyond"],"potions_floor_usage":[16,31,31,35,38],"damage_taken":[{"damage":5,"enemies":"Jaw Worm","floor":1,"turns":5},{"damage":5,"enemies":"2 Louse","floor":5,"turns":2},{"damage":20,"enemies":"Lagavulin","floor":7,"turns":6},{"damage":0,"enemies":"Cultist","floor":10,"turns":3},{"damage":3,"enemies":"Gremlin Gang","floor":11,"turns":4},{"damage":12,"enemies":"Gremlin Nob","floor":13,"turns":4},{"damage":0,"enemies":"Exordium Wildlife","floor":14,"turns":3},{"damage":23,"enemies":"Hexaghost","floor":16,"turns":10},{"damage":0,"enemies":"Chosen","floor":18,"turns":4},{"damage":6,"enemies":"2 Thieves","floor":19,"turns":3},{"damage":5,"enemies":"Snake Plant","floor":21,"turns":4},{"damage":0,"enemies":"Centurion and Healer","floor":22,"turns":5},{"damage":6,"enemies":"Book of Stabbing","floor":24,"turns":4},{"damage":0,"enemies":"Gremlin Leader","floor":28,"turns":3},{"damage":0,"enemies":"Cultist and Chosen","floor":29,"turns":4},{"damage":7,"enemies":"Book of Stabbing","floor":30,"turns":4},{"damage":2,"enemies":"Colosseum Slavers","floor":31,"turns":2},{"damage":0,"enemies":"Colosseum Nobs","floor":31,"turns":3},{"damage":0,"enemies":"Collector","floor":33,"turns":5},{"damage":0,"enemies":"3 Darklings","floor":35,"turns":4},{"damage":8,"enemies":"Orb Walker","floor":37,"turns":3},{"damage":1,"enemies":"2 Orb Walkers","floor":38,"turns":5},{"damage":0,"enemies":"Reptomancer","floor":40,"turns":3},{"damage":0,"enemies":"Sphere and 2 Shapes","floor":41,"turns":4},{"damage":0,"enemies":"Giant Head","floor":42,"turns":6},{"damage":0,"enemies":"Nemesis","floor":44,"turns":5},{"damage":8,"enemies":"Giant Head","floor":46,"turns":5},{"damage":8,"enemies":"Writhing Mass","floor":48,"turns":3},{"damage":16,"enemies":"Time Eater","floor":50,"turns":7}],"seed_played":"7738675660150404027","potions_obtained":[{"floor":1,"key":"PowerPotion"},{"floor":5,"key":"ColorlessPotion"},{"floor":13,"key":"FearPotion"},{"floor":18,"key":"Block Potion"},{"floor":31,"key":"AttackPotion"}],"is_trial":false,"path_per_floor":["M","?","$","?","M","R","E","R","T","M","M","R","E","M","R","B",null,"M","M","$","M","M","R","E","R","T","R","E","M","E","?","R","B",null,"M","$","M","?","?","E","M","E","T","E","R","E","$","M","R","B",null],"character_chosen":"IRONCLAD","items_purchased":["Gremlin Horn","Membership Card","Metallicize","StuffTheSpire:Tea","PrismaticShard","Toy Ornithopter"],"campfire_rested":0,"item_purchase_floors":[20,36,36,47,47,47],"current_hp_per_floor":[57,57,57,57,58,58,44,44,44,50,53,53,47,55,55,40,80,80,80,80,80,80,80,80,80,80,80,80,80,79,80,80,80,80,80,80,78,80,80,80,80,80,87,87,87,87,87,87,87,80],"gold":47,"neow_bonus":"REMOVE_TWO","is_daily":false,"chose_seed":false,"campfire_upgraded":10,"win_rate":0.0,"timestamp":1610496958,"path_taken":["M","?","$","?","?","R","E","R","T","M","M","R","E","M","R","BOSS","M","M","$","?","M","R","E","R","T","R","E","M","E","?","R","BOSS","M","$","M","?","?","E","M","E","T","E","R","E","?","M","R","BOSS"],"items_purchased_type":["Relic","Relic","Card","Relic","Relic","Relic"],"build_version":"2020-12-22","purchased_purges":4,"victory":true,"max_hp_per_floor":[80,80,80,80,80,80,80,80,80,80,80,80,80,80,80,80,80,80,80,80,80,80,80,80,80,80,80,80,80,80,80,80,80,80,80,80,80,80,80,80,80,80,87,87,87,87,87,87,87,87],"card_choices":[{"not_picked":["StuffTheSpire:RagingBull","Searing Blow"],"picked":"Armaments","floor":1},{"not_picked":["Intimidate","Havoc"],"picked":"StuffTheSpire:Slingshot","floor":5},{"not_picked":["StuffTheSpire:RockThrow","Clash"],"picked":"Ghostly Armor","floor":7},{"not_picked":["Perfected Strike","Clash"],"picked":"Twin Strike","floor":10},{"not_picked":["StuffTheSpire:RockThrow","Heavy Blade"],"picked":"Feel No Pain","floor":11},{"not_picked":["Thunderclap","Rage","Cleave"],"picked":"SKIP","floor":13},{"not_picked":["Corruption","Flex"],"picked":"True Grit","floor":14},{"not_picked":["Demon Form","Berserk"],"picked":"Juggernaut","floor":16},{"not_picked":["Shrug It Off","Reckless Charge"],"picked":"Battle Trance","floor":18},{"not_picked":["Clash+1","Thunderclap","Pommel Strike"],"picked":"SKIP","floor":19},{"not_picked":["StuffTheSpire:Slingshot+1","Wild Strike","Seeing Red"],"picked":"SKIP","floor":21},{"not_picked":["Cleave","Iron Wave+1","Bloodletting"],"picked":"SKIP","floor":22},{"not_picked":["Flex+1","Clothesline","Warcry"],"picked":"SKIP","floor":24},{"not_picked":["Rupture+1","Headbutt","Whirlwind"],"picked":"SKIP","floor":28},{"not_picked":["Burning Pact","Pummel+1","StuffTheSpire:RagingBull"],"picked":"SKIP","floor":29},{"not_picked":["Clash","Heavy Blade"],"picked":"Anger","floor":30},{"not_picked":["Reaper","Havoc"],"picked":"StuffTheSpire:Resist+1","floor":31},{"not_picked":["Dual Wield","Blood for Blood","Armaments"],"picked":"SKIP","floor":35},{"not_picked":["Sword Boomerang+1","Heavy Blade+1"],"picked":"Dark Embrace","floor":37},{"not_picked":["Headbutt","Combust","Second Wind+1"],"picked":"SKIP","floor":40},{"not_picked":["Infernal Blade+1","Bloodletting+1","Twin Strike"],"picked":"SKIP","floor":41},{"not_picked":["Anger","Hemokinesis+1"],"picked":"Inflame+1","floor":42},{"not_picked":["Pommel Strike","Combust+1"],"picked":"StuffTheSpire:Incineration","floor":44},{"not_picked":["Headbutt+1","Body Slam+1","Limit Break"],"picked":"Wild Strike+1","floor":46},{"not_picked":["Dodge and Roll","WreathOfFlame","StuffTheSpire:Injection","Recycle+1"],"picked":"SKIP","floor":48}],"player_experience":835240,"relics_obtained":[{"floor":7,"key":"StuffTheSpire:DarkSteelAnvil"},{"floor":9,"key":"Whetstone"},{"floor":13,"key":"Blood Vial"},{"floor":24,"key":"Bronze Scales"},{"floor":26,"key":"Letter Opener"},{"floor":28,"key":"Lantern"},{"floor":30,"key":"Eternal Feather"},{"floor":31,"key":"Torii"},{"floor":31,"key":"Self Forming Clay"},{"floor":38,"key":"Magic Flower"},{"floor":40,"key":"Bird Faced Urn"},{"floor":42,"key":"Happy Flower"},{"floor":43,"key":"StuffTheSpire:CocoNut"},{"floor":44,"key":"Question Card"},{"floor":46,"key":"Oddly Smooth Stone"}],"event_choices":[{"damage_healed":0,"gold_gain":0,"cards_transformed":["Defend_R"],"player_choice":"Change","damage_taken":0,"max_hp_gain":0,"max_hp_loss":0,"event_name":"Living Wall","floor":2,"gold_loss":0,"cards_obtained":["StuffTheSpire:Incineration"]},{"damage_healed":0,"gold_gain":0,"player_choice":"Trade","damage_taken":0,"relics_obtained":["CultistMask"],"max_hp_gain":0,"max_hp_loss":0,"event_name":"FaceTrader","floor":4,"gold_loss":0},{"damage_healed":0,"gold_gain":0,"player_choice":"Fight","damage_taken":0,"max_hp_gain":0,"max_hp_loss":0,"event_name":"Colosseum","floor":31,"gold_loss":0},{"damage_healed":0,"gold_gain":0,"player_choice":"Fought Nobs","damage_taken":0,"max_hp_gain":0,"max_hp_loss":0,"event_name":"Colosseum","floor":31,"gold_loss":0},{"damage_healed":0,"gold_gain":0,"player_choice":"Fight","damage_taken":0,"max_hp_gain":0,"max_hp_loss":0,"event_name":"Mysterious Sphere","floor":38,"gold_loss":0}],"is_beta":false,"boss_relics":[{"not_picked":["Busted Crown","Astrolabe"],"picked":"Mark of Pain"},{"not_picked":["Cursed Key","Coffee Dripper"],"picked":"Sozu"}],"items_purged_floors":[3,20,36,47],"is_endless":false,"potions_floor_spawned":[1,5,13,18,24,29,30,31,37,42,48],"ascension_level":1}}