{"host":"6swbl1yqdi8v28pk","time":1610503570,"event":{"mods":["AchievementEnabler","BaseMod","Colored Map","Minty Spire (QoL Compilation)","Quick Restart"],"gold_per_floor":[113,63,63,82,4,34,34,34,84,99,109,109,0,14,14,109,109,119,134,10,10,28,28,39,55,78,3,3,3,3],"floor_reached":29,"language":"SPA","playtime":1249,"items_purged":["Defend_G"],"score":250,"play_id":"51f0764a-b45e-4dd4-a199-5c79ab325d68","local_time":"20210112200610","is_ascension_mode":false,"campfire_choices":[{"data":"Neutralize","floor":8,"key":"SMITH"},{"data":"Catalyst","floor":12,"key":"SMITH"},{"floor":15,"key":"REST"},{"floor":23,"key":"REST"}],"circlet_count":0,"master_deck":["Strike_G","Strike_G","Strike_G","Defend_G","Defend_G","Defend_G","Survivor","Neutralize+1","Poisoned Stab","Bane","Well Laid Plans","Catalyst+1","Poisoned Stab","Footwork","Escape Plan","Envenom","Dodge and Roll","Cloak And Dagger","Outmaneuver","PiercingWail+1"],"relics":["Ring of the Snake","NeowsBlessing","Regal Pillow","Snake Skull","Empty Cage","PreservedInsect"],"acts_visited":["Exordium","TheCity"],"potions_floor_usage":[16,16,22,24,24],"damage_taken":[{"damage":0,"enemies":"2 Louse","floor":1,"turns":1},{"damage":0,"enemies":"Cultist","floor":4,"turns":1},{"damage":0,"enemies":"Lagavulin","floor":6,"turns":1},{"damage":0,"enemies":"Jaw Worm","floor":10,"turns":4},{"damage":9,"enemies":"3 Louse","floor":11,"turns":6},{"damage":24,"enemies":"Gremlin Gang","floor":14,"turns":7},{"damage":11,"enemies":"The Guardian","floor":16,"turns":11},{"damage":13,"enemies":"Chosen","floor":18,"turns":5},{"damage":18,"enemies":"Spheric Guardian","floor":19,"turns":5},{"damage":34,"enemies":"Cultist and Chosen","floor":22,"turns":7},{"damage":5,"enemies":"Chosen and Byrds","floor":24,"turns":7},{"damage":8,"enemies":"Centurion and Healer","floor":25,"turns":8},{"damage":44,"enemies":"Cultist and Chosen","floor":29,"turns":10}],"seed_played":"6323830547436259157","potions_obtained":[{"floor":1,"key":"SteroidPotion"},{"floor":6,"key":"Weak Potion"},{"floor":11,"key":"CunningPotion"},{"floor":18,"key":"Strength Potion"},{"floor":19,"key":"DuplicationPotion"}],"is_trial":false,"path_per_floor":["M","?","?","M","$","E","$","R","T","M","M","R","$","M","R","B",null,"M","M","$","?","M","R","M","M","T","?","$","M"],"character_chosen":"THE_SILENT","items_purchased":["Well Laid Plans","Footwork","Escape Plan","Cloak And Dagger"],"campfire_rested":2,"item_purchase_floors":[5,13,13,20],"current_hp_per_floor":[70,70,70,70,70,70,70,70,70,70,61,61,61,37,70,59,70,57,39,39,39,5,41,36,28,28,28,28,0,0],"gold":3,"neow_bonus":"THREE_ENEMY_KILL","is_daily":false,"chose_seed":false,"campfire_upgraded":2,"win_rate":0.0,"timestamp":1610503570,"path_taken":["M","?","?","?","$","E","$","R","T","M","M","R","?","M","R","BOSS","M","M","$","?","M","R","M","M","T","?","$","M"],"items_purchased_type":["Card","Card","Card","Card"],"build_version":"2020-12-22","purchased_purges":1,"victory":false,"max_hp_per_floor":[70,70,70,70,70,70,70,70,70,70,70,70,70,70,70,70,70,70,70,70,70,70,70,70,70,70,70,70,70,70],"card_choices":[{"not_picked":["All Out Attack","Infinite Blades"],"picked":"Poisoned Stab","floor":1},{"not_picked":["Outmaneuver","Deflect"],"picked":"Bane","floor":4},{"not_picked":["Bane","Doppelganger"],"picked":"A Thousand Cuts","floor":6},{"not_picked":["Flying Knee","Bouncing Flask"],"picked":"Catalyst","floor":10},{"not_picked":["Setup","Quick Slash"],"picked":"Poisoned Stab","floor":11},{"not_picked":["Well Laid Plans","Heel Hook","Concentrate"],"picked":"SKIP","floor":14},{"not_picked":["Grand Finale","Unload"],"picked":"Envenom","floor":16},{"not_picked":["Dagger Throw+1","Flechettes"],"picked":"Dodge and Roll","floor":18},{"not_picked":["Heel Hook","Well Laid Plans","Concentrate"],"picked":"SKIP","floor":19},{"not_picked":["Escape Plan+1","Sucker Punch"],"picked":"Outmaneuver","floor":22},{"not_picked":["Dagger Spray","Poisoned Stab"],"picked":"PiercingWail+1","floor":24},{"not_picked":["Skewer+1","Outmaneuver+1","Expertise"],"picked":"SKIP","floor":25}],"player_experience":140803,"relics_obtained":[{"floor":6,"key":"Regal Pillow"},{"floor":9,"key":"Snake Skull"},{"floor":26,"key":"PreservedInsect"}],"event_choices":[{"cards_removed":["Strike_G"],"damage_healed":0,"gold_gain":0,"player_choice":"Card Removal","damage_taken":0,"max_hp_gain":0,"max_hp_loss":0,"event_name":"The Cleric","floor":2,"gold_loss":50},{"damage_healed":0,"gold_gain":0,"player_choice":"Leave","damage_taken":0,"max_hp_gain":0,"max_hp_loss":0,"event_name":"FaceTrader","floor":3,"gold_loss":0},{"damage_healed":0,"gold_gain":0,"player_choice":"Ignored","damage_taken":0,"max_hp_gain":0,"max_hp_loss":0,"event_name":"Ghosts","floor":21,"gold_loss":0},{"cards_removed":["A Thousand Cuts"],"damage_healed":0,"gold_gain":0,"player_choice":"Gave Gold","damage_taken":0,"max_hp_gain":0,"max_hp_loss":0,"event_name":"Beggar","floor":27,"gold_loss":75}],"is_beta":false,"boss_relics":[{"not_picked":["Ring of the Serpent","Sozu"],"picked":"Empty Cage"}],"items_purged_floors":[20],"is_endless":false,"potions_floor_spawned":[1,6,11,18,19],"killed_by":"Cultist and Chosen","ascension_level":0}}