{"host":"utcbn1j9ebmpc40m","time":1610562549,"event":{"mods":["BaseMod","Better Match","Minty Spire (QoL Compilation)","Poor People Problems","StSLib","SuperFastMode","The IronCluck"],"gold_per_floor":[110,60,37,50,50,84,101,135,135,155,155,155],"floor_reached":11,"language":"ENG","playtime":219,"items_purged":[],"score":116,"play_id":"bf9ca199-93c6-40fc-a352-cf6bce765979","local_time":"20210113132909","is_ascension_mode":true,"campfire_choices":[],"circlet_count":0,"master_deck":["Strike_R","Strike_R","Strike_R","Strike_R","Defend_R","Defend_R","Defend_R","Bash+1","Carnage","True Grit","Entrench","Body Slam","Spot Weakness","Second Wind","Feed"],"relics":["Burning Blood","Nunchaku","Question Card","Smiling Mask"],"acts_visited":["Exordium"],"potions_floor_usage":[10],"damage_taken":[{"damage":0,"enemies":"Small Slimes","floor":1,"turns":3},{"damage":7,"enemies":"Jaw Worm","floor":4,"turns":4},{"damage":10,"enemies":"Gremlin Nob","floor":6,"turns":3},{"damage":2,"enemies":"2 Louse","floor":7,"turns":3},{"damage":38,"enemies":"3 Sentries","floor":8,"turns":9},{"damage":11,"enemies":"Exordium Thugs","floor":10,"turns":4},{"damage":35,"enemies":"Lagavulin","floor":11,"turns":3}],"seed_played":"720626090512651482","potions_obtained":[{"floor":1,"key":"Ancient Potion"},{"floor":7,"key":"Swift Potion"},{"floor":10,"key":"GamblersBrew"}],"is_trial":false,"path_per_floor":["M","?","$","M","?","E","M","E","T","M","E"],"character_chosen":"IRONCLAD","items_purchased":["True Grit"],"campfire_rested":0,"item_purchase_floors":[3],"current_hp_per_floor":[78,78,78,77,70,66,70,38,38,33,0,0],"gold":155,"neow_bonus":"UPGRADE_CARD","is_daily":false,"chose_seed":false,"campfire_upgraded":0,"win_rate":0.0,"timestamp":1610562549,"path_taken":["M","?","$","M","?","E","M","E","T","M","E"],"items_purchased_type":["Card"],"build_version":"2020-12-22","purchased_purges":0,"victory":false,"max_hp_per_floor":[80,80,80,80,80,80,80,80,80,80,80,80],"card_choices":[{"not_picked":["Sever Soul","Uppercut"],"picked":"Carnage","floor":1},{"not_picked":["Havoc","Perfected Strike"],"picked":"Entrench","floor":4},{"not_picked":["Thunderclap","Flex"],"picked":"Body Slam","floor":6},{"not_picked":["Thunderclap","Body Slam"],"picked":"Spot Weakness","floor":7},{"not_picked":["Twin Strike","Armaments"],"picked":"Second Wind","floor":8},{"not_picked":["Warcry","Armaments","Iron Wave"],"picked":"Feed","floor":10}],"player_experience":468271,"relics_obtained":[{"floor":6,"key":"Nunchaku"},{"floor":8,"key":"Question Card"},{"floor":9,"key":"Smiling Mask"}],"event_choices":[{"cards_removed":["Strike_R"],"damage_healed":0,"gold_gain":0,"player_choice":"Card Removal","damage_taken":0,"max_hp_gain":0,"max_hp_loss":0,"event_name":"The Cleric","floor":2,"gold_loss":50},{"cards_removed":["Defend_R"],"damage_healed":0,"gold_gain":0,"player_choice":"Card Removal","damage_taken":7,"max_hp_gain":0,"max_hp_loss":0,"event_name":"Golden Wing","floor":5,"gold_loss":0}],"is_beta":false,"boss_relics":[],"items_purged_floors":[],"is_endless":false,"potions_floor_spawned":[1,7,10],"killed_by":"Lagavulin","ascension_level":8}}