{"host":"mai03x2ekbjy4059","time":1610499183,"event":{"mods":["2.2 Compatiblity","BaseMod","DeckTracker","Highlight Path","Keyboard Shortcuts","Minty Spire (QoL Compilation)","Permanent Neow","Quick Restart","SuperFastMode","everything is the same but u backflip on backflip"],"gold_per_floor":[119,119,133,152,165,192,192,224,300,325,340,360,59,72,72,72,72],"floor_reached":16,"language":"KOR","playtime":522,"items_purged":[],"score":211,"play_id":"69dbfb0c-c0a3-4a84-95ce-d724afdabe30","local_time":"20210113095303","is_ascension_mode":true,"campfire_choices":[{"floor":7.0,"key":"REST"},{"data":"Eruption","floor":15.0,"key":"SMITH"}],"circlet_count":0,"master_deck":["AscendersBane","Strike_P","Strike_P","Strike_P","Strike_P","Defend_P","Defend_P","Defend_P","Defend_P","Eruption+1","Vigilance","Swift Strike","FlurryOfBlows","FearNoEvil","MentalFortress","InnerPeace"],"relics":["PureWater","Prayer Wheel","Darkstone Periapt","GoldenEye","Ornamental Fan","Vajra","Peace Pipe"],"acts_visited":["Exordium"],"potions_floor_usage":[16],"damage_taken":[{"damage":1.0,"enemies":"Small Slimes","floor":1.0,"turns":3.0},{"damage":2.0,"enemies":"Cultist","floor":3.0,"turns":3.0},{"damage":0.0,"enemies":"2 Louse","floor":4.0,"turns":1.0},{"damage":8.0,"enemies":"Looter","floor":5.0,"turns":4.0},{"damage":22.0,"enemies":"Lagavulin","floor":6.0,"turns":5.0},{"damage":22.0,"enemies":"3 Sentries","floor":8.0,"turns":8.0},{"damage":22.0,"enemies":"Lagavulin","floor":10.0,"turns":7.0},{"damage":0.0,"enemies":"Gremlin Gang","floor":11.0,"turns":4.0},{"damage":0.0,"enemies":"Large Slime","floor":12.0,"turns":3.0},{"damage":1.0,"enemies":"Looter","floor":14.0,"turns":2.0},{"damage":3,"enemies":"Slime Boss","floor":16,"turns":6}],"seed_played":"5264364837019273616","potions_obtained":[{"floor":1.0,"key":"Ambrosia"},{"floor":5.0,"key":"BottledMiracle"},{"floor":10.0,"key":"SpeedPotion"},{"floor":14.0,"key":"SkillPotion"}],"is_trial":false,"path_per_floor":["M","?","M","M","M","E","R","E","T","E","M","M","$","M","R","B"],"character_chosen":"WATCHER","items_purchased":["Peace Pipe"],"campfire_rested":1,"item_purchase_floors":[13],"current_hp_per_floor":[60,60,58,58,50,28,46,24,24,2,2,2,2,1,1,0,0],"gold":72,"neow_bonus":"ONE_RARE_RELIC","is_daily":false,"chose_seed":false,"campfire_upgraded":1,"win_rate":0.0,"timestamp":1610499183,"path_taken":["M","?","?","?","M","E","R","E","T","E","M","M","$","M","R","BOSS"],"items_purchased_type":["Relic"],"build_version":"2020-12-22","purchased_purges":0,"victory":false,"max_hp_per_floor":[62,62,62,62,62,62,62,62,62,62,62,62,62,62,62,62,62],"card_choices":[{"not_picked":["Study","CutThroughFate","CarveReality"],"picked":"SKIP","floor":1.0},{"not_picked":["SignatureMove","Protect","Prostrate"],"picked":"SKIP","floor":1.0},{"not_picked":["DeceiveReality","FlyingSleeves","EmptyBody"],"picked":"SKIP","floor":3.0},{"not_picked":["BattleHymn","WaveOfTheHand","ClearTheMind"],"picked":"SKIP","floor":3.0},{"not_picked":["BattleHymn","FlyingSleeves","JustLucky"],"picked":"SKIP","floor":4.0},{"not_picked":["WheelKick","Fasting2","PathToVictory"],"picked":"SKIP","floor":4.0},{"not_picked":["TalkToTheHand","Prostrate"],"picked":"FlurryOfBlows","floor":5.0},{"not_picked":["ClearTheMind","Collect","Pray"],"picked":"SKIP","floor":5.0},{"not_picked":["WindmillStrike","EmptyFist","Perseverance"],"picked":"SKIP","floor":6.0},{"not_picked":["Halt","EmptyFist"],"picked":"FearNoEvil","floor":8.0},{"not_picked":["SashWhip","Wireheading","BowlingBash"],"picked":"SKIP","floor":10.0},{"not_picked":["Meditate","Ragnarok"],"picked":"MentalFortress","floor":11.0},{"not_picked":["CrushJoints","SandsOfTime","SashWhip"],"picked":"SKIP","floor":11.0},{"not_picked":["Perseverance","Protect"],"picked":"InnerPeace","floor":12.0},{"not_picked":["WreathOfFlame","Prostrate","Evaluate"],"picked":"SKIP","floor":12.0},{"not_picked":["Nirvana","PathToVictory","ClearTheMind"],"picked":"SKIP","floor":14.0},{"not_picked":["EmptyBody","SignatureMove","Protect"],"picked":"SKIP","floor":14.0}],"player_experience":1070411,"relics_obtained":[{"floor":6.0,"key":"Darkstone Periapt"},{"floor":8.0,"key":"GoldenEye"},{"floor":9.0,"key":"Ornamental Fan"},{"floor":10.0,"key":"Vajra"}],"event_choices":[{"damage_healed":0.0,"max_hp_gain":0.0,"max_hp_loss":0.0,"gold_gain":0.0,"event_name":"Match and Keep!","player_choice":"1 cards matched","floor":2.0,"gold_loss":0.0,"damage_taken":0.0,"cards_obtained":["Swift Strike"]}],"is_beta":false,"boss_relics":[],"items_purged_floors":[],"is_endless":false,"potions_floor_spawned":[1,5,10,14],"killed_by":"Slime Boss","ascension_level":14}}