{"host":"l60rmjjsfi0fipmi","time":1610506230,"event":{"mods":["BaseMod","Colored Map","DeckTracker","Hermit","Highlight Path","Jorbs\u0027s Wanderer Trilogy","Minty Spire (QoL Compilation)","StSLib","The Cursed"],"gold_per_floor":[116,131,81,42,55,55,72,72,72,72,72,104,116,130,130,230,230,246,265,265,277,131,131,149,180,203,214,214,174,192,203,203,300,350,364,364,377,308,321,346,372,388,458,458,491,509,526,542,542,542],"floor_reached":51,"language":"ENG","playtime":5024,"items_purged":["TheCursedMod:Strike_TheCursed"],"score":890,"play_id":"73b2b2b3-847d-4d26-ad02-0be117a4a3a8","local_time":"20210112215030","is_ascension_mode":false,"campfire_choices":[{"data":"TheCursedMod:HellsGateOpen","floor":6,"key":"SMITH"},{"data":"TheCursedMod:HellfireBreathing","floor":8,"key":"SMITH"},{"data":"TheCursedMod:CursedWand","floor":10,"key":"SMITH"},{"floor":15,"key":"REST"},{"floor":23,"key":"REST"},{"floor":32,"key":"REST"},{"floor":44,"key":"REST"},{"floor":49,"key":"REST"}],"circlet_count":0,"master_deck":["TheCursedMod:Defend_TheCursed+1","TheCursedMod:Defend_TheCursed","TheCursedMod:CursedWand+1","TheCursedMod:CleanUpWorkshop","TheCursedMod:Dregs","TheCursedMod:CircleOfBlood","TheCursedMod:Stigma+1","TheCursedMod:HellsGateOpen+1","TheCursedMod:TacticalStrike+1","TheCursedMod:HellfireBreathing+1","TheCursedMod:Torture+1","TheCursedMod:EmpowerCircles","TheCursedMod:SmokeScreen+1","TheCursedMod:NeowsMight+1","TheCursedMod:SpitefulPray+1","TheCursedMod:VoidForm+1","TheCursedMod:CircleOfFlame+1","TheCursedMod:Obscuration+1","TheCursedMod:SpitefulStrike","Writhe","TheCursedMod:CursedShiv","TheCursedMod:CircleOfAbyss+1","TheCursedMod:ManaBullet+1","TheCursedMod:Mangle","TheCursedMod:FleshFromBone+1","TheCursedMod:RapidMovement+1","TheCursedMod:CircleOfFocus+1","TheCursedMod:CursedRelics","TheCursedMod:CircleOfWindfury+1","TheCursedMod:AntiAging+1","Parasite","TheCursedMod:BloodBarrier+1","TheCursedMod:CircleOfCorruption+1","TheCursedMod:CollectTribute"],"relics":["TheCursedMod:BlackMagic101","Matryoshka","Toxic Egg 2","Astrolabe","StrikeDummy","WingedGreaves","Shuriken","Smiling Mask","Tiny House","Potion Belt","Pear","Omamori","Eternal Feather","FossilizedHelix"],"acts_visited":["Exordium","TheCity","TheBeyond"],"potions_floor_usage":[30,31,33,47,47,48],"damage_taken":[{"damage":0,"enemies":"Small Slimes","floor":1,"turns":3},{"damage":7,"enemies":"Jaw Worm","floor":2,"turns":5},{"damage":1,"enemies":"Cultist","floor":5,"turns":4},{"damage":11,"enemies":"3 Louse","floor":7,"turns":3},{"damage":32,"enemies":"3 Sentries","floor":12,"turns":6},{"damage":6,"enemies":"2 Fungi Beasts","floor":13,"turns":3},{"damage":1,"enemies":"Large Slime","floor":14,"turns":5},{"damage":31,"enemies":"Hexaghost","floor":16,"turns":9},{"damage":7,"enemies":"3 Byrds","floor":18,"turns":3},{"damage":6,"enemies":"Shell Parasite","floor":19,"turns":4},{"damage":38,"enemies":"Sentry and Sphere","floor":21,"turns":5},{"damage":8,"enemies":"Centurion and Healer","floor":24,"turns":5},{"damage":22,"enemies":"Book of Stabbing","floor":25,"turns":5},{"damage":24,"enemies":"Snake Plant","floor":27,"turns":4},{"damage":15,"enemies":"Shelled Parasite and Fungi","floor":30,"turns":5},{"damage":2,"enemies":"Chosen and Byrds","floor":31,"turns":6},{"damage":22,"enemies":"Champ","floor":33,"turns":9},{"damage":0,"enemies":"Orb Walker","floor":35,"turns":4},{"damage":24,"enemies":"3 Darklings","floor":37,"turns":5},{"damage":4,"enemies":"Writhing Mass","floor":39,"turns":6},{"damage":34,"enemies":"Giant Head","floor":40,"turns":8},{"damage":32,"enemies":"Nemesis","floor":41,"turns":7},{"damage":12,"enemies":"Sphere and 2 Shapes","floor":42,"turns":6},{"damage":58,"enemies":"Reptomancer","floor":45,"turns":7},{"damage":0,"enemies":"Transient","floor":46,"turns":5},{"damage":0,"enemies":"Writhing Mass","floor":47,"turns":6},{"damage":16,"enemies":"4 Shapes","floor":48,"turns":6},{"damage":58,"enemies":"Awakened One","floor":50,"turns":10}],"seed_played":"4152003000891898073","potions_obtained":[{"floor":1,"key":"AttackPotion"},{"floor":7,"key":"Weak Potion"},{"floor":14,"key":"SkillPotion"},{"floor":34,"key":"ColorlessPotion"},{"floor":40,"key":"Weak Potion"},{"floor":41,"key":"SneckoOil"},{"floor":42,"key":"SteroidPotion"},{"floor":45,"key":"SneckoOil"}],"is_trial":false,"path_per_floor":["M","M","?","$","M","R","M","R","T","R","?","E","M","M","R","B",null,"M","M","?","M","$","R","M","E","T","M","?","?","M","M","R","B",null,"M","?","M","$","M","E","E","M","T","R","E","M","M","M","R","B",null],"character_chosen":"THE_CURSED","items_purchased":["TheCursedMod:HellsGateOpen","TheCursedMod:CircleOfAbyss+1","TheCursedMod:AntiAging+1"],"campfire_rested":5,"item_purchase_floors":[4,22,38],"current_hp_per_floor":[82,75,75,75,76,76,71,71,71,71,71,45,41,48,72,43,82,75,69,69,37,37,61,57,37,37,15,15,15,6,6,30,14,87,87,87,67,67,68,39,22,21,21,71,18,27,36,20,73,26],"gold":542,"neow_bonus":"TEN_PERCENT_HP_BONUS","is_daily":false,"chose_seed":false,"campfire_upgraded":3,"win_rate":0.0,"timestamp":1610506230,"path_taken":["M","M","?","$","M","R","M","R","T","R","?","E","?","M","R","BOSS","M","?","?","M","$","R","M","E","T","M","?","?","?","M","R","BOSS","M","?","M","$","M","E","E","M","T","R","E","M","?","M","R","BOSS"],"items_purchased_type":["Card","Card","Card"],"build_version":"2020-12-22","purchased_purges":1,"victory":true,"max_hp_per_floor":[82,82,82,82,82,82,82,82,82,82,82,82,82,82,82,82,82,82,82,82,82,82,82,82,82,82,82,82,82,82,82,82,82,87,87,87,87,87,90,93,106,109,109,109,112,115,118,118,118,121],"card_choices":[{"not_picked":["TheCursedMod:AshesToAshes","TheCursedMod:CursedShiv"],"picked":"TheCursedMod:CircleOfBlood","floor":1},{"not_picked":["TheCursedMod:CursedStaff","TheCursedMod:DoubleShield"],"picked":"TheCursedMod:Stigma","floor":2},{"not_picked":["TheCursedMod:CursedBlade","TheCursedMod:FleshFromBone"],"picked":"TheCursedMod:TacticalStrike","floor":5},{"not_picked":["TheCursedMod:WearCloak","TheCursedMod:VitalStrike"],"picked":"TheCursedMod:HellfireBreathing","floor":7},{"not_picked":["TheCursedMod:TacticalStrike","TheCursedMod:HellfireBreathing"],"picked":"TheCursedMod:Torture+1","floor":12},{"not_picked":["TheCursedMod:SpreadPlague+1","TheCursedMod:CursedAmulet+1"],"picked":"TheCursedMod:EmpowerCircles","floor":13},{"not_picked":["TheCursedMod:CursedShiv","TheCursedMod:CursedAmulet+1"],"picked":"TheCursedMod:SmokeScreen+1","floor":14},{"not_picked":["TheCursedMod:DemonicPact","TheCursedMod:CursedRelics"],"picked":"TheCursedMod:NeowsMight+1","floor":16},{"not_picked":["TheCursedMod:Stigma","TheCursedMod:Evocation+1"],"picked":"TheCursedMod:Obscuration+1","floor":18},{"not_picked":["TheCursedMod:Stretching+1","TheCursedMod:Stigma+1"],"picked":"TheCursedMod:SpitefulStrike","floor":19},{"not_picked":["TheCursedMod:CircleOfFlame+1","TheCursedMod:AshesToAshes+1"],"picked":"TheCursedMod:CursedShiv","floor":21},{"not_picked":["TheCursedMod:Wield","TheCursedMod:SoulCrush+1"],"picked":"TheCursedMod:ManaBullet","floor":24},{"not_picked":["TheCursedMod:CursedAmulet+1","TheCursedMod:CursedArmor+1"],"picked":"TheCursedMod:Mangle","floor":25},{"not_picked":["TheCursedMod:CursedArmor+1","TheCursedMod:Stretching+1"],"picked":"TheCursedMod:FleshFromBone+1","floor":27},{"not_picked":["TheCursedMod:Torture+1","TheCursedMod:CursedBlade"],"picked":"TheCursedMod:RapidMovement+1","floor":30},{"not_picked":["TheCursedMod:FuryStrike","TheCursedMod:ShockAndAwe"],"picked":"TheCursedMod:CircleOfFocus+1","floor":31},{"not_picked":["TheCursedMod:ShockAndAwe","TheCursedMod:ManaCirculation"],"picked":"TheCursedMod:CursedRelics","floor":33},{"not_picked":["TheCursedMod:CircleOfAmplification+1","TheCursedMod:CursedAmulet+1"],"picked":"TheCursedMod:CircleOfWindfury+1","floor":34},{"not_picked":["TheCursedMod:FuryStrike","TheCursedMod:SpitefulStrike","TheCursedMod:CursedShiv+1"],"picked":"SKIP","floor":35},{"not_picked":["TheCursedMod:SmokeScreen+1","TheCursedMod:TacticalStrike+1","TheCursedMod:CircleOfAmplification+1"],"picked":"SKIP","floor":37},{"not_picked":["TheCursedMod:Torture+1","TheCursedMod:CursedShiv+1","TheCursedMod:CircleOfFlame+1"],"picked":"SKIP","floor":39},{"not_picked":["TheCursedMod:CursedShiv+1","TheCursedMod:CursedAmulet+1"],"picked":"TheCursedMod:BloodBarrier+1","floor":40},{"not_picked":["TheCursedMod:VitalStrike","TheCursedMod:SpitefulStrike+1","TheCursedMod:SmokeScreen+1"],"picked":"SKIP","floor":41},{"not_picked":["TheCursedMod:Obscuration+1","TheCursedMod:CursedShiv+1"],"picked":"TheCursedMod:CircleOfCorruption+1","floor":42},{"not_picked":["TheCursedMod:CircleOfBlood+1","TheCursedMod:CircleOfFlame+1","TheCursedMod:Obscuration+1"],"picked":"SKIP","floor":45},{"not_picked":["TheCursedMod:SmokeScreen+1","TheCursedMod:Stigma+1","TheCursedMod:Torture+1"],"picked":"SKIP","floor":46},{"not_picked":["TheCursedMod:ReleasedStrength+1","TheCursedMod:HellfireBreathing"],"picked":"TheCursedMod:CollectTribute","floor":47},{"not_picked":["TheCursedMod:CursedArmor+1","TheCursedMod:SurpriseAttack","TheCursedMod:Stretching+1"],"picked":"SKIP","floor":48}],"player_experience":364803,"relics_obtained":[{"floor":9,"key":"Matryoshka"},{"floor":12,"key":"Toxic Egg 2"},{"floor":25,"key":"WingedGreaves"},{"floor":26,"key":"Shuriken"},{"floor":26,"key":"Smiling Mask"},{"floor":40,"key":"Potion Belt"},{"floor":41,"key":"Pear"},{"floor":43,"key":"Omamori"},{"floor":43,"key":"Eternal Feather"},{"floor":45,"key":"FossilizedHelix"}],"event_choices":[{"cards_removed":["TheCursedMod:Strike_TheCursed"],"damage_healed":0,"gold_gain":0,"player_choice":"Card Removal","damage_taken":0,"max_hp_gain":0,"max_hp_loss":0,"event_name":"The Cleric","floor":3,"gold_loss":50},{"damage_healed":0,"gold_gain":0,"player_choice":"Grow","damage_taken":0,"max_hp_gain":0,"max_hp_loss":0,"event_name":"Living Wall","floor":11,"gold_loss":0,"cards_upgraded":["TheCursedMod:TacticalStrike"]},{"damage_healed":0,"gold_gain":0,"player_choice":"Opened","damage_taken":0,"relics_obtained":["StrikeDummy"],"max_hp_gain":0,"max_hp_loss":0,"event_name":"The Mausoleum","floor":20,"gold_loss":0,"cards_obtained":["Writhe"]},{"cards_removed":["TheCursedMod:Defend_TheCursed"],"damage_healed":0,"gold_gain":0,"player_choice":"Elegance","damage_taken":0,"max_hp_gain":0,"max_hp_loss":0,"event_name":"Back to Basics","floor":28,"gold_loss":0},{"damage_healed":0,"gold_gain":0,"player_choice":"Upgraded Two","damage_taken":0,"max_hp_gain":0,"max_hp_loss":0,"event_name":"Designer","floor":29,"gold_loss":40,"cards_upgraded":["TheCursedMod:Stigma","TheCursedMod:Defend_TheCursed"]},{"damage_healed":0,"gold_gain":0,"player_choice":"Ignored","damage_taken":0,"max_hp_gain":0,"max_hp_loss":0,"event_name":"NoteForYourself","floor":36,"gold_loss":0}],"is_beta":false,"boss_relics":[{"not_picked":["Runic Pyramid","SacredBark"],"picked":"Astrolabe"},{"not_picked":["Philosopher\u0027s Stone","Busted Crown"],"picked":"Tiny House"}],"items_purged_floors":[22],"is_endless":false,"potions_floor_spawned":[1,7,14,19,21,25,40,41,42,45],"ascension_level":0}}