{"host":"ueef25wtkg2eer3h","time":1610578366,"event":{"mods":["AchievementEnabler","BaseMod","Colored Map","Colored Powertips","DeckTracker","Displayed Cursed Tome","Googly Eyes","Highlight Path","Minty Spire (QoL Compilation)","Slay the Relics Exporter","StSLib"],"gold_per_floor":[117,132,150,150,3,29,29,54,54,54,19,30,30,358,358,358,358],"floor_reached":16,"language":"ENG","playtime":676,"items_purged":["Regret"],"score":189,"play_id":"6fcbf17d-b77a-40ad-9860-25a2b92efa0c","local_time":"20210113235246","is_ascension_mode":true,"campfire_choices":[{"floor":7,"key":"REST"},{"floor":10,"key":"REST"},{"data":"Gash","floor":13,"key":"SMITH"},{"floor":15,"key":"REST"}],"circlet_count":0,"master_deck":["AscendersBane","Strike_B","Strike_B","Strike_B","Strike_B","Defend_B+1","Defend_B","Defend_B+1","Defend_B","Zap","Dualcast","Reprogram","Undo","White Noise","Gash+1","Turbo","Doom and Gloom","Go for the Eyes","Capacitor","Core Surge"],"relics":["Cracked Core","NeowsBlessing","InkBottle","War Paint","Darkstone Periapt","Bottled Flame","Old Coin"],"acts_visited":["Exordium"],"potions_floor_usage":[6,6],"damage_taken":[{"damage":0,"enemies":"Cultist","floor":1,"turns":1},{"damage":0,"enemies":"2 Louse","floor":2,"turns":1},{"damage":0,"enemies":"Jaw Worm","floor":3,"turns":1},{"damage":47,"enemies":"3 Sentries","floor":6,"turns":11},{"damage":32,"enemies":"Gremlin Nob","floor":8,"turns":5},{"damage":6,"enemies":"Looter","floor":12,"turns":3},{"damage":32,"enemies":"Lagavulin","floor":14,"turns":8},{"damage":46,"enemies":"Slime Boss","floor":16,"turns":5}],"seed_played":"-66517740351323568","potions_obtained":[{"floor":2,"key":"AttackPotion"},{"floor":3,"key":"EssenceOfSteel"},{"floor":8,"key":"FearPotion"}],"is_trial":false,"path_per_floor":["M","M","M","?","$","E","R","E","T","R","?","M","R","E","R","B"],"character_chosen":"DEFECT","items_purchased":["Gash","Turbo"],"campfire_rested":3,"item_purchase_floors":[5,5],"current_hp_per_floor":[68,68,68,68,68,21,43,11,11,33,51,45,45,13,35,0,0],"gold":358,"neow_bonus":"THREE_ENEMY_KILL","is_daily":false,"chose_seed":false,"campfire_upgraded":1,"win_rate":0.0,"timestamp":1610578366,"path_taken":["M","?","M","?","$","E","R","E","T","R","?","M","R","E","R","BOSS"],"items_purchased_type":["Card","Card"],"build_version":"2020-12-22","purchased_purges":1,"victory":false,"max_hp_per_floor":[75,75,75,75,75,75,75,75,75,75,75,75,75,75,75,75,75],"card_choices":[{"not_picked":["Stack","Consume"],"picked":"Reprogram","floor":1},{"not_picked":["Skim","Darkness"],"picked":"Undo","floor":2},{"not_picked":["Redo","Ball Lightning"],"picked":"White Noise","floor":3},{"not_picked":["Turbo","Coolheaded"],"picked":"Doom and Gloom","floor":6},{"not_picked":["Streamline","Leap"],"picked":"Go for the Eyes","floor":8},{"not_picked":["Cold Snap","Steam"],"picked":"Capacitor","floor":12},{"not_picked":["Cold Snap","Coolheaded"],"picked":"Core Surge","floor":14}],"player_experience":279272,"relics_obtained":[{"floor":6,"key":"War Paint"},{"floor":8,"key":"Darkstone Periapt"},{"floor":9,"key":"Bottled Flame"},{"floor":14,"key":"Old Coin"}],"event_choices":[{"damage_healed":0,"gold_gain":0,"player_choice":"Box","damage_taken":0,"relics_obtained":["InkBottle"],"max_hp_gain":0,"max_hp_loss":0,"event_name":"Big Fish","floor":4,"gold_loss":0,"cards_obtained":["Regret"]},{"damage_healed":18,"gold_gain":0,"player_choice":"Healed","damage_taken":0,"max_hp_gain":0,"max_hp_loss":0,"event_name":"The Cleric","floor":11,"gold_loss":35}],"is_beta":false,"boss_relics":[],"items_purged_floors":[5],"is_endless":false,"potions_floor_spawned":[2,3,8],"killed_by":"Slime Boss","ascension_level":12}}