{"host":"2xjkbrmvrd7iq7pu","time":1610518624,"event":{"mods":["AchievementEnabler","Act Like it!","Arknights The Spire","BaseMod","Downfall","Gensokyo","Gremlin Mod","GungeonMod","KinomotoSakuraMod(ƒæ÷Æ±æ”£)","Lobotomy","Minty Spire (QoL Compilation)","Reimu£®≤©¿ˆ¡È√Œ£©","Replay The Spire","StSLib","The Alterego","The Bug Knight","The Cursed","Yakumo Yukari mod"],"gold_per_floor":[119,44,62,74,89,118,118,38,63,63,63,63,63,83,83,187,187,204,204,204,204,37,37,37],"floor_reached":23,"language":"ZHS","playtime":1003,"items_purged":["ats:Strike V"],"score":196,"play_id":"629c37bc-784b-4330-9238-7bbd5ab5459e","local_time":"20210113141704","is_ascension_mode":true,"campfire_choices":[{"floor":7.0,"key":"REST"},{"data":"ats:Neurotoxin","floor":10.0,"key":"SMITH"},{"data":"ats:Neurotoxin","floor":12.0,"key":"SMITH"},{"data":"ats:Thorns","floor":15.0,"key":"SMITH"}],"circlet_count":0,"master_deck":["ats:Strike C","ats:Strike G","ats:Strike S","ats:Armor Crushing Shot","ats:Defend","ats:Defend","ats:Defend","ats:Defend","ats:Emotion Absorption","ats:Rat Pack","ats:Flexible Camouflage","ats:Apocalypse","ats:Thorns+1","ats:Neurotoxin+1","ats:Neurotoxin+1","ats:Demon Strength","ats:Directed Diagnosis","ats:Calcification","ats:Healing Drone+1","Apotheosis"],"relics":["ats:Sanity","ats:Originium","Mirror","RuthlessExorcism:ReiMu","Busted Crown","alterego_mod:FleetingLove"],"acts_visited":["Exordium","TheCity"],"potions_floor_usage":[],"damage_taken":[{"damage":10.0,"enemies":"Cultist","floor":1.0,"turns":6.0},{"damage":0.0,"enemies":"Jaw Worm","floor":3.0,"turns":4.0},{"damage":3.0,"enemies":"Small Slimes","floor":4.0,"turns":7.0},{"damage":21.0,"enemies":"Looter","floor":5.0,"turns":5.0},{"damage":49.0,"enemies":"Gremlin Nob","floor":6.0,"turns":6.0},{"damage":0.0,"enemies":"Exordium Wildlife","floor":14.0,"turns":3.0},{"damage":33,"enemies":"Hexaghost","floor":16,"turns":9},{"damage":19,"enemies":"2 Thieves","floor":18,"turns":4},{"damage":81,"enemies":"Gremlin Leader","floor":23,"turns":9}],"seed_played":"-6954087631034447728","potions_obtained":[{"floor":1.0,"key":"Dexterity Potion"},{"floor":3.0,"key":"AttackPotion"},{"floor":6.0,"key":"Energy Potion"},{"floor":14.0,"key":"Elixir"}],"is_trial":false,"path_per_floor":["M","$","M","M","M","E","R","$","T","R","$","R","?","M","R","B",null,"M","?","?","?","$","E"],"character_chosen":"DOCTOR_CLASS","items_purchased":["ats:Demon Strength","Apotheosis"],"campfire_rested":1,"item_purchase_floors":[8,22],"current_hp_per_floor":[62,62,62,71,55,10,31,31,31,31,31,31,31,31,31,6,72,58,45,45,45,45,0,0],"gold":37,"neow_bonus":"ONE_RANDOM_RARE_CARD","is_daily":false,"chose_seed":false,"campfire_upgraded":3,"win_rate":0.0,"timestamp":1610518624,"path_taken":["M","?","?","M","M","E","R","$","T","R","$","R","?","M","R","BOSS","M","?","?","?","?","E"],"items_purchased_type":["Card","Card"],"build_version":"2020-12-22","purchased_purges":1,"victory":false,"max_hp_per_floor":[72,72,72,72,72,72,72,72,72,72,72,72,72,72,72,72,72,72,77,77,77,77,77,77],"card_choices":[{"not_picked":["ats:Rapid Magazine","ats:Shell Defense"],"picked":"ats:Flexible Camouflage","floor":1.0},{"not_picked":["ats:Ignite","ats:Magnetic Hammer"],"picked":"ats:Apocalypse","floor":3.0},{"not_picked":["ats:Guardian Obelisk","ats:Cat Scratch"],"picked":"ats:Thorns","floor":4.0},{"not_picked":["ats:Powerful Strike","ats:Hammer On"],"picked":"ats:Neurotoxin","floor":5.0},{"not_picked":["ats:Cat Scratch","ats:Soul Absorption"],"picked":"ats:Neurotoxin","floor":6.0},{"not_picked":["ats:Flexible Camouflage","ats:Red Shift"],"picked":"ats:Directed Diagnosis","floor":14.0},{"not_picked":["ats:Echo Reverb","ats:Ambush"],"picked":"ats:Calcification","floor":16},{"not_picked":[],"picked":"ats:Healing Drone+1","floor":18}],"player_experience":689031,"relics_obtained":[{"floor":6.0,"key":"ats:Originium"},{"floor":6.0,"key":"Mirror"},{"floor":9.0,"key":"RuthlessExorcism:ReiMu"}],"event_choices":[{"damage_healed":0,"gold_gain":0,"player_choice":"Shed Blood","damage_taken":18,"max_hp_gain":5,"max_hp_loss":0,"event_name":"Forgotten Altar","floor":19,"gold_loss":0},{"damage_healed":0,"gold_gain":0,"player_choice":"Ignored","damage_taken":0,"max_hp_gain":0,"max_hp_loss":0,"event_name":"Vampires","floor":20,"gold_loss":0},{"damage_healed":0,"gold_gain":0,"player_choice":"Choice 1","damage_taken":0,"relics_obtained":["alterego_mod:FleetingLove"],"max_hp_gain":0,"max_hp_loss":0,"event_name":"∞Æµƒ…Ò •ª®‘∞","floor":21,"gold_loss":0}],"is_beta":false,"boss_relics":[{"not_picked":["Replay:Wanted Poster","ats:Omniscience"],"picked":"Busted Crown"}],"items_purged_floors":[2],"is_endless":false,"potions_floor_spawned":[1,3,6,14],"killed_by":"Gremlin Leader","ascension_level":1}}