{"host":"2yhbarjh4s9lrrzt","time":1610528429,"event":{"mods":["BaseMod","Better Third Choice","Minty Spire (QoL Compilation)","Replay The Spire","StSLib"],"gold_per_floor":[112,17,33,43,0,0,17,17,44,119,129,147,167,178,178,279,279,298,498,479,489,22,22,22,22,67,21,21,21,21,50,50,50,50],"floor_reached":33,"language":"ENG","playtime":3143,"items_purged":[],"score":277,"play_id":"fb6d0573-ff31-4209-b378-948315a3592e","local_time":"20210113040029","is_ascension_mode":false,"campfire_choices":[{"floor":6,"key":"RECALL"},{"data":"Eruption","floor":8,"key":"SMITH"},{"floor":15,"key":"REST"},{"floor":24,"key":"REST"},{"floor":30,"key":"REST"}],"circlet_count":0,"master_deck":["Strike_P","Strike_P","Strike_P","Defend_P","Defend_P","Defend_P","Defend_P","Eruption+1","Vigilance","Meditate","Sanctity+1","Consecrate","TalkToTheHand","EmptyBody","Enlightenment+1","Brilliance","Replay:Battleflow","ReachHeaven","Perseverance","Replay:ManipulateFuture","DevaForm","CutThroughFate+1","LikeWater+1","Indignation","Nirvana","Replay:Cycle","The Bomb","PathToVictory","Jack Of All Trades","JustLucky","Halt","ClearTheMind+1"],"relics":["HolyWater","NeowsBlessing","Orichalcum","MutagenicStrength","Blood Vial"],"acts_visited":["Exordium","TheCity"],"potions_floor_usage":[16,18,23,31],"damage_taken":[{"damage":0,"enemies":"Cultist","floor":1,"turns":1},{"damage":0,"enemies":"Jaw Worm","floor":3,"turns":1},{"damage":0,"enemies":"Small Slimes","floor":4,"turns":1},{"damage":0,"enemies":"Looter","floor":7,"turns":4},{"damage":19,"enemies":"Gremlin Gang","floor":11,"turns":7},{"damage":6,"enemies":"3 Louse","floor":12,"turns":4},{"damage":4,"enemies":"2 Fungi Beasts","floor":13,"turns":4},{"damage":6,"enemies":"Large Slime","floor":14,"turns":6},{"damage":58,"enemies":"Fading Forest","floor":16,"turns":11},{"damage":16,"enemies":"Spheric Guardian","floor":18,"turns":5},{"damage":15,"enemies":"2 Thieves","floor":20,"turns":4},{"damage":13,"enemies":"Snecko","floor":21,"turns":8},{"damage":0,"enemies":"Book of Stabbing","floor":23,"turns":1},{"damage":45,"enemies":"Gremlin Leader","floor":31,"turns":9},{"damage":59,"enemies":"Automaton","floor":33,"turns":6}],"seed_played":"-7344173296207039966","potions_obtained":[{"floor":3,"key":"SmokeBomb"},{"floor":11,"key":"Weak Potion"},{"floor":16,"key":"SkillPotion"},{"floor":18,"key":"Swift Potion"}],"is_trial":false,"path_per_floor":["M","$","M","M","?","R","M","R","T","?","M","M","M","M","R","B",null,"M","?","M","M","$","E","R","?","T","$","?","$","R","E","R","B"],"character_chosen":"WATCHER","items_purchased":["Sanctity+1","Consecrate","Nirvana","Replay:Cycle","The Bomb","PathToVictory","Jack Of All Trades","JustLucky","Halt"],"campfire_rested":3,"item_purchase_floors":[2,2,22,22,22,22,22,22,27],"current_hp_per_floor":[72,72,72,72,78,78,78,78,78,71,52,46,42,36,59,11,78,62,62,47,34,34,34,57,57,57,57,57,57,78,33,56,0,0],"gold":50,"neow_bonus":"THREE_ENEMY_KILL","is_daily":false,"chose_seed":false,"campfire_upgraded":1,"win_rate":0.0,"timestamp":1610528429,"path_taken":["M","$","M","M","?","R","M","R","T","?","M","M","M","M","R","BOSS","M","?","M","?","$","E","R","?","T","?","?","$","R","E","R","BOSS"],"items_purchased_type":["Card","Card","Card","Card","Card","Card","Card","Card","Card"],"build_version":"2020-12-22","purchased_purges":0,"victory":false,"max_hp_per_floor":[72,72,72,72,78,78,78,78,78,78,78,78,78,78,78,78,78,78,78,78,78,78,78,78,78,78,78,78,78,78,78,78,78,78],"card_choices":[{"not_picked":["FollowUp","SandsOfTime"],"picked":"Meditate","floor":1},{"not_picked":["CrushJoints","Replay:AtTheReady"],"picked":"TalkToTheHand","floor":3},{"not_picked":["JustLucky","CrushJoints"],"picked":"EmptyBody","floor":4},{"not_picked":["EmptyFist","Replay:Cycle"],"picked":"Brilliance","floor":7},{"not_picked":["Prostrate","CrushJoints"],"picked":"Replay:Battleflow","floor":11},{"not_picked":["Evaluate","JustLucky"],"picked":"ReachHeaven","floor":12},{"not_picked":["Adaptation","Replay:ManipulateFuture"],"picked":"Perseverance","floor":13},{"not_picked":["Evaluate","Replay:AllIn"],"picked":"Replay:ManipulateFuture","floor":14},{"not_picked":["Omniscience","DeusExMachina"],"picked":"DevaForm","floor":16},{"not_picked":["Meditate+1","JustLucky+1"],"picked":"CutThroughFate+1","floor":18},{"not_picked":["Wallop+1","Nirvana+1"],"picked":"LikeWater+1","floor":20},{"not_picked":["Prostrate","Halt"],"picked":"Indignation","floor":21},{"not_picked":["Replay:AtTheReady","EmptyFist"],"picked":"ClearTheMind+1","floor":31}],"player_experience":183432,"relics_obtained":[{"floor":26,"key":"Orichalcum"},{"floor":31,"key":"Blood Vial"}],"event_choices":[{"damage_healed":0,"gold_gain":0,"player_choice":"RENOUNCE","damage_taken":43,"max_hp_gain":0,"max_hp_loss":0,"event_name":"betterThird:BetterSerpent","floor":5,"gold_loss":43,"cards_obtained":["Enlightenment"]},{"damage_healed":0,"gold_gain":75,"player_choice":"Touch","damage_taken":7,"max_hp_gain":0,"max_hp_loss":0,"event_name":"FaceTrader","floor":10,"gold_loss":0},{"damage_healed":0,"gold_gain":250,"player_choice":"Bet on Owner","damage_taken":0,"max_hp_gain":0,"max_hp_loss":0,"event_name":"The Joust","floor":19,"gold_loss":50},{"cards_removed":["Strike_P"],"damage_healed":0,"gold_gain":0,"player_choice":"Offered Basic","damage_taken":0,"max_hp_gain":0,"max_hp_loss":0,"event_name":"Bonfire Elementals","floor":25,"gold_loss":0},{"damage_healed":0,"gold_gain":0,"player_choice":"Inject Mutagens","damage_taken":0,"relics_obtained":["MutagenicStrength"],"max_hp_gain":0,"max_hp_loss":0,"event_name":"Drug Dealer","floor":28,"gold_loss":0}],"is_beta":false,"boss_relics":[{"not_picked":["Honey Jar","Replay:Ancient Bell"],"picked":"HolyWater"}],"items_purged_floors":[],"is_endless":false,"potions_floor_spawned":[3,11,16,18],"killed_by":"Automaton","ascension_level":0}}