{"host":"58syw52hqfl22t9m","time":1610516583,"event":{"mods":["2.2 Compatiblity","AchievementEnabler","BaseMod","Better Altar","Better Match","Better Note","Better Sensory Stone","Better Skull","Better Third Choice","BetterRewards","Block Reminder","Colored Map","Colored Powertips","Dark Map","GifTheSpireLib","Highlight Path","Hubris","Infinite Spire","Minty Spire (QoL Compilation)","Permanent Neow","Poor People Problems","Random Character Button","Rare Cards Sparkle","Relic Stats","Replay The Spire","Shop Mod","Spicy Shops","StSLib","The Blue Laboratory"],"gold_per_floor":[116,66,77,77,96,96,116,136,136,36,56,56,56,67,67,164,164,183,193,193,204,58,58,87,87,87,87,102,117,117,217,217,322,322,337,92,104,104,104],"floor_reached":38,"language":"ENG","playtime":2714,"items_purged":["Strike_P","Strike_P","Strike_P","Omniscience"],"score":446,"play_id":"8f861515-5fd5-49cd-a458-dd6a7f93444d","local_time":"20210112214303","is_ascension_mode":true,"campfire_choices":[{"data":"Vigilance","floor":6,"key":"SMITH"},{"data":"Consecrate","floor":13,"key":"SMITH"},{"data":"ClearTheMind","floor":15,"key":"SMITH"},{"data":"Protect","floor":23,"key":"SMITH"},{"floor":25,"key":"REST"},{"floor":27,"key":"REST"},{"floor":32,"key":"REST"}],"circlet_count":0,"master_deck":["Defend_P","Defend_P","Defend_P","Eruption+1","Vigilance+1","FlyingSleeves","Halt","CrushJoints","WindmillStrike","Sanctity","WaveOfTheHand","EmptyFist","Consecrate+1","ClearTheMind+1","FlyingSleeves+1","SashWhip","Protect+1","Consecrate","EmptyBody","Judgement","ReachHeaven+1","MentalFortress","ReachHeaven","Consecrate+1","Parasite"],"relics":["PureWater","Mercury Hourglass","hubris:OldNail","Juzu Bracelet","hubris:BundleOfHerbs"],"acts_visited":["Exordium","TheCity","TheBeyond"],"potions_floor_usage":[16,16,19,21,28,29],"damage_taken":[{"damage":0,"enemies":"2 Louse","floor":1,"turns":3},{"damage":0,"enemies":"Small Slimes","floor":3,"turns":2},{"damage":0,"enemies":"Cultist","floor":5,"turns":2},{"damage":0,"enemies":"Red Slaver","floor":7,"turns":3},{"damage":0,"enemies":"3 Louse","floor":8,"turns":2},{"damage":0,"enemies":"Gremlin Gang","floor":11,"turns":2},{"damage":0,"enemies":"Blue Slaver","floor":14,"turns":2},{"damage":42,"enemies":"Hexaghost","floor":16,"turns":8},{"damage":4,"enemies":"3 Byrds","floor":18,"turns":5},{"damage":6,"enemies":"Spheric Guardian","floor":19,"turns":3},{"damage":3,"enemies":"Snecko","floor":21,"turns":4},{"damage":48,"enemies":"Gremlin Leader","floor":24,"turns":7},{"damage":15,"enemies":"Snake Plant","floor":28,"turns":3},{"damage":13,"enemies":"Shelled Parasite and Fungi","floor":29,"turns":3},{"damage":106,"enemies":"Automaton","floor":33,"turns":14},{"damage":4,"enemies":"3 Shapes","floor":35,"turns":6},{"damage":12,"enemies":"3 Darklings","floor":37,"turns":5},{"damage":56,"enemies":"Writhing Mass","floor":38,"turns":4}],"seed_played":"-4244152203850144006","potions_obtained":[{"floor":1,"key":"Fire Potion"},{"floor":11,"key":"Adrenaline Potion"},{"floor":16,"key":"blueLaboratory:CorrosionFlask"},{"floor":19,"key":"Swift Potion"},{"floor":24,"key":"StancePotion"},{"floor":28,"key":"Explosive Potion"},{"floor":35,"key":"GamblersBrew"}],"is_trial":false,"path_per_floor":["M","?","M","?","M","R","M","M","T","$","M","$","R","M","R","B",null,"M","M","AVR","M","$","R","E","R","T","R","M","M","?","?","R","B",null,"M","$","M","M"],"character_chosen":"WATCHER","items_purchased":["Mercury Hourglass","FlyingSleeves","hubris:OldNail","Halt","Juzu Bracelet","MentalFortress","ReachHeaven"],"campfire_rested":3,"item_purchase_floors":[0,0,0,0,22,36,36],"current_hp_per_floor":[72,72,72,72,72,72,72,72,72,72,72,72,72,72,72,30,72,68,62,62,59,59,59,11,32,32,53,38,25,25,25,46,17,72,68,68,56,0,0],"gold":104,"neow_bonus":"","is_daily":false,"chose_seed":false,"campfire_upgraded":4,"win_rate":0.0,"timestamp":1610516583,"path_taken":["M","?","M","?","M","R","M","?","T","$","M","?","R","M","R","BOSS","M","?","AVR","M","$","R","E","R","T","R","M","M","?","?","R","BOSS","M","$","M","M"],"items_purchased_type":["Relic","Card","Relic","Card","Relic","Card","Card"],"build_version":"2020-12-22","purchased_purges":4,"victory":false,"max_hp_per_floor":[72,72,72,72,72,72,72,72,72,72,72,72,72,72,72,72,72,72,72,72,72,72,72,72,72,72,72,72,72,72,72,72,72,72,72,72,72,72,72],"relic_stats":{"counters":[118,456],"Juzu Bracelet":0,"obtain_stats":[{"Lantern":14,"Regal Pillow":9,"CeramicFish":32,"Vajra":14,"Juzu Bracelet":21,"hubris:SlimyHat":38,"Ancient Tea Set":0,"Smiling Mask":6,"Sling":8,"Sozu":17,"Nunchaku":0,"Strawberry":0,"hubris:ScarierMask":17,"Tiny Chest":9,"Prayer Wheel":6,"Iron Hammer":0,"Kunai":21,"Toxic Egg 2":0,"Replay:Bottled Eggs":26,"hubris:GlazedTorus":0,"Gremlin Food":0,"MerchantsRug":38,"Happy Flower":9,"Golden Idol":12,"Guide Book":0,"Oddly Smooth Stone":0,"PreservedInsect":7,"hubris:MedicalManual":12,"Replay:WaspNest":5,"hubris:Towel":3,"Frozen Egg 2":38,"Question Card":0,"MawBank":12,"Replay:Arrowhead":28,"Mercury Hourglass":0,"Peace Pipe":7,"OrangePellets":38,"SlaversCollar":17,"Molten Egg 2":0,"hubris:BundleOfHerbs":24,"Nloth\u0027s Gift":20,"Garlic":26,"Art of War":6,"Membership Card":0,"PureWater":0,"ReplayTheSpireMod:Lightbulb":9,"hubris:OldNail":11,"hubris:BottledRain":26},{"Lantern":43,"Regal Pillow":94,"CeramicFish":63,"Vajra":26,"Juzu Bracelet":46,"hubris:SlimyHat":83,"Ancient Tea Set":34,"Smiling Mask":39,"Sling":70,"Sozu":44,"Nunchaku":84,"Strawberry":89,"hubris:ScarierMask":74,"Tiny Chest":5,"Prayer Wheel":55,"Iron Hammer":34,"Kunai":76,"Toxic Egg 2":9,"Replay:Bottled Eggs":47,"hubris:GlazedTorus":50,"Gremlin Food":89,"MerchantsRug":83,"Happy Flower":12,"Golden Idol":6,"Guide Book":34,"Oddly Smooth Stone":50,"PreservedInsect":5,"hubris:MedicalManual":43,"Replay:WaspNest":86,"hubris:Towel":22,"Frozen Egg 2":83,"Question Card":20,"MawBank":72,"Replay:Arrowhead":61,"Mercury Hourglass":9,"Peace Pipe":93,"OrangePellets":83,"SlaversCollar":98,"Molten Egg 2":34,"hubris:BundleOfHerbs":112,"Nloth\u0027s Gift":76,"Garlic":77,"Art of War":87,"Membership Card":9,"PureWater":0,"ReplayTheSpireMod:Lightbulb":70,"hubris:OldNail":25,"hubris:BottledRain":31},{"Lantern":152,"Regal Pillow":358,"CeramicFish":242,"Vajra":89,"Juzu Bracelet":169,"hubris:SlimyHat":323,"Ancient Tea Set":124,"Smiling Mask":140,"Sling":265,"Sozu":163,"Nunchaku":328,"Strawberry":344,"hubris:ScarierMask":277,"Tiny Chest":16,"Prayer Wheel":200,"Iron Hammer":124,"Kunai":284,"Toxic Egg 2":41,"Replay:Bottled Eggs":173,"hubris:GlazedTorus":188,"Gremlin Food":344,"MerchantsRug":323,"Happy Flower":50,"Golden Idol":18,"Guide Book":124,"Oddly Smooth Stone":188,"PreservedInsect":16,"hubris:MedicalManual":152,"Replay:WaspNest":334,"hubris:Towel":82,"Frozen Egg 2":323,"Question Card":79,"MawBank":270,"Replay:Arrowhead":230,"Mercury Hourglass":41,"Peace Pipe":356,"OrangePellets":323,"SlaversCollar":377,"Molten Egg 2":124,"hubris:BundleOfHerbs":421,"Nloth\u0027s Gift":284,"Garlic":290,"Art of War":340,"Membership Card":41,"PureWater":0,"ReplayTheSpireMod:Lightbulb":265,"hubris:OldNail":87,"hubris:BottledRain":115}],"Mercury Hourglass":[327]},"card_choices":[{"not_picked":["EmptyFist","BowlingBash"],"picked":"CrushJoints","floor":1},{"not_picked":["PathToVictory","Replay:Hum"],"picked":"WindmillStrike","floor":3},{"not_picked":["Prostrate","EmptyFist"],"picked":"Sanctity","floor":5},{"not_picked":["TalkToTheHand","EmptyBody"],"picked":"WaveOfTheHand","floor":7},{"not_picked":["PathToVictory","FlyingSleeves"],"picked":"EmptyFist","floor":8},{"not_picked":["Replay:ManipulateFuture","Replay:Cycle"],"picked":"Consecrate","floor":11},{"not_picked":["EmptyFist","Vault"],"picked":"ClearTheMind","floor":14},{"not_picked":["Replay:Hum","Replay:Vibes"],"picked":"FlyingSleeves+1","floor":18},{"not_picked":["ThirdEye+1","CrushJoints+1"],"picked":"SashWhip","floor":19},{"not_picked":["FlurryOfBlows","ClearTheMind"],"picked":"Protect","floor":21},{"not_picked":["WaveOfTheHand","Worship","EmptyFist"],"picked":"SKIP","floor":24},{"not_picked":["WaveOfTheHand","Replay:AtTheReady"],"picked":"Consecrate","floor":28},{"not_picked":["Weave","Protect"],"picked":"EmptyBody","floor":29},{"not_picked":["Vault","Wish"],"picked":"Judgement","floor":33},{"not_picked":["Crescendo","Halt+1"],"picked":"ReachHeaven+1","floor":35},{"not_picked":["Wallop+1","Replay:Anticipation+1"],"picked":"Consecrate+1","floor":37}],"player_experience":424210,"relics_obtained":[{"floor":24,"key":"hubris:BundleOfHerbs"}],"event_choices":[{"cards_removed":["Strike_P"],"damage_healed":0,"gold_gain":0,"player_choice":"Card Removal","damage_taken":0,"max_hp_gain":0,"max_hp_loss":0,"event_name":"The Cleric","floor":2,"gold_loss":50},{"damage_healed":0,"gold_gain":0,"player_choice":"Upgraded","damage_taken":0,"max_hp_gain":0,"max_hp_loss":0,"event_name":"Upgrade Shrine","floor":4,"gold_loss":0,"cards_upgraded":["Eruption"]},{"damage_healed":0,"gold_gain":0,"cards_transformed":["Defend_P"],"player_choice":"Transformed","damage_taken":0,"max_hp_gain":0,"max_hp_loss":0,"event_name":"Transmorgrifier","floor":30,"gold_loss":0,"cards_obtained":["Omniscience"]},{"damage_healed":0,"gold_gain":100,"player_choice":"Pray","damage_taken":0,"max_hp_gain":0,"max_hp_loss":0,"event_name":"Golden Shrine","floor":31,"gold_loss":0}],"is_beta":false,"boss_relics":[{"not_picked":["Replay:Wanted Poster","Philosopher\u0027s Stone","Pandora\u0027s Box"]},{"not_picked":["Calling Bell","Replay:Grab Bag","Coffee Dripper"]}],"items_purged_floors":[0,10,20,36],"is_endless":false,"potions_floor_spawned":[1,11,16,19,24,28,29,35],"killed_by":"Writhing Mass","ascension_level":3}}