{"host":"sav7uxregyirlf69","time":1610575710,"event":{"mods":["AchievementEnabler","BaseMod","Colored Map","DeckTracker","Keyboard Shortcuts","Minty Spire (QoL Compilation)","READ ME - Guardian Mod","StSLib","SuperFastMode"],"gold_per_floor":[119,131,146,146,71,71,101,120,120,120,149,159,159,23,23,23,23,39,54,67,67,67],"floor_reached":21,"language":"KOR","playtime":486,"items_purged":["Strike_G"],"score":382,"play_id":"49614124-48bc-43ee-a098-7f74dfaa41c8","local_time":"20210114070830","is_ascension_mode":true,"campfire_choices":[{"data":"Bouncing Flask","floor":6.0,"key":"SMITH"},{"data":"Neutralize","floor":10.0,"key":"SMITH"},{"floor":15.0,"key":"REST"}],"circlet_count":0,"master_deck":["AscendersBane","Strike_G","Strike_G","Strike_G","Defend_G","Defend_G","Defend_G","Defend_G","Defend_G+1","Survivor+1","Neutralize+1","Bouncing Flask+1","Masterful Stab","Dagger Throw","Noxious Fumes+1","Acrobatics+1","Blur"],"relics":["Ring of the Snake","War Paint","Strawberry","Frozen Egg 2","Ice Cream","InkBottle","Cursed Key"],"acts_visited":["Exordium","TheCity"],"potions_floor_usage":[19],"damage_taken":[{"damage":0.0,"enemies":"Cultist","floor":1.0,"turns":4.0},{"damage":1.0,"enemies":"2 Louse","floor":2.0,"turns":3.0},{"damage":0.0,"enemies":"Jaw Worm","floor":3.0,"turns":4.0},{"damage":4.0,"enemies":"Lagavulin","floor":7.0,"turns":5.0},{"damage":13.0,"enemies":"Exordium Thugs","floor":8.0,"turns":5.0},{"damage":18.0,"enemies":"3 Sentries","floor":11.0,"turns":12.0},{"damage":3.0,"enemies":"Large Slime","floor":12.0,"turns":6.0},{"damage":17.0,"enemies":"The Guardian","floor":16.0,"turns":9.0},{"damage":14,"enemies":"3 Byrds","floor":18,"turns":3},{"damage":23,"enemies":"Shell Parasite","floor":19,"turns":5},{"damage":18,"enemies":"Snake Plant","floor":20,"turns":4}],"seed_played":"-4879895403978086141","potions_obtained":[{"floor":1.0,"key":"Block Potion"},{"floor":3.0,"key":"Block Potion"},{"floor":20,"key":"AttackPotion"}],"is_trial":false,"path_per_floor":["M","M","M","?","$","R","E","M","T","R","E","M","?","$","R","B",null,"M","M","M","?"],"character_chosen":"THE_SILENT","items_purchased":["Noxious Fumes+1","Energy Potion"],"campfire_rested":1,"item_purchase_floors":[14,14],"current_hp_per_floor":[59,58,58,58,58,58,61,48,48,48,30,27,27,27,48,31,63,49,26,8,0,0],"gold":67,"neow_bonus":"RANDOM_COMMON_RELIC","is_daily":false,"chose_seed":false,"campfire_upgraded":2,"win_rate":0.0,"timestamp":1610575710,"path_taken":["M","?","M","?","$","R","E","?","T","R","E","M","?","?","R","BOSS","M","M","M","?"],"items_purchased_type":["Card","Potion"],"build_version":"2020-12-22","purchased_purges":1,"victory":false,"max_hp_per_floor":[66,66,66,66,66,66,73,73,73,73,73,73,73,73,73,73,73,73,73,73,78,78],"card_choices":[{"not_picked":["Masterful Stab","All Out Attack"],"picked":"Bouncing Flask","floor":1.0},{"not_picked":["Setup","Prepared"],"picked":"Masterful Stab","floor":2.0},{"not_picked":["Infinite Blades","Poisoned Stab"],"picked":"Dagger Throw","floor":3.0},{"not_picked":["Dodge and Roll","Sucker Punch"],"picked":"Burst","floor":7.0},{"not_picked":["Flying Knee","Eviscerate","PiercingWail"],"picked":"SKIP","floor":8.0},{"not_picked":["Dash","Dagger Throw","Blade Dance"],"picked":"SKIP","floor":11.0},{"not_picked":["Dagger Spray","All Out Attack","Cloak And Dagger"],"picked":"SKIP","floor":12.0},{"not_picked":["Quick Slash","Flying Knee"],"picked":"Acrobatics+1","floor":18},{"not_picked":["Riddle With Holes","Blade Dance+1"],"picked":"Blur","floor":19},{"not_picked":["Slice","Underhanded Strike","Prepared"],"picked":"SKIP","floor":20}],"player_experience":1278678,"relics_obtained":[{"floor":7.0,"key":"Strawberry"},{"floor":9.0,"key":"Frozen Egg 2"},{"floor":11.0,"key":"Ice Cream"}],"event_choices":[{"cards_removed":["Strike_G"],"damage_healed":0.0,"max_hp_gain":0.0,"max_hp_loss":0.0,"gold_gain":0.0,"event_name":"Purifier","player_choice":"Purged","floor":4.0,"gold_loss":0.0,"damage_taken":0.0},{"cards_removed":["Burst"],"damage_healed":0.0,"max_hp_gain":0.0,"max_hp_loss":0.0,"gold_gain":0.0,"event_name":"WeMeetAgain","player_choice":"Gave Card","floor":13.0,"gold_loss":0.0,"damage_taken":0.0,"relics_obtained":["InkBottle"]},{"damage_healed":0,"gold_gain":0,"player_choice":"Shed Blood","damage_taken":26,"max_hp_gain":5,"max_hp_loss":0,"event_name":"Forgotten Altar","floor":21,"gold_loss":0}],"is_beta":false,"boss_relics":[{"not_picked":["SacredBark","HoveringKite"],"picked":"Cursed Key"}],"items_purged_floors":[5],"is_endless":false,"potions_floor_spawned":[1,3,16,20],"ascension_level":20}}