{"host":"d3fm6keu3sh33msm","time":1610506094,"event":{"mods":["AchievementEnabler","BaseMod","Bestiary","Block Reminder","Colored Map","Colored Powertips","Dark Map","DeckTracker","Highlight Path","Minty Spire (QoL Compilation)","Quick Restart","Random Character Button","Rare Cards Sparkle","Relic Stats","Slay-I","StSLib"],"gold_per_floor":[112,88,88,107,57,57,57,90,140,171,185,198,45,63,63,166,166,166,166,166,166,166,20,20,20,20,20,20,20,20,20,20,20,20,20,20,0,0,0,0,0,0,0,0,0,0,0,0,0,0,0],"floor_reached":50,"language":"ENG","playtime":4450,"items_purged":[],"score":577,"play_id":"ba0b9da0-825d-4759-9605-eca8bb349dfc","local_time":"20210113024814","is_ascension_mode":false,"campfire_choices":[{"floor":6,"key":"REST"},{"data":"Whirlwind","floor":15,"key":"SMITH"},{"floor":24,"key":"REST"},{"floor":28,"key":"REST"},{"data":"Double Tap","floor":32,"key":"SMITH"},{"floor":41,"key":"RECALL"},{"floor":49,"key":"REST"}],"circlet_count":0,"master_deck":["Strike_R","Strike_R","Strike_R+1","Defend_R","Defend_R","Defend_R","Defend_R","Bash","Whirlwind+1","Armaments+1","Anger","Shrug It Off","Shrug It Off","Double Tap+1","Cleave","Impervious","Twin Strike+1","Anger","Feed","CurseOfTheBell","Clash+1","Battle Trance+1","Battle Trance+1","Flex","Pommel Strike+1","Infernal Blade+1"],"relics":["Burning Blood","Happy Flower","PreservedInsect","Ornamental Fan","Akabeko","Dream Catcher","Red Skull","Ectoplasm","MutagenicStrength","Bag of Preparation","HornCleat","Letter Opener","MealTicket","Calling Bell","Centennial Puzzle","Mummified Hand","Turnip","Girya","Red Mask","Unceasing Top","Molten Egg 2","InkBottle","Regal Pillow"],"acts_visited":["Exordium","TheCity","TheBeyond"],"potions_floor_usage":[10,16,33,33,40],"damage_taken":[{"damage":5,"enemies":"Small Slimes","floor":1,"turns":5},{"damage":1,"enemies":"Jaw Worm","floor":4,"turns":5},{"damage":4,"enemies":"3 Sentries","floor":8,"turns":4},{"damage":5,"enemies":"Gremlin Nob","floor":10,"turns":3},{"damage":2,"enemies":"2 Louse","floor":11,"turns":3},{"damage":0,"enemies":"2 Fungi Beasts","floor":12,"turns":1},{"damage":0,"enemies":"Gremlin Gang","floor":14,"turns":2},{"damage":36,"enemies":"Hexaghost","floor":16,"turns":11},{"damage":13,"enemies":"Spheric Guardian","floor":18,"turns":5},{"damage":10,"enemies":"Shell Parasite","floor":21,"turns":4},{"damage":18,"enemies":"Snake Plant","floor":22,"turns":3},{"damage":37,"enemies":"Book of Stabbing","floor":25,"turns":6},{"damage":0,"enemies":"Centurion and Healer","floor":27,"turns":3},{"damage":11,"enemies":"Sentry and Sphere","floor":29,"turns":5},{"damage":0,"enemies":"Cultist and Chosen","floor":30,"turns":3},{"damage":0,"enemies":"Gremlin Leader","floor":31,"turns":3},{"damage":74,"enemies":"Collector","floor":33,"turns":9},{"damage":9,"enemies":"3 Shapes","floor":35,"turns":1},{"damage":2,"enemies":"Mind Bloom Boss Battle","floor":36,"turns":7},{"damage":0,"enemies":"2 Orb Walkers","floor":38,"turns":1},{"damage":0,"enemies":"Orb Walker","floor":39,"turns":3},{"damage":3,"enemies":"Reptomancer","floor":40,"turns":5},{"damage":13,"enemies":"Nemesis","floor":42,"turns":3},{"damage":0,"enemies":"3 Darklings","floor":45,"turns":3},{"damage":9,"enemies":"4 Shapes","floor":46,"turns":1},{"damage":39,"enemies":"Transient","floor":47,"turns":5},{"damage":129,"enemies":"Time Eater","floor":50,"turns":11}],"seed_played":"-4975437515412095359","potions_obtained":[{"floor":4,"key":"BloodPotion"},{"floor":8,"key":"Fire Potion"},{"floor":14,"key":"SpeedPotion"},{"floor":21,"key":"GamblersBrew"},{"floor":25,"key":"DuplicationPotion"},{"floor":27,"key":"Block Potion"},{"floor":35,"key":"SteroidPotion"},{"floor":38,"key":"SpeedPotion"},{"floor":39,"key":"EssenceOfSteel"},{"floor":42,"key":"SpeedPotion"},{"floor":47,"key":"FairyPotion"}],"is_trial":false,"path_per_floor":["M","$","?","M","?","R","T","E","T","E","M","M","$","M","R","B",null,"M","?","?","M","M","$","R","E","T","M","R","M","M","E","R","B",null,"M","?","?","?","M","E","R","E","T","$","M","M","M","$","R","B"],"character_chosen":"IRONCLAD","items_purchased":["Armaments","Red Skull","Bag of Preparation"],"campfire_rested":4,"item_purchase_floors":[2,13,23],"current_hp_per_floor":[80,80,64,69,69,80,80,80,80,80,80,80,80,80,80,66,80,73,73,73,69,57,57,80,49,49,55,79,74,80,80,80,12,80,77,83,83,83,83,83,83,76,76,83,83,80,47,62,83,0,0],"gold":0,"neow_bonus":"RANDOM_COMMON_RELIC","is_daily":false,"chose_seed":false,"campfire_upgraded":2,"win_rate":0.0,"timestamp":1610506094,"path_taken":["M","$","?","M","?","R","?","E","T","E","M","M","$","M","R","BOSS","M","?","?","?","M","?","R","E","T","M","R","M","M","E","R","BOSS","M","?","?","?","M","E","R","E","T","?","M","?","M","$","R","BOSS"],"items_purchased_type":["Card","Relic","Relic"],"build_version":"2020-12-22","purchased_purges":0,"victory":false,"max_hp_per_floor":[80,80,80,80,80,80,80,80,80,80,80,80,80,80,80,80,80,80,80,80,80,80,80,80,80,80,80,80,80,80,80,80,80,80,80,83,83,83,83,83,83,83,83,83,83,83,83,83,83,83,83],"relic_stats":{"Regal Pillow":0,"Happy Flower":[38],"counters":[27,115],"PreservedInsect":244,"Bag of Preparation":[32],"Letter Opener":[96],"Burning Blood":108,"Dream Catcher":3,"Centennial Puzzle":[21],"Ornamental Fan":[152],"Mummified Hand":[0],"MealTicket":22,"Ectoplasm":499,"Turnip":[0],"obtain_stats":[{"Girya":36,"Regal Pillow":43,"Happy Flower":0,"PreservedInsect":7,"Bag of Preparation":23,"Letter Opener":26,"Burning Blood":0,"Akabeko":9,"Calling Bell":34,"Dream Catcher":10,"Centennial Puzzle":34,"HornCleat":25,"Ornamental Fan":8,"Mummified Hand":34,"MutagenicStrength":19,"MealTicket":31,"Molten Egg 2":40,"Ectoplasm":17,"Turnip":34,"Red Mask":37,"Red Skull":13,"Unceasing Top":38,"InkBottle":42},{"Girya":19,"Regal Pillow":23,"Happy Flower":0,"PreservedInsect":2,"Bag of Preparation":11,"Letter Opener":12,"Burning Blood":0,"Akabeko":3,"Calling Bell":17,"Dream Catcher":4,"Centennial Puzzle":17,"HornCleat":12,"Ornamental Fan":3,"Mummified Hand":17,"MutagenicStrength":9,"MealTicket":16,"Molten Egg 2":22,"Ectoplasm":8,"Turnip":17,"Red Mask":19,"Red Skull":6,"Unceasing Top":20,"InkBottle":23},{"Girya":83,"Regal Pillow":95,"Happy Flower":0,"PreservedInsect":10,"Bag of Preparation":46,"Letter Opener":52,"Burning Blood":0,"Akabeko":14,"Calling Bell":75,"Dream Catcher":17,"Centennial Puzzle":75,"HornCleat":52,"Ornamental Fan":14,"Mummified Hand":75,"MutagenicStrength":39,"MealTicket":66,"Molten Egg 2":92,"Ectoplasm":34,"Turnip":75,"Red Mask":83,"Red Skull":21,"Unceasing Top":84,"InkBottle":95}],"Unceasing Top":[0],"InkBottle":[3]},"card_choices":[{"not_picked":["Wild Strike","Armaments"],"picked":"Whirlwind","floor":1},{"not_picked":["Pommel Strike","Twin Strike","True Grit"],"picked":"SKIP","floor":4},{"not_picked":["Shrug It Off","True Grit"],"picked":"Anger","floor":8},{"not_picked":["Havoc","Combust"],"picked":"Shrug It Off","floor":10},{"not_picked":["Sword Boomerang","Battle Trance","Entrench"],"picked":"SKIP","floor":11},{"not_picked":["Evolve","Dual Wield","Pommel Strike"],"picked":"SKIP","floor":12},{"not_picked":["Rupture","Armaments"],"picked":"Shrug It Off","floor":14},{"not_picked":["Armaments","Sword Boomerang","Cleave"],"picked":"SKIP","floor":18},{"not_picked":["Perfected Strike+1","Evolve+1","Dark Embrace+1"],"picked":"SKIP","floor":21},{"not_picked":["Bloodletting","Armaments"],"picked":"Cleave","floor":22},{"not_picked":["Second Wind","Clothesline+1"],"picked":"Impervious","floor":25},{"not_picked":["Thunderclap","Perfected Strike","Second Wind+1"],"picked":"SKIP","floor":27},{"not_picked":["Headbutt","Clothesline"],"picked":"Twin Strike+1","floor":29},{"not_picked":["Entrench+1","Twin Strike"],"picked":"Anger","floor":30},{"not_picked":["Exhume","Armaments","Pommel Strike"],"picked":"SKIP","floor":31},{"not_picked":["Bludgeon","Juggernaut"],"picked":"Feed","floor":33},{"not_picked":["Seeing Red","Thunderclap"],"picked":"Clash+1","floor":35},{"not_picked":["Clothesline","Shrug It Off+1"],"picked":"Battle Trance+1","floor":39},{"not_picked":["Anger+1","Wild Strike+1","Combust+1"],"picked":"SKIP","floor":40},{"not_picked":["Exhume","Body Slam+1"],"picked":"Battle Trance+1","floor":42},{"not_picked":["Warcry","Wild Strike+1"],"picked":"Flex","floor":45},{"not_picked":["Feel No Pain","Cleave+1"],"picked":"Pommel Strike+1","floor":46},{"not_picked":["Warcry","Second Wind+1","Exhume"],"picked":"SKIP","floor":47},{"not_picked":["Wild Strike+1","Pommel Strike+1"],"picked":"Infernal Blade+1","floor":49}],"player_experience":159627,"relics_obtained":[{"floor":7,"key":"PreservedInsect"},{"floor":8,"key":"Ornamental Fan"},{"floor":9,"key":"Akabeko"},{"floor":10,"key":"Dream Catcher"},{"floor":25,"key":"HornCleat"},{"floor":26,"key":"Letter Opener"},{"floor":31,"key":"MealTicket"},{"floor":34,"key":"Centennial Puzzle"},{"floor":34,"key":"Mummified Hand"},{"floor":34,"key":"Turnip"},{"floor":36,"key":"Girya"},{"floor":38,"key":"Unceasing Top"},{"floor":40,"key":"Molten Egg 2"},{"floor":42,"key":"InkBottle"},{"floor":43,"key":"Regal Pillow"}],"event_choices":[{"damage_healed":0,"gold_gain":0,"player_choice":"Entered Light","damage_taken":16,"max_hp_gain":0,"max_hp_loss":0,"event_name":"Shining Light","floor":3,"gold_loss":0,"cards_upgraded":["Strike_R","Armaments"]},{"cards_removed":["Strike_R"],"damage_healed":0,"gold_gain":0,"player_choice":"Card Removal","damage_taken":0,"max_hp_gain":0,"max_hp_loss":0,"event_name":"The Cleric","floor":5,"gold_loss":50},{"damage_healed":0,"gold_gain":0,"player_choice":"Inject Mutagens","damage_taken":0,"relics_obtained":["MutagenicStrength"],"max_hp_gain":0,"max_hp_loss":0,"event_name":"Drug Dealer","floor":19,"gold_loss":0},{"damage_healed":0,"gold_gain":0,"cards_transformed":["Strike_R"],"player_choice":"Transformed","damage_taken":0,"max_hp_gain":0,"max_hp_loss":0,"event_name":"Transmorgrifier","floor":20,"gold_loss":0,"cards_obtained":["Double Tap"]},{"damage_healed":0,"gold_gain":0,"player_choice":"Fight","damage_taken":0,"max_hp_gain":0,"max_hp_loss":0,"event_name":"MindBloom","floor":36,"gold_loss":0},{"damage_healed":0,"gold_gain":0,"player_choice":"Paid","damage_taken":0,"relics_obtained":["Red Mask"],"max_hp_gain":0,"max_hp_loss":0,"event_name":"Tomb of Lord Red Mask","floor":37,"gold_loss":20},{"damage_healed":0,"gold_gain":0,"player_choice":"Fight","damage_taken":0,"max_hp_gain":0,"max_hp_loss":0,"event_name":"Mysterious Sphere","floor":38,"gold_loss":0}],"is_beta":false,"boss_relics":[{"not_picked":["Coffee Dripper","Runic Cube"],"picked":"Ectoplasm"},{"not_picked":["SacredBark","Velvet Choker"],"picked":"Calling Bell"}],"items_purged_floors":[],"is_endless":false,"potions_floor_spawned":[4,8,14,21,25,27,35,38,39,42,47],"killed_by":"Time Eater","ascension_level":0}}