{"host":"2pluridizrp50jef","time":1610521829,"event":{"mods":["ATMod(阿瑾Mod)","BaseMod","Better Altar","Better Match","Better Note","Better Sensory Stone","Better Skull","Better Third Choice","Colored Powertips","Custom Start","Decade(王小明)","Hermit","Lobotomy","LobotomyExtend","Marisa（F雨　魔理沙）","Minty Spire (QoL Compilation)","Rare Cards Sparkle","Relic Stats","Replay The Spire","StSLib","The Animator","The Bug Knight","The Cursed","The Hierophant","The Servant 0.9.4","Waifu the Spire","WarShipGirlsR/战舰少女R mod"],"gold_per_floor":[110,110,110,110,123,123,123,123,123,123,123,123,123,167,167,260,260,285,285,285,285,127,179,188,188,211,238,258,291,300,309,309,416,416,437,437,437,437,437,437,480,480,480,498,423,423,465,465,465,465,465],"floor_reached":52,"language":"ZHS","playtime":4113,"items_purged":["NothingThere"],"score":3133,"play_id":"7f877627-4d9e-4d13-a18d-ec96275066ab","local_time":"20210112231029","daily_mods":["Uncertain Future"],"is_ascension_mode":true,"campfire_choices":[{"data":"TheCursedMod:SurpriseAttack","floor":6.0,"key":"SMITH"},{"data":"TheCursedMod:AbyssShockwave","floor":11.0,"key":"SMITH"},{"floor":15.0,"key":"REST"},{"data":"TheCursedMod:HellsGateOpen","floor":25.0,"key":"SMITH"},{"data":"TheCursedMod:CursedSpellbook","floor":32.0,"key":"SMITH"},{"data":"TheCursedMod:DemonSword","floor":40.0,"key":"SMITH"},{"data":"TheCursedMod:CursedShiv","floor":42.0,"key":"SMITH"},{"data":"Secret Weapon","floor":49.0,"key":"SMITH"}],"circlet_count":1,"master_deck":["TheCursedMod:RavingStaff+1","TheCursedMod:RavingStaff+1","TheCursedMod:CursedAmulet+1","TheCursedMod:AshesToAshes+1","TheCursedMod:AshesToAshes+1","TheCursedMod:HellsGateOpen+1","TheCursedMod:HellfireBreathing+1","TheCursedMod:CursedWand+1","TheCursedMod:CursedWand+1","TheCursedMod:RapidMovement+1","TheCursedMod:RapidMovement+1","TheCursedMod:SpitefulPray+1","TheCursedMod:SpitefulPray+1","TheCursedMod:Evocation+1","TheCursedMod:Evocation+1","TheCursedMod:Grudge+1","TheCursedMod:Grudge+1","TheCursedMod:BlessingInDisguise+1","TheCursedMod:ReleasedStrength+1","TheCursedMod:Neurasthenia+1","TheCursedMod:CollectTribute+1","TheCursedMod:DemonicPact+1","TheCursedMod:LuckyCharm+1","TheCursedMod:NeowsMight+1","TheCursedMod:NeowsMight+1","TheCursedMod:NeowsMight+1","TheCursedMod:SurpriseAttack+1","TheCursedMod:AbyssShockwave+1","TheCursedMod:HellsGateOpen+1","DreamingCurrent","Writhe","TheCursedMod:CursedShiv+1","TheCursedMod:CursedSpellbook+1","TheCursedMod:SpitefulPray+1","TheCursedMod:DemonSword+1","animator:Curse_GriefSeed","Secret Weapon+1","BlackSwan"],"relics":["TheCursedMod:BlackMagic101","AT_ATBox","TheCursedMod:FourLeafCloverCharm","TheCursedMod:OminousMark","Chemical X","TheCursedMod:DemonicMark","StrikeDummy","TwistedFunnel","CloakClasp","PreservedInsect","Pear","TheCursedMod:CrystalBall","TheCursedMod:SoulVessel","Bottled Flame","Bottled Tornado","Bottled Lightning","Replay:Bottled Flurry","Mummified Hand","Replay:Bottled Eggs","StoneMask","TheCursedMod:PinkPellets","TheCursedMod:BloodyHarpoon","AT_SpeedBoots","TheCursedMod:BlackMagicAdvanced","Torii","Darkstone Periapt","Black Star","LetterFromLob","CogitoBucket","Circlet","InkBottle","Golden Idol","Counterbalance","TungstenRod","Coffee Dripper","TreeSap","OrangePellets","Blue Candle","CeramicFish","Replay:Wax Seal","HollowMod:PaleOreRelic","AspirationHeart","Replay:Accelerometer","AT_ForceNature","ChewingGum","AtMidnight","SkinProphecy","ReplayFunnel","Akabeko","ReplayTheSpireMod:TigerMarble","NeowsBlessing","AT_ArchangelStaff","ReplayTheSpireMod:Lightbulb"],"acts_visited":["Exordium","TheCity","TheBeyond"],"potions_floor_usage":[],"damage_taken":[{"damage":0.0,"enemies":"Cultist","floor":1.0,"turns":1.0},{"damage":0.0,"enemies":"Small Slimes","floor":3.0,"turns":1.0},{"damage":0.0,"enemies":"2 Louse","floor":5.0,"turns":1.0},{"damage":0.0,"enemies":"Gremlin Gang","floor":8.0,"turns":2.0},{"damage":0.0,"enemies":"3 Louse","floor":10.0,"turns":1.0},{"damage":0.0,"enemies":"HollowMod:MossKnight","floor":14.0,"turns":1.0},{"damage":0.0,"enemies":"Slime Boss","floor":16.0,"turns":2.0},{"damage":0.0,"enemies":"3 Byrds","floor":18.0,"turns":1.0},{"damage":0.0,"enemies":"Chosen","floor":20.0,"turns":1.0},{"damage":0.0,"enemies":"Snake Plant","floor":21.0,"turns":2.0},{"damage":0.0,"enemies":"Book of Stabbing","floor":23.0,"turns":1.0},{"damage":0.0,"enemies":"3 Cultists","floor":27.0,"turns":2.0},{"damage":0.0,"enemies":"Snecko","floor":28.0,"turns":2.0},{"damage":0.0,"enemies":"Gremlin Leader","floor":29.0,"turns":2.0},{"damage":0.0,"enemies":"Centurion and Healer","floor":30.0,"turns":1.0},{"damage":0.0,"enemies":"3 Cultists","floor":31.0,"turns":1.0},{"damage":0.0,"enemies":"Automaton","floor":33.0,"turns":2.0},{"damage":0.0,"enemies":"3 Shapes","floor":35.0,"turns":3.0},{"damage":0.0,"enemies":"Orb Walker","floor":37.0,"turns":1.0},{"damage":0.0,"enemies":"Jaw Worm Horde","floor":38.0,"turns":1.0},{"damage":0.0,"enemies":"Writhing Mass","floor":39.0,"turns":1.0},{"damage":17.0,"enemies":"Nemesis","floor":41.0,"turns":2.0},{"damage":0.0,"enemies":"Giant Head","floor":47.0,"turns":1.0},{"damage":0.0,"enemies":"Sphere and 2 Shapes","floor":48.0,"turns":1.0},{"damage":144,"enemies":"Replay:Hell Engine","floor":50,"turns":10},{"damage":0,"enemies":"Donu and Deca","floor":51,"turns":2}],"seed_played":"-5198246580221980800","potions_obtained":[{"floor":37.0,"key":"Regen Potion"}],"is_trial":true,"path_per_floor":["M","WH","M","?","M","R","$","M","T","M","R","E","?","E","R","B",null,"M","WH","M","M","$","E","?","R","T","M","M","E","M","M","R","B",null,"M","WH","M","M","M","R","E","R","T","WH","$","WH","E","M","R","B","B",null],"character_chosen":"THE_CURSED","items_purchased":["OrangePellets"],"campfire_rested":1,"item_purchase_floors":[22],"current_hp_per_floor":[79,79,84,89,91,91,91,95,95,98,98,98,89,90,90,92,92,96,105,106,107,107,108,114,114,114,117,130,131,133,136,136,137,137,140,154,157,162,165,165,168,168,168,174,174,174,173,178,178,127,146],"gold":465,"neow_bonus":"THREE_ENEMY_KILL","is_daily":false,"chose_seed":false,"campfire_upgraded":7,"win_rate":0.0,"timestamp":1610521829,"path_taken":["M","WH","M","?","M","R","$","M","T","M","R","E","?","E","R","BOSS","M","WH","M","?","$","E","?","R","T","M","M","E","M","M","R","BOSS","M","WH","M","M","M","R","E","R","T","WH","$","WH","E","M","R","BOSS","BOSS"],"items_purchased_type":["Relic"],"build_version":"2020-12-22","purchased_purges":1,"victory":true,"max_hp_per_floor":[82,82,84,89,91,91,91,95,95,98,98,98,89,90,90,92,92,96,105,106,107,107,108,114,114,114,117,130,131,133,136,136,137,137,140,154,157,162,165,165,168,168,168,174,174,174,177,182,182,200,204],"relic_stats":{"Darkstone Periapt":12,"Torii":2,"counters":[30,50],"Golden Idol":167,"Blue Candle":[16],"CeramicFish":90,"PreservedInsect":298,"CloakClasp":[67],"OrangePellets":[1],"Mummified Hand":[85],"Black Star":5,"Chemical X":[36],"obtain_stats":[{"TwistedFunnel":0,"Replay:Accelerometer":29,"AT_ATBox":0,"CeramicFish":23,"Bottled Tornado":0,"SkinProphecy":35,"AT_ArchangelStaff":47,"TreeSap":18,"TheCursedMod:CrystalBall":0,"Replay:Bottled Flurry":0,"HollowMod:PaleOreRelic":26,"Replay:Wax Seal":24,"TheCursedMod:BlackMagic101":0,"Pear":0,"StoneMask":0,"Dead Branch":0,"Counterbalance":14,"Blue Candle":23,"AspirationHeart":28,"Akabeko":41,"OrangePellets":22,"Bottled Flame":0,"AT_SpeedBoots":0,"Black Star":0,"ReplayTheSpireMod:TigerMarble":43,"StrikeDummy":0,"TheCursedMod:SoulVessel":0,"TheCursedMod:BloodyHarpoon":0,"Darkstone Periapt":0,"ReplayFunnel":41,"TheCursedMod:FourLeafCloverCharm":0,"Torii":0,"CloakClasp":0,"TheCursedMod:DemonicMark":0,"BranchBurnRelic":6,"CogitoBucket":2,"Mummified Hand":0,"Chemical X":0,"Replay:Bottled Eggs":0,"InkBottle":9,"AT_ForceNature":29,"TheCursedMod:BlackMagicAdvanced":0,"NeowsBlessing":46,"Golden Idol":13,"Circlet":0,"TheCursedMod:PinkPellets":0,"PreservedInsect":0,"TheCursedMod:OminousMark":0,"AtMidnight":35,"ChewingGum":34,"LetterFromLob":1,"Coffee Dripper":17,"Bottled Lightning":0,"ReplayTheSpireMod:Lightbulb":47,"TungstenRod":14},{"TwistedFunnel":0,"Replay:Accelerometer":16,"AT_ATBox":0,"CeramicFish":12,"Bottled Tornado":0,"SkinProphecy":21,"AT_ArchangelStaff":26,"TreeSap":9,"TheCursedMod:CrystalBall":0,"Replay:Bottled Flurry":0,"HollowMod:PaleOreRelic":12,"Replay:Wax Seal":12,"TheCursedMod:BlackMagic101":0,"Pear":0,"StoneMask":0,"Dead Branch":0,"Counterbalance":6,"Blue Candle":12,"AspirationHeart":15,"Akabeko":25,"OrangePellets":11,"Bottled Flame":0,"AT_SpeedBoots":0,"Black Star":0,"ReplayTheSpireMod:TigerMarble":25,"StrikeDummy":0,"TheCursedMod:SoulVessel":0,"TheCursedMod:BloodyHarpoon":0,"Darkstone Periapt":0,"ReplayFunnel":25,"TheCursedMod:FourLeafCloverCharm":0,"Torii":0,"CloakClasp":0,"TheCursedMod:DemonicMark":0,"BranchBurnRelic":3,"CogitoBucket":1,"Mummified Hand":0,"Chemical X":0,"Replay:Bottled Eggs":0,"InkBottle":4,"AT_ForceNature":16,"TheCursedMod:BlackMagicAdvanced":0,"NeowsBlessing":25,"Golden Idol":5,"Circlet":0,"TheCursedMod:PinkPellets":0,"PreservedInsect":0,"TheCursedMod:OminousMark":0,"AtMidnight":21,"ChewingGum":19,"LetterFromLob":1,"Coffee Dripper":7,"Bottled Lightning":0,"ReplayTheSpireMod:Lightbulb":26,"TungstenRod":6},{"TwistedFunnel":0,"Replay:Accelerometer":22,"AT_ATBox":0,"CeramicFish":15,"Bottled Tornado":0,"SkinProphecy":30,"AT_ArchangelStaff":36,"TreeSap":11,"TheCursedMod:CrystalBall":0,"Replay:Bottled Flurry":0,"HollowMod:PaleOreRelic":15,"Replay:Wax Seal":15,"TheCursedMod:BlackMagic101":0,"Pear":0,"StoneMask":0,"Dead Branch":0,"Counterbalance":7,"Blue Candle":15,"AspirationHeart":20,"Akabeko":35,"OrangePellets":14,"Bottled Flame":0,"AT_SpeedBoots":0,"Black Star":0,"ReplayTheSpireMod:TigerMarble":35,"StrikeDummy":0,"TheCursedMod:SoulVessel":0,"TheCursedMod:BloodyHarpoon":0,"Darkstone Periapt":0,"ReplayFunnel":35,"TheCursedMod:FourLeafCloverCharm":0,"Torii":0,"CloakClasp":0,"TheCursedMod:DemonicMark":0,"BranchBurnRelic":3,"CogitoBucket":1,"Mummified Hand":0,"Chemical X":0,"Replay:Bottled Eggs":0,"InkBottle":5,"AT_ForceNature":22,"TheCursedMod:BlackMagicAdvanced":0,"NeowsBlessing":35,"Golden Idol":6,"Circlet":0,"TheCursedMod:PinkPellets":0,"PreservedInsect":0,"TheCursedMod:OminousMark":0,"AtMidnight":30,"ChewingGum":26,"LetterFromLob":1,"Coffee Dripper":9,"Bottled Lightning":0,"ReplayTheSpireMod:Lightbulb":36,"TungstenRod":7}],"InkBottle":[52],"TungstenRod":22},"card_choices":[{"not_picked":["TheCursedMod:SpitefulPlan","TheCursedMod:BlessingInDisguise"],"picked":"TheCursedMod:SurpriseAttack","floor":1.0},{"not_picked":["MeatLantern","BeautyBeast"],"picked":"BlueStar","floor":3.0},{"not_picked":["TheCursedMod:SpitefulPlan","TheCursedMod:Torture","TheCursedMod:Evocation"],"picked":"SKIP","floor":3.0},{"not_picked":["TheCursedMod:SpitefulPlan","TheCursedMod:Torture","TheCursedMod:Evocation"],"picked":"SKIP","floor":3.0},{"not_picked":["PunishingBird","CherryBlossoms","CrumblingArmor"],"picked":"Singing Bowl","floor":5.0},{"not_picked":["TheCursedMod:Stigma","TheCursedMod:ManaBullet","TheCursedMod:SaltUponWound"],"picked":"SKIP","floor":5.0},{"not_picked":["Wellcheers","MHz","MeatLantern"],"picked":"Singing Bowl","floor":8.0},{"not_picked":["TheCursedMod:CircleOfWindfury","TheCursedMod:Torture","TheCursedMod:CursedBlade"],"picked":"SKIP","floor":8.0},{"not_picked":["UniverseFragment","ShyLook","Bloodbath"],"picked":"Singing Bowl","floor":10.0},{"not_picked":["TheCursedMod:VitalStrike","TheCursedMod:Stigma"],"picked":"TheCursedMod:AbyssShockwave","floor":10.0},{"not_picked":["FairyFestival","Scorched","SpiderBud"],"picked":"Singing Bowl","floor":14.0},{"not_picked":["TheCursedMod:Obscuration","TheCursedMod:SurpriseAttack","TheCursedMod:HellfireBreathing"],"picked":"SKIP","floor":14.0},{"not_picked":["OldLady","OSAHOGD","BodiesMountain"],"picked":"Singing Bowl","floor":16.0},{"not_picked":["FieryBird","QueenOfHatred","SpiderBud"],"picked":"Singing Bowl","floor":18.0},{"not_picked":["TheCursedMod:FuryStrike","TheCursedMod:RapidMovement","TheCursedMod:SpitefulPray+1"],"picked":"SKIP","floor":18.0},{"not_picked":["UniverseFragment","Woodsman","Yin"],"picked":"Singing Bowl","floor":20.0},{"not_picked":["TheCursedMod:CircleOfFlame","TheCursedMod:RavingStaff+1"],"picked":"TheCursedMod:HellsGateOpen","floor":20.0},{"not_picked":["VoidDream","Rudolta","MHz"],"picked":"Singing Bowl","floor":21.0},{"not_picked":["TheCursedMod:CursedBlade+1","TheCursedMod:CursedArmor+1","TheCursedMod:Evocation"],"picked":"SKIP","floor":21.0},{"not_picked":["BigBadWolf","CrumblingArmor","Scarecrow"],"picked":"Singing Bowl","floor":23.0},{"not_picked":["ShyLook","Bloodbath"],"picked":"DreamingCurrent","floor":23.0},{"not_picked":["TheCursedMod:CursedAmulet","TheCursedMod:Torture","TheCursedMod:BlessingInDisguise"],"picked":"SKIP","floor":23.0},{"not_picked":["TheCursedMod:CursedAmulet","TheCursedMod:Torture","TheCursedMod:BlessingInDisguise"],"picked":"SKIP","floor":23.0},{"not_picked":["TheCursedMod:TacticalStrike","TheCursedMod:Stretching"],"picked":"TheCursedMod:CursedShiv","floor":27.0},{"not_picked":["LaLuna","WallGazer","RedShoes"],"picked":"Singing Bowl","floor":27.0},{"not_picked":["Variant","MeltingLove","SpiderBud"],"picked":"Singing Bowl","floor":28.0},{"not_picked":["TheCursedMod:SpitefulPlan","TheCursedMod:CursedMace","TheCursedMod:Obscuration"],"picked":"SKIP","floor":28.0},{"not_picked":["HeroicMonk","SingingMachine","LaLuna"],"picked":"Singing Bowl","floor":29.0},{"not_picked":["TheCursedMod:CircleOfCorruption","TheCursedMod:Evocation","TheCursedMod:FleshFromBone"],"picked":"SKIP","floor":29.0},{"not_picked":["QueenOfHatred","FieryBird","CrumblingArmor"],"picked":"Singing Bowl","floor":30.0},{"not_picked":["TheCursedMod:WearCloak","TheCursedMod:SpitefulPray"],"picked":"TheCursedMod:CursedSpellbook","floor":30.0},{"not_picked":["CrumblingArmor","Alriune","WallGazer"],"picked":"Singing Bowl","floor":31.0},{"not_picked":["TheCursedMod:Grudge","TheCursedMod:CircleOfWindfury"],"picked":"TheCursedMod:SpitefulPray+1","floor":31.0},{"not_picked":["TheCursedMod:DemonicPact","TheCursedMod:Neurasthenia"],"picked":"TheCursedMod:DemonSword","floor":33.0},{"not_picked":["HappyTeddy","OSAHOGD","WallGazer"],"picked":"Singing Bowl","floor":33.0},{"not_picked":["CENSORED","GreedKing"],"picked":"NothingThere","floor":33.0},{"not_picked":["SnowQueen","Freischutz","CrumblingArmor"],"picked":"Singing Bowl","floor":35.0},{"not_picked":["TheCursedMod:FleshFromBone+1","TheCursedMod:EmpowerCircles","TheCursedMod:RapidMovement"],"picked":"SKIP","floor":35.0},{"not_picked":["PunishingBird","VoidDream","WhiteNight"],"picked":"Singing Bowl","floor":37.0},{"not_picked":["TheCursedMod:SurpriseAttack","TheCursedMod:StingEye","TheCursedMod:CursedAmulet"],"picked":"SKIP","floor":37.0},{"not_picked":["SingingMachine","Alriune","MHz"],"picked":"Singing Bowl","floor":38.0},{"not_picked":["TheCursedMod:Torture","TheCursedMod:Obscuration","TheCursedMod:CursedSpellbook"],"picked":"SKIP","floor":38.0},{"not_picked":["DespairKnight","QueenOfHatred","CENSORED"],"picked":"Singing Bowl","floor":39.0},{"not_picked":["TheCursedMod:SpitefulPlan","TheCursedMod:EmpowerCircles+1","TheCursedMod:SurpriseAttack"],"picked":"SKIP","floor":39.0},{"not_picked":["SnowQueen","RedShoes","MeltingLove"],"picked":"Singing Bowl","floor":41.0},{"not_picked":["TheCursedMod:SoulCrush","TheCursedMod:CircleOfFlame","TheCursedMod:TacticalStrike+1"],"picked":"SKIP","floor":41.0},{"not_picked":["Mayhem","HandOfGreed"],"picked":"Secret Weapon","floor":44.0},{"not_picked":["Scarecrow","Laetitia"],"picked":"BlackSwan","floor":47.0},{"not_picked":["TheCursedMod:CursedBlade","TheCursedMod:DoubleShield","TheCursedMod:Mangle"],"picked":"SKIP","floor":47.0},{"not_picked":["TheCursedMod:CursedBlade","TheCursedMod:DoubleShield","TheCursedMod:Mangle"],"picked":"SKIP","floor":47.0},{"not_picked":["BlackArmy","BodiesMountain","WhiteNight"],"picked":"Singing Bowl","floor":48.0},{"not_picked":["TheCursedMod:Stigma","TheCursedMod:OutForBlood","TheCursedMod:CircleOfCorruption"],"picked":"SKIP","floor":48.0}],"player_experience":134985,"relics_obtained":[{"floor":1.0,"key":"LetterFromLob"},{"floor":9.0,"key":"InkBottle"},{"floor":14.0,"key":"Counterbalance"},{"floor":14.0,"key":"TungstenRod"},{"floor":23.0,"key":"Blue Candle"},{"floor":23.0,"key":"CeramicFish"},{"floor":26.0,"key":"HollowMod:PaleOreRelic"},{"floor":29.0,"key":"Replay:Accelerometer"},{"floor":29.0,"key":"AT_ForceNature"},{"floor":35.0,"key":"AtMidnight"},{"floor":41.0,"key":"ReplayFunnel"},{"floor":41.0,"key":"Akabeko"},{"floor":43.0,"key":"ReplayTheSpireMod:TigerMarble"},{"floor":47.0,"key":"AT_ArchangelStaff"},{"floor":47.0,"key":"ReplayTheSpireMod:Lightbulb"}],"event_choices":[{"damage_healed":0.0,"max_hp_gain":5.0,"max_hp_loss":0.0,"gold_gain":0.0,"event_name":"Big Fish","player_choice":"Donut","floor":4.0,"gold_loss":0.0,"damage_taken":0.0},{"damage_healed":0.0,"max_hp_gain":0.0,"max_hp_loss":9.0,"gold_gain":0.0,"event_name":"Golden Idol","player_choice":"Lose Max HP","floor":13.0,"gold_loss":0.0,"damage_taken":0.0,"relics_obtained":["Golden Idol"]},{"damage_healed":0.0,"max_hp_gain":0.0,"max_hp_loss":0.0,"gold_gain":0.0,"event_name":"The Mausoleum","player_choice":"Opened","floor":24.0,"gold_loss":0.0,"damage_taken":0.0,"relics_obtained":["Replay:Wax Seal"],"cards_obtained":["Writhe"]}],"is_beta":false,"boss_relics":[{"not_picked":["Snecko Eye","Sozu"],"picked":"Coffee Dripper"},{"not_picked":["Astrolabe","Replay:Ancient Bell"],"picked":"ChewingGum"}],"items_purged_floors":[45],"is_endless":false,"potions_floor_spawned":[5,8,14,16,20,27,30,31,33,37,39,41],"ascension_level":20}}