{"host":"e52c7hvho6xny3hd","time":1610520993,"event":{"mods":["AchievementEnabler","BaseMod","Colored Map","DeckTracker","Minty Spire (QoL Compilation)","Permanent Neow","StSLib"],"gold_per_floor":[117,127,147,147,161,161,188,188,188,188,50,75,118,138,138,246,246,264,264,189,189,206,206,235,235,235],"floor_reached":25,"language":"KOR","playtime":3676,"items_purged":["Strike_P"],"score":397,"play_id":"3c92155d-92fc-4669-a5b1-efed04ed87b6","local_time":"20210113155633","is_ascension_mode":true,"campfire_choices":[{"data":"Adaptation","floor":6.0,"key":"SMITH"},{"data":"Perseverance","floor":8.0,"key":"SMITH"},{"data":"SandsOfTime","floor":10.0,"key":"SMITH"},{"floor":15.0,"key":"REST"},{"data":"MentalFortress","floor":23,"key":"SMITH"}],"circlet_count":0,"master_deck":["AscendersBane","Strike_P","Defend_P","Defend_P","Defend_P+1","Defend_P","Eruption+1","Vigilance","Adaptation+1","Indignation+1","Perseverance+1","SandsOfTime+1","Halt","Meditate","MentalFortress+1","Consecrate","FlurryOfBlows","EmptyFist","Omniscience"],"relics":["PureWater","War Paint","CeramicFish","StrikeDummy","Runic Pyramid","Frozen Egg 2"],"acts_visited":["Exordium","TheCity"],"potions_floor_usage":[],"damage_taken":[{"damage":8.0,"enemies":"Small Slimes","floor":1.0,"turns":4.0},{"damage":6.0,"enemies":"2 Louse","floor":2.0,"turns":3.0},{"damage":2.0,"enemies":"Jaw Worm","floor":3.0,"turns":5.0},{"damage":3.0,"enemies":"Blue Slaver","floor":5.0,"turns":3.0},{"damage":0.0,"enemies":"Lagavulin","floor":7.0,"turns":6.0},{"damage":4.0,"enemies":"3 Louse","floor":12.0,"turns":5.0},{"damage":15.0,"enemies":"Gremlin Nob","floor":13.0,"turns":4.0},{"damage":0.0,"enemies":"Exordium Thugs","floor":14.0,"turns":4.0},{"damage":19,"enemies":"The Guardian","floor":16,"turns":8},{"damage":2,"enemies":"Chosen","floor":18,"turns":4},{"damage":10,"enemies":"2 Thieves","floor":22,"turns":3},{"damage":29,"enemies":"Slavers","floor":24,"turns":4},{"damage":0,"enemies":"Chosen and Byrds","floor":25,"turns":1}],"seed_played":"-1103727448248860451","potions_obtained":[{"floor":2.0,"key":"SkillPotion"},{"floor":7.0,"key":"BlessingOfTheForge"},{"floor":16,"key":"Energy Potion"}],"is_trial":false,"path_per_floor":["M","M","M","?","M","R","E","R","T","R","$","M","E","M","R","B",null,"M","?","?","?","M","R","E","M"],"character_chosen":"WATCHER","items_purchased":["MentalFortress"],"campfire_rested":1,"item_purchase_floors":[11],"current_hp_per_floor":[57,51,49,49,46,46,46,46,46,46,46,42,27,27,48,29,61,59,46,46,46,36,36,7,7,7],"gold":235,"neow_bonus":"UPGRADE_CARD","is_daily":false,"chose_seed":false,"campfire_upgraded":4,"win_rate":0.0,"timestamp":1610520993,"path_taken":["M","M","M","?","M","R","E","R","T","R","$","M","E","M","R","BOSS","M","?","?","?","?","R","E","M"],"items_purchased_type":["Card"],"build_version":"2020-12-22","purchased_purges":1,"victory":false,"max_hp_per_floor":[72,72,72,72,72,72,72,72,72,72,72,72,72,72,72,72,72,72,77,77,77,77,77,77,77,77],"card_choices":[{"not_picked":["EmptyFist","Wireheading"],"picked":"Adaptation","floor":1.0},{"not_picked":["SashWhip","Crescendo"],"picked":"Indignation","floor":2.0},{"not_picked":["Crescendo","Weave"],"picked":"Perseverance","floor":3.0},{"not_picked":["WaveOfTheHand","WreathOfFlame"],"picked":"Halt","floor":5.0},{"not_picked":["WaveOfTheHand","CarveReality"],"picked":"Meditate","floor":7.0},{"not_picked":["WheelKick","Prostrate"],"picked":"Consecrate","floor":12.0},{"not_picked":["SashWhip","Weave"],"picked":"FlurryOfBlows","floor":13.0},{"not_picked":["SashWhip","Halt"],"picked":"EmptyFist","floor":14.0},{"not_picked":["LessonLearned","DevaForm"],"picked":"Omniscience","floor":16},{"not_picked":["Crescendo","Prostrate","CrushJoints"],"picked":"SKIP","floor":18},{"not_picked":["Protect","ReachHeaven","Study"],"picked":"SKIP","floor":22},{"not_picked":["ClearTheMind","Pray","SignatureMove"],"picked":"SKIP","floor":24}],"player_experience":661857,"relics_obtained":[{"floor":7.0,"key":"War Paint"},{"floor":9.0,"key":"CeramicFish"},{"floor":13.0,"key":"StrikeDummy"},{"floor":24,"key":"Frozen Egg 2"}],"event_choices":[{"damage_healed":0.0,"max_hp_gain":0.0,"max_hp_loss":0.0,"gold_gain":0.0,"cards_transformed":["Strike_P"],"event_name":"Living Wall","player_choice":"Change","floor":4.0,"gold_loss":0.0,"damage_taken":0.0,"cards_obtained":["SandsOfTime"]},{"damage_healed":0,"gold_gain":0,"player_choice":"Shed Blood","damage_taken":18,"max_hp_gain":5,"max_hp_loss":0,"event_name":"Forgotten Altar","floor":19,"gold_loss":0},{"cards_removed":["Strike_P"],"damage_healed":0,"gold_gain":0,"player_choice":"Gave Gold","damage_taken":0,"max_hp_gain":0,"max_hp_loss":0,"event_name":"Beggar","floor":20,"gold_loss":75},{"damage_healed":0,"gold_gain":0,"player_choice":"Ignored","damage_taken":0,"max_hp_gain":0,"max_hp_loss":0,"event_name":"Cursed Tome","floor":21,"gold_loss":0}],"is_beta":false,"boss_relics":[{"not_picked":["Velvet Choker","Philosopher\u0027s Stone"],"picked":"Runic Pyramid"}],"items_purged_floors":[11],"is_endless":false,"potions_floor_spawned":[2,7,16,24],"killed_by":"Chosen and Byrds","ascension_level":11}}