{"host":"f5gffvlv6a66yqkd","time":1610527561,"event":{"mods":["100% Spire Juice","2.2 Compatiblity","Alarm Clock","BaseMod","Colored Map","Custom Start","DeckTracker","Keyboard Shortcuts","Minty Spire (QoL Compilation)","Permanent Neow","Quick Restart","Relic Stats","StSLib","SuperFastMode"],"gold_per_floor":[115,290,365,365,95,128,128,146,146,180,193,206,21,37,37,161,161,177,201,214,228,52,83,83,83,83,83,106,126,126,1,1,126,126,140,165,189,202,202,235,249,249,276,316,14,38,38,51,51,51,51,51,51,89,89],"floor_reached":56,"language":"KOR","playtime":1919,"items_purged":["Doubt","Strike_R","Strike_R","Strike_R"],"score":1491,"play_id":"61aa9266-152f-497b-8b6e-eea1f501b084","local_time":"20210113174601","is_ascension_mode":false,"campfire_choices":[{"data":"Immolate","floor":7.0,"key":"SMITH"},{"data":"Evolve","floor":15.0,"key":"SMITH"},{"floor":25,"key":"REST"},{"data":"Barricade","floor":27,"key":"SMITH"},{"data":"Entrench","floor":30,"key":"SMITH"},{"data":"Fire Breathing","floor":32,"key":"SMITH"},{"data":"Offering","floor":42,"key":"SMITH"},{"floor":47,"key":"RECALL"},{"data":"Armaments","floor":49,"key":"SMITH"},{"data":"Body Slam","floor":52,"key":"SMITH"}],"circlet_count":0,"master_deck":["Defend_R","Defend_R","Defend_R","Defend_R","Bash","Anger","Power Through","Reckless Charge","Armaments+1","Impervious","Evolve+1","Seeing Red","Barricade+1","Fire Breathing+1","Entrench+1","Offering+1","Shrug It Off+1","Disarm+1","Battle Trance","Body Slam+1"],"relics":["Burning Blood","Golden Idol","HornCleat","Lizard Tail","Art of War","Medical Kit","Empty Cage","MealTicket","Nloth\u0027s Gift","Pen Nib","Mark of Pain","Juzu Bracelet","Red Skull","Orrery","Paper Frog"],"acts_visited":["Exordium","TheCity","TheBeyond","TheEnding"],"potions_floor_usage":[23,38,55,55,55],"damage_taken":[{"damage":0.0,"enemies":"2 Louse","floor":1.0,"turns":1.0},{"damage":0.0,"enemies":"Gremlin Nob","floor":6.0,"turns":1.0},{"damage":0.0,"enemies":"Small Slimes","floor":8.0,"turns":1.0},{"damage":13.0,"enemies":"Lagavulin","floor":10.0,"turns":5.0},{"damage":6.0,"enemies":"Jaw Worm","floor":11.0,"turns":2.0},{"damage":0.0,"enemies":"3 Louse","floor":12.0,"turns":3.0},{"damage":0.0,"enemies":"Exordium Thugs","floor":14.0,"turns":3.0},{"damage":47.0,"enemies":"The Guardian","floor":16.0,"turns":17.0},{"damage":0.0,"enemies":"2 Thieves","floor":18.0,"turns":4.0},{"damage":18.0,"enemies":"3 Byrds","floor":19.0,"turns":6.0},{"damage":29.0,"enemies":"Snake Plant","floor":20.0,"turns":6.0},{"damage":34.0,"enemies":"3 Cultists","floor":21.0,"turns":5.0},{"damage":7,"enemies":"Gremlin Leader","floor":23,"turns":7},{"damage":3,"enemies":"Centurion and Healer","floor":28,"turns":10},{"damage":1,"enemies":"Snecko","floor":29,"turns":8},{"damage":13,"enemies":"Collector","floor":33,"turns":12},{"damage":6,"enemies":"Orb Walker","floor":35,"turns":6},{"damage":6,"enemies":"3 Shapes","floor":36,"turns":2},{"damage":40,"enemies":"Spire Growth","floor":37,"turns":6},{"damage":6,"enemies":"4 Shapes","floor":38,"turns":3},{"damage":19,"enemies":"Nemesis","floor":40,"turns":13},{"damage":0,"enemies":"Maw","floor":41,"turns":15},{"damage":10,"enemies":"Reptomancer","floor":44,"turns":8},{"damage":6,"enemies":"3 Darklings","floor":46,"turns":5},{"damage":6,"enemies":"Jaw Worm Horde","floor":48,"turns":5},{"damage":6,"enemies":"Awakened One","floor":50,"turns":10},{"damage":8,"enemies":"Shield and Spear","floor":54,"turns":5},{"damage":6,"enemies":"The Heart","floor":55,"turns":8}],"seed_played":"-3788531930252146942","potions_obtained":[{"floor":6.0,"key":"ElixirPotion"},{"floor":10.0,"key":"Ancient Potion"},{"floor":14.0,"key":"PowerPotion"},{"floor":19.0,"key":"Dexterity Potion"},{"floor":21.0,"key":"GamblersBrew"},{"floor":33,"key":"SteroidPotion"},{"floor":40,"key":"Dexterity Potion"},{"floor":41,"key":"Block Potion"}],"is_trial":false,"path_per_floor":["M","?","?","?","$","E","R","M","T","E","M","M","$","M","R","B",null,"M","M","M","M","$","E","?","R","T","R","M","M","R","$","R","B",null,"M","M","M","M","?","E","M","R","T","E","$","M","R","M","R","B",null,"R","$","E","B",null],"character_chosen":"IRONCLAD","items_purchased":["Immolate","Power Through","Medical Kit","Evolve","Entrench","Orrery"],"campfire_rested":1,"item_purchase_floors":[5,5,13,13,22,45],"current_hp_per_floor":[80,80,69,49,49,55,55,61,61,54,54,60,60,66,66,25,80,80,68,45,17,17,16,16,40,40,40,43,48,48,63,63,56,80,80,80,46,46,46,33,39,39,39,35,50,50,50,50,50,50,80,80,80,78,78],"gold":89,"neow_bonus":"THREE_ENEMY_KILL","is_daily":false,"chose_seed":false,"campfire_upgraded":8,"win_rate":0.0,"timestamp":1610527561,"path_taken":["M","?","?","?","$","E","R","M","T","E","M","M","$","?","R","BOSS","M","M","M","M","$","E","?","R","T","R","M","M","R","$","R","BOSS","M","M","M","M","?","E","M","R","T","E","$","M","R","M","R","BOSS","R","$","E","BOSS"],"items_purchased_type":["Card","Card","Relic","Card","Card","Relic"],"build_version":"2020-12-22","purchased_purges":4,"victory":true,"max_hp_per_floor":[80,80,80,80,80,80,80,80,80,80,80,80,80,80,80,80,80,80,80,80,80,80,80,80,80,80,80,80,80,80,80,80,80,80,80,80,80,80,80,80,80,80,80,80,80,80,80,80,80,80,80,80,80,80,80],"relic_stats":{"Lizard Tail":0,"counters":[28,177],"Golden Idol":208,"MealTicket":30,"Pen Nib":[8],"Art of War":[54],"Nloth\u0027s Gift":1,"Juzu Bracelet":0,"Medical Kit":[97],"obtain_stats":[{"NeowsBlessing":0,"Golden Idol":4,"Pen Nib":26,"Juzu Bracelet":40,"Medical Kit":13,"Empty Cage":17,"Burning Blood":0,"Lizard Tail":9,"HornCleat":6,"Orrery":45,"MealTicket":23,"Mark of Pain":34,"Art of War":10,"Nloth\u0027s Gift":24,"Red Skull":44,"Paper Frog":54},{"NeowsBlessing":0,"Golden Idol":1,"Pen Nib":13,"Juzu Bracelet":21,"Medical Kit":6,"Empty Cage":8,"Burning Blood":0,"Lizard Tail":3,"HornCleat":2,"Orrery":23,"MealTicket":13,"Mark of Pain":16,"Art of War":4,"Nloth\u0027s Gift":13,"Red Skull":23,"Paper Frog":27},{"NeowsBlessing":0,"Golden Idol":1,"Pen Nib":61,"Juzu Bracelet":121,"Medical Kit":13,"Empty Cage":33,"Burning Blood":0,"Lizard Tail":3,"HornCleat":2,"Orrery":144,"MealTicket":61,"Mark of Pain":91,"Art of War":8,"Nloth\u0027s Gift":61,"Red Skull":144,"Paper Frog":169}],"Burning Blood":156},"card_choices":[{"not_picked":["True Grit","Iron Wave"],"picked":"Anger","floor":1.0},{"not_picked":["Armaments","Havoc"],"picked":"Reckless Charge","floor":6.0},{"not_picked":["Iron Wave","Wild Strike","Warcry"],"picked":"SKIP","floor":8.0},{"not_picked":["Rampage","Pummel"],"picked":"Armaments","floor":10.0},{"not_picked":["Warcry","Sword Boomerang"],"picked":"Impervious","floor":11.0},{"not_picked":["Bloodletting","Wild Strike","Havoc"],"picked":"SKIP","floor":12.0},{"not_picked":["Flex","Clash"],"picked":"Seeing Red","floor":14.0},{"not_picked":["Limit Break","Fiend Fire"],"picked":"Barricade","floor":16.0},{"not_picked":["Hemokinesis","Anger"],"picked":"Fire Breathing","floor":18.0},{"not_picked":["Armaments","Evolve","Spot Weakness"],"picked":"SKIP","floor":19.0},{"not_picked":["Cleave","Uppercut","Hemokinesis"],"picked":"SKIP","floor":20.0},{"not_picked":["Clash","Clothesline","Pommel Strike"],"picked":"SKIP","floor":21.0},{"not_picked":["True Grit","Anger","Fire Breathing"],"picked":"SKIP","floor":23},{"not_picked":["Anger","Metallicize","Twin Strike"],"picked":"SKIP","floor":28},{"not_picked":["Entrench","Flex+1","Brutality"],"picked":"SKIP","floor":29},{"not_picked":["Corruption","Brutality"],"picked":"Offering","floor":33},{"not_picked":["Dual Wield+1","Whirlwind+1","Sword Boomerang+1"],"picked":"SKIP","floor":35},{"not_picked":["Thunderclap+1","Iron Wave","Warcry"],"picked":"SKIP","floor":36},{"not_picked":["Warcry","Pommel Strike","Flex+1"],"picked":"SKIP","floor":37},{"not_picked":["Twin Strike+1","Wild Strike+1","Iron Wave+1"],"picked":"SKIP","floor":38},{"not_picked":["Feed","Havoc+1","Bloodletting+1"],"picked":"SKIP","floor":40},{"not_picked":["Sever Soul+1","Warcry","Flex+1"],"picked":"SKIP","floor":41},{"not_picked":["Anger","Warcry","Sword Boomerang+1"],"picked":"SKIP","floor":44},{"not_picked":["Anger","Feed"],"picked":"Shrug It Off+1","floor":45},{"not_picked":["Wild Strike+1","Iron Wave"],"picked":"Disarm+1","floor":45},{"not_picked":["Perfected Strike+1","Dropkick"],"picked":"Battle Trance","floor":45},{"not_picked":["Second Wind+1","Shrug It Off+1"],"picked":"Body Slam","floor":45},{"not_picked":["Flex+1","Whirlwind+1","Havoc"],"picked":"SKIP","floor":46},{"not_picked":["Anger","Cleave","Warcry+1"],"picked":"SKIP","floor":48},{"not_picked":["Uppercut","Blood for Blood+1","Thunderclap"],"picked":"SKIP","floor":54}],"player_experience":1554351,"relics_obtained":[{"floor":6.0,"key":"HornCleat"},{"floor":9.0,"key":"Lizard Tail"},{"floor":10.0,"key":"Art of War"},{"floor":23,"key":"MealTicket"},{"floor":26,"key":"Pen Nib"},{"floor":40,"key":"Juzu Bracelet"},{"floor":44,"key":"Red Skull"},{"floor":54,"key":"Paper Frog"}],"event_choices":[{"damage_healed":0.0,"max_hp_gain":0.0,"max_hp_loss":0.0,"gold_gain":175.0,"event_name":"Liars Game","player_choice":"AGREE","floor":2.0,"gold_loss":0.0,"damage_taken":0.0,"cards_obtained":["Doubt"]},{"damage_healed":0.0,"max_hp_gain":0.0,"max_hp_loss":0.0,"gold_gain":75.0,"event_name":"World of Goop","player_choice":"Gather Gold","floor":3.0,"gold_loss":0.0,"damage_taken":11.0},{"damage_healed":0.0,"max_hp_gain":0.0,"max_hp_loss":0.0,"gold_gain":0.0,"event_name":"Golden Idol","player_choice":"Take Damage","floor":4.0,"gold_loss":0.0,"damage_taken":20.0,"relics_obtained":["Golden Idol"]},{"damage_healed":0,"gold_gain":0,"player_choice":"Traded Relic","damage_taken":0,"relics_obtained":["Nloth\u0027s Gift"],"max_hp_gain":0,"max_hp_loss":0,"event_name":"N\u0027loth","floor":24,"relics_lost":["NeowsBlessing"],"gold_loss":0},{"cards_removed":["Immolate"],"damage_healed":0,"gold_gain":0,"player_choice":"Removed Attack","damage_taken":0,"max_hp_gain":0,"max_hp_loss":0,"event_name":"Falling","floor":39,"gold_loss":0}],"is_beta":false,"boss_relics":[{"not_picked":["Runic Cube","Velvet Choker"],"picked":"Empty Cage"},{"not_picked":["Fusion Hammer","SacredBark"],"picked":"Mark of Pain"}],"items_purged_floors":[5,22,31,45],"is_endless":false,"potions_floor_spawned":[6,10,14,19,21,33,36,40,41,48],"ascension_level":0}}