{"host":"ttzdpsscxkem3xrs","time":1610499054,"event":{"mods":["BaseMod","Colored Map","Downfall","Minty Spire (QoL Compilation)","Replay The Spire","StSLib","The Cursed","The Hierophant"],"gold_per_floor":[99,118,293,21,40,73,147,147,157,184,216,328,265,262,293,410,422,434,446,478,490,528,540,540,540],"floor_reached":23,"language":"ENG","playtime":992,"items_purged":["Doubt"],"score":227,"play_id":"f90c4797-5f14-4739-b665-5c2e4458ec3b","local_time":"20210112165054","is_ascension_mode":true,"campfire_choices":[{"floor":1,"key":"REST"},{"data":"Slimebound:OneTwoCombo","floor":8,"key":"SMITH"},{"floor":13,"key":"REST"},{"data":"Slimebound:PrepareCrush","floor":18,"key":"SMITH"}],"circlet_count":0,"master_deck":["Slimebound:Strike_Slimebound","Slimebound:Strike_Slimebound","Slimebound:Strike_Slimebound","Slimebound:Tackle","Slimebound:Defend_Slimebound","Slimebound:Defend_Slimebound","Slimebound:Defend_Slimebound","Slimebound:Defend_Slimebound","Slimebound:Split","Slimebound:CorrosiveSpit","Slimebound:OneTwoCombo+1","Slimebound:LeadByExample","Slimebound:Replication","Slimebound:Gluttony","Slimebound:FormOfPuddle","Slimebound:SplitBruiser","Slimebound:SplitAcid","Slimebound:LeadByExample","Slimebound:Recollect","Slimebound:TongueLash","Slimebound:PrepareCrush+1","Slimebound:ViciousTackle","Slimebound:LeadByExample+1"],"relics":["Slimebound:AbsorbEndCombat","Strange Spoon","Bottled Flame","Replay:Accelerometer","MawBank","downfall:HeartBlessingGreen","Painkiller Herb","Enchiridion","Juzu Bracelet"],"acts_visited":["Exordium","TheCity"],"potions_floor_usage":[16,23],"damage_taken":[{"damage":8,"enemies":"2 Louse","floor":2,"turns":2},{"damage":12,"enemies":"downfall:FleeingMerchant","floor":4,"turns":4},{"damage":9,"enemies":"Jaw Worm","floor":5,"turns":3},{"damage":37,"enemies":"Replay:BlueRogue","floor":6,"turns":5},{"damage":11,"enemies":"Small Slimes","floor":9,"turns":2},{"damage":42,"enemies":"Lagavulin","floor":10,"turns":5},{"damage":22,"enemies":"Blue Slaver","floor":11,"turns":3},{"damage":26,"enemies":"downfall:FleeingMerchant","floor":14,"turns":4},{"damage":15,"enemies":"Gremlin Gang","floor":15,"turns":2},{"damage":58,"enemies":"downfall:Ironclad","floor":16,"turns":6},{"damage":27,"enemies":"Chosen","floor":20,"turns":2},{"damage":50,"enemies":"Book of Stabbing","floor":23,"turns":4}],"seed_played":"7369220377062082710","potions_obtained":[{"floor":2,"key":"BlessingOfTheForge"},{"floor":9,"key":"Ancient Potion"},{"floor":10,"key":"Fire Potion"},{"floor":16,"key":"Reflective Coating"}],"is_trial":false,"path_per_floor":["R","M","?","$","M","E","T","R","M","E","M","?","R","$","M","B",null,"T","?","?","?","T","E"],"character_chosen":"SLIMEBOUND","items_purchased":["Strange Spoon","Slimebound:Gluttony"],"campfire_rested":2,"item_purchase_floors":[4,4],"current_hp_per_floor":[60,60,60,60,60,51,51,51,48,38,32,32,50,60,60,42,60,60,60,53,37,37,0,0,0],"gold":540,"neow_bonus":"THREE_RARE_CARDS","is_daily":false,"chose_seed":false,"campfire_upgraded":2,"win_rate":0.0,"timestamp":1610499054,"path_taken":["R","M","?","$","M","E","T","R","M","E","M","?","R","?","M","BOSS","T","?","?","?","?","E"],"items_purchased_type":["Relic","Card"],"build_version":"2020-12-22","purchased_purges":1,"victory":false,"max_hp_per_floor":[60,60,60,60,60,60,60,60,60,60,60,60,60,60,60,60,60,60,60,60,60,60,60,60,60],"card_choices":[{"not_picked":["Slimebound:CheckThePlaybook","Slimebound:TagTeam"],"picked":"Slimebound:OneTwoCombo","floor":0},{"not_picked":["Slimebound:LivingWall","Slimebound:GoopTackle"],"picked":"Slimebound:LeadByExample","floor":2},{"not_picked":["Slimebound:FinishingTackle","Slimebound:Schlurp"],"picked":"Slimebound:Replication","floor":4},{"not_picked":["Slimebound:ForwardTackle","Slimebound:ComboTackle"],"picked":"Slimebound:FormOfPuddle","floor":5},{"not_picked":["Slimebound:LeechingTouch","Slimebound:RainOfGoop"],"picked":"Slimebound:SplitBruiser","floor":6},{"not_picked":["Slimebound:PressTheAttack","Slimebound:GoopSpray"],"picked":"Slimebound:SplitAcid","floor":9},{"not_picked":["Slimebound:GoopTackle","Slimebound:DisruptingSlam"],"picked":"Slimebound:LeadByExample","floor":10},{"not_picked":["Slimebound:WasteNot","Slimebound:SplitLeeching"],"picked":"Slimebound:Recollect","floor":11},{"not_picked":["Slimebound:GrowthPunch","Slimebound:SlimeBrawl","Slimebound:ServeAndProtect"],"picked":"SKIP","floor":14},{"not_picked":["Slimebound:SamplingLick","Slimebound:LeechingTouch"],"picked":"Slimebound:TongueLash","floor":15},{"not_picked":["Slimebound:OozeBath","Slimebound:Overexert"],"picked":"Slimebound:PrepareCrush","floor":16},{"not_picked":["Slimebound:ViciousTackle","Slimebound:SlimeSpikes"],"picked":"Slimebound:LeadByExample+1","floor":20}],"player_experience":1346260,"relics_obtained":[{"floor":6,"key":"Bottled Flame"},{"floor":7,"key":"Replay:Accelerometer"},{"floor":10,"key":"MawBank"},{"floor":21,"key":"Enchiridion"},{"floor":22,"key":"Juzu Bracelet"}],"event_choices":[{"damage_healed":0,"gold_gain":0,"player_choice":"Read","damage_taken":0,"max_hp_gain":0,"max_hp_loss":0,"event_name":"The Library","floor":19,"gold_loss":0,"cards_obtained":["Slimebound:ViciousTackle"]}],"is_beta":false,"boss_relics":[{"not_picked":["Cursed Key","Calling Bell"],"picked":"Painkiller Herb"}],"items_purged_floors":[4],"is_endless":false,"potions_floor_spawned":[2,9,10,16,20],"killed_by":"Book of Stabbing","ascension_level":3}}