{"host":"c3lc60y5x60jlt1y","time":1610528237,"event":{"mods":["AchievementEnabler","BaseMod","Bestiary","Colored Map","Minty Spire (QoL Compilation)","Quick Restart","StSLib","ojb\u0027s Info Mod"],"gold_per_floor":[114,114,214,231,244,272,287,287,287,65,65,96,61,93,93,191,191,191,191,38,38,38,38,38,38,38],"floor_reached":25,"playtime":1107,"items_purged":["Normality"],"score":287,"play_id":"9de0d160-5436-4081-b4eb-c6e3e236d65c","local_time":"20210113105717","is_ascension_mode":true,"campfire_choices":[{"data":"Fission","floor":8,"key":"SMITH"},{"data":"Beam Cell","floor":11,"key":"SMITH"},{"data":"Dualcast","floor":15,"key":"SMITH"}],"circlet_count":0,"master_deck":["Strike_B","Strike_B","Strike_B","Defend_B","Defend_B","Defend_B","Defend_B","Zap","Dualcast+1","Core Surge","Redo","Go for the Eyes","Ball Lightning","Coolheaded","Fission+1","Beam Cell+1","Static Discharge+1","Genetic Algorithm","Static Discharge+1","Capacitor+1","Thunder Strike","Ball Lightning","Capacitor+1","Fusion+1","Conserve Battery"],"relics":["Cracked Core","Symbiotic Virus","Frozen Egg 2","The Courier","Torii","Ectoplasm","DataDisk","Question Card"],"acts_visited":["Exordium","TheCity"],"potions_floor_usage":[12,23,23],"damage_taken":[{"damage":0,"enemies":"2 Louse","floor":1,"turns":2},{"damage":7,"enemies":"Jaw Worm","floor":4,"turns":2},{"damage":0,"enemies":"Cultist","floor":5,"turns":2},{"damage":13,"enemies":"Gremlin Nob","floor":6,"turns":3},{"damage":6,"enemies":"Exordium Wildlife","floor":7,"turns":2},{"damage":10,"enemies":"3 Sentries","floor":12,"turns":6},{"damage":10,"enemies":"Lagavulin","floor":14,"turns":5},{"damage":11,"enemies":"The Guardian","floor":16,"turns":8},{"damage":3,"enemies":"3 Byrds","floor":18,"turns":2},{"damage":1,"enemies":"Spheric Guardian","floor":21,"turns":2},{"damage":29,"enemies":"Slavers","floor":23,"turns":4},{"damage":24,"enemies":"Snake Plant","floor":24,"turns":2},{"damage":40,"enemies":"Book of Stabbing","floor":25,"turns":3}],"seed_played":"5519383798238112563","potions_obtained":[{"floor":1,"key":"Block Potion"},{"floor":12,"key":"Block Potion"},{"floor":16,"key":"FearPotion"},{"floor":21,"key":"PowerPotion"}],"is_trial":false,"path_per_floor":["M","?","?","M","M","E","M","R","T","$","R","E","?","E","R","B",null,"M","?","$","M","?","E","M","E"],"character_chosen":"DEFECT","items_purchased":["Static Discharge+1","Genetic Algorithm","DataDisk","Capacitor+1"],"campfire_rested":0,"item_purchase_floors":[10,10,20,20],"current_hp_per_floor":[75,75,75,68,68,55,49,49,49,49,49,39,57,47,47,36,75,72,58,58,57,80,51,27,0,0],"gold":38,"neow_bonus":"THREE_RARE_CARDS","is_daily":false,"chose_seed":false,"campfire_upgraded":3,"win_rate":0.0,"timestamp":1610528237,"path_taken":["M","?","?","M","?","E","M","R","T","$","R","E","?","E","R","BOSS","M","?","$","M","?","E","?","E"],"items_purchased_type":["Card","Card","Relic","Card"],"build_version":"2020-12-22","purchased_purges":1,"victory":false,"max_hp_per_floor":[75,75,75,75,75,75,75,75,75,75,75,75,75,75,75,75,75,75,80,80,80,80,80,80,80,80],"card_choices":[{"not_picked":["All For One","Buffer"],"picked":"Core Surge","floor":0},{"not_picked":["Stack","Barrage"],"picked":"Redo","floor":1},{"not_picked":["Cold Snap","FTL"],"picked":"Ball Lightning","floor":4},{"not_picked":["Redo","Steam"],"picked":"Coolheaded","floor":5},{"not_picked":["BootSequence","Skim"],"picked":"Fission","floor":6},{"not_picked":["Steam","Hologram"],"picked":"Beam Cell","floor":7},{"not_picked":["Turbo","Auto Shields"],"picked":"Static Discharge+1","floor":12},{"not_picked":["Coolheaded","Lockon"],"picked":"Capacitor+1","floor":14},{"not_picked":["Reboot","Amplify"],"picked":"Thunder Strike","floor":16},{"not_picked":["Sweeping Beam","Reinforced Body"],"picked":"Ball Lightning","floor":18},{"not_picked":["Sunder","Conserve Battery+1"],"picked":"Fusion+1","floor":21},{"not_picked":["Reprogram","Hyperbeam","Coolheaded"],"picked":"SKIP","floor":23},{"not_picked":["Barrage","Leap","Recycle"],"picked":"Conserve Battery","floor":24}],"player_experience":8006227,"relics_obtained":[{"floor":6,"key":"Symbiotic Virus"},{"floor":9,"key":"Frozen Egg 2"},{"floor":12,"key":"The Courier"},{"floor":14,"key":"Torii"},{"floor":23,"key":"Question Card"}],"event_choices":[{"damage_healed":0,"gold_gain":0,"cards_transformed":["Strike_B"],"player_choice":"Change","damage_taken":0,"max_hp_gain":0,"max_hp_loss":0,"event_name":"Living Wall","floor":2,"gold_loss":0,"cards_obtained":["Go for the Eyes"]},{"damage_healed":0,"gold_gain":100,"player_choice":"Pray","damage_taken":0,"max_hp_gain":0,"max_hp_loss":0,"event_name":"Golden Shrine","floor":3,"gold_loss":0},{"damage_healed":18,"gold_gain":0,"player_choice":"Healed","damage_taken":0,"max_hp_gain":0,"max_hp_loss":0,"event_name":"The Cleric","floor":13,"gold_loss":35},{"damage_healed":0,"gold_gain":0,"player_choice":"Shed Blood","damage_taken":19,"max_hp_gain":5,"max_hp_loss":0,"event_name":"Forgotten Altar","floor":19,"gold_loss":0},{"damage_healed":23,"gold_gain":0,"player_choice":"Full Heal","damage_taken":0,"max_hp_gain":0,"max_hp_loss":0,"event_name":"Wheel of Change","floor":22,"gold_loss":0}],"is_beta":false,"boss_relics":[{"not_picked":["Busted Crown","SlaversCollar"],"picked":"Ectoplasm"}],"items_purged_floors":[10],"is_endless":false,"potions_floor_spawned":[1,12,16,21],"killed_by":"Book of Stabbing","ascension_level":4}}