{"host":"79pwvnyrdes6uj7k","time":1610508276,"event":{"mods":["2.2 Compatiblity","Astrologer","BaseMod","Beaked The Cultist","Colored Powertips","Downfall","Exacting","Friendly Minions","HexUI Lib","Highlight Path","Hubris","Infinite Spire","JesterMod","Mad Scientist","Mimic Mod","Minty Spire (QoL Compilation)","Random Character Button","Replay The Spire","Reworked Bosses","Shop Mod","Somnambulant","StSLib","The Cursed","The Disciple","The Factory","The Judge","The Jungle","The Marked","The Poker Player","The Runesmith","TheHeartMod"],"gold_per_floor":[99,99,99,99,99,127,159,9,41,41,41,79,79,109,127,127,127],"floor_reached":16,"language":"ENG","playtime":1359,"items_purged":[],"score":96,"play_id":"c696b9cc-263a-426d-877f-76a531379baa","local_time":"20210112212436","is_ascension_mode":false,"campfire_choices":[{"floor":1,"key":"RECALL"},{"data":"jesterMod:Drunkenness","floor":8,"key":"SMITH"},{"floor":10,"key":"REST"},{"floor":13,"key":"REST"}],"circlet_count":0,"master_deck":["jesterMod:Strike","jesterMod:Strike","jesterMod:Strike","jesterMod:Strike","jesterMod:Sickle","jesterMod:Defend","jesterMod:Defend","jesterMod:Defend","jesterMod:Defend","jesterMod:Dodge","jesterMod:TrickyDodge","jesterMod:Hide","jesterMod:BouncingKnife+1","jesterMod:Drunkenness+1","jesterMod:Schizophrenia","jesterMod:Prankster","jesterMod:Mending","Pot Of Greed","Pot Of Greed","jesterMod:Patience","jesterMod:Haste","jesterMod:Precipitation"],"relics":["jesterMod:JesterCap","downfall:HeartsMalice","Pocketwatch","downfall:HeartBlessingBlue","downfall:HeartBlessingRed","Incense Burner","Grinning Jar"],"acts_visited":["Exordium"],"potions_floor_usage":[15],"damage_taken":[{"damage":0,"enemies":"Cultist","floor":2,"turns":1},{"damage":0,"enemies":"Jaw Worm","floor":3,"turns":1},{"damage":0,"enemies":"Small Slimes","floor":4,"turns":1},{"damage":38,"enemies":"3 Sentries","floor":6,"turns":14},{"damage":2,"enemies":"Exordium Wildlife","floor":7,"turns":8},{"damage":29,"enemies":"Exordium Wildlife","floor":9,"turns":5},{"damage":14,"enemies":"3 Louse","floor":12,"turns":5},{"damage":10,"enemies":"3 Louse","floor":14,"turns":5},{"damage":3,"enemies":"Exordium Thugs","floor":15,"turns":4},{"damage":45,"enemies":"downfall:Defect","floor":16,"turns":7}],"seed_played":"-2517118037192505392","potions_obtained":[{"floor":14,"key":"Energy Potion"},{"floor":15,"key":"ColorlessPotion"}],"is_trial":false,"path_per_floor":["R","M","M","M","?","E","MIM","R","M","R","T","MIM","R","M","M","B"],"character_chosen":"THE_JESTER","items_purchased":[],"campfire_rested":2,"item_purchase_floors":[],"current_hp_per_floor":[70,70,70,70,70,32,30,40,23,47,47,33,57,47,44,0,0],"gold":127,"neow_bonus":"THREE_ENEMY_KILL","is_daily":false,"chose_seed":false,"campfire_upgraded":1,"win_rate":0.0,"timestamp":1610508276,"path_taken":["R","?","M","M","?","E","MIM","R","?","R","?","?","R","M","M","BOSS"],"items_purchased_type":[],"build_version":"2020-12-22","purchased_purges":0,"victory":false,"max_hp_per_floor":[70,70,70,70,70,70,70,80,80,80,80,80,80,80,80,80,80],"card_choices":[{"not_picked":["jesterMod:Disposophobia","jesterMod:Discretion"],"picked":"jesterMod:TrickyDodge","floor":2},{"not_picked":["jesterMod:QuickStrike","jesterMod:Patience"],"picked":"jesterMod:Hide","floor":3},{"not_picked":["jesterMod:Illness","jesterMod:Hide"],"picked":"jesterMod:BouncingKnife","floor":4},{"not_picked":["jesterMod:Procrastination","jesterMod:JackInTheBox"],"picked":"jesterMod:Drunkenness","floor":6},{"not_picked":["jesterMod:ExperimentalTreatment","jesterMod:Rebuff"],"picked":"jesterMod:Schizophrenia","floor":6},{"not_picked":["jesterMod:Rebuff","jesterMod:Unleash"],"picked":"jesterMod:Prankster","floor":7},{"not_picked":["jesterMod:Precipitation","jesterMod:FlameDance"],"picked":"jesterMod:Mending","floor":9},{"not_picked":["jesterMod:Prankster","jesterMod:PerfectDodge"],"picked":"jesterMod:Patience","floor":12},{"not_picked":["jesterMod:ButterKnife","jesterMod:Patience"],"picked":"jesterMod:Haste","floor":14},{"not_picked":["jesterMod:Prankster","jesterMod:Talion"],"picked":"jesterMod:Precipitation","floor":15}],"player_experience":372884,"relics_obtained":[{"floor":6,"key":"Pocketwatch"},{"floor":11,"key":"Incense Burner"},{"floor":12,"key":"Grinning Jar"}],"event_choices":[],"is_beta":false,"boss_relics":[],"items_purged_floors":[],"is_endless":false,"potions_floor_spawned":[14,15],"killed_by":"downfall:Defect","ascension_level":0}}