{"host":"njcl8kinlkfw245p","time":1610579403,"event":{"mods":["BaseMod","Block Reminder","Colored Map","Googly Eyes","KinomotoSakuraMod(????)","Minty Spire (QoL Compilation)","StSLib","The Senshi","Unceasing Turn Reminder","everything is the same but u backflip on backflip"],"gold_per_floor":[111,128,128,128,128,128,203,237,289,314,332,350,350,350,350,447,447,462,462,53,73,106,136,136,136,136,65,65,96,96,115,115,212,212,222,222,1221,741,753,753,107,135,135,151,179,260,294,317,317,317,317,326,18,48,48],"floor_reached":56,"language":"ENG","playtime":6685,"items_purged":["Normality","Normality"],"score":1700,"play_id":"004fde2a-b391-45dc-a937-39355fef22b8","local_time":"20210113151003","is_ascension_mode":true,"campfire_choices":[{"floor":6,"key":"REST"},{"floor":13,"key":"REST"},{"data":"Whirlwind","floor":15,"key":"SMITH"},{"floor":25,"key":"REST"},{"data":"Shrug It Off","floor":28,"key":"SMITH"},{"floor":30,"key":"RECALL"},{"data":"Flame Barrier","floor":32,"key":"SMITH"},{"data":"Impervious","floor":40,"key":"SMITH"},{"data":"Whirlwind","floor":49,"key":"SMITH"},{"floor":52,"key":"REST"}],"circlet_count":0,"master_deck":["Bash","Flame Barrier+1","Flame Barrier+1","Whirlwind+1","Sever Soul","Entrench+1","Barricade","Inflame","Whirlwind+1","Sever Soul","Sever Soul+1","Headbutt","Apotheosis","Shrug It Off+1","Heavy Blade+1","Dark Embrace","Impervious+1","Ghostly Armor+1","Headbutt+1","Brutality+1","True Grit","Discovery","Body Slam","Immolate","Evolve","Exhume","Feed","Shrug It Off+1","Body Slam+1","Immolate","Clothesline+1","Rupture","Enlightenment"],"relics":["Snecko Eye","Tiny Chest","Happy Flower","Blue Candle","Letter Opener","Pandora\u0027s Box","Bottled Tornado","Red Mask","Matryoshka","MealTicket","Anchor","Akabeko","Pen Nib","HornCleat","Astrolabe","TheAbacus","War Paint","Bottled Lightning","Dream Catcher","Lantern","Question Card","Sundial","CeramicFish","Membership Card","Art of War","Pear"],"acts_visited":["Exordium","TheCity","TheBeyond","TheEnding"],"potions_floor_usage":[8,22,44,45,55,55,55],"damage_taken":[{"damage":0,"enemies":"Small Slimes","floor":1,"turns":3},{"damage":6,"enemies":"2 Louse","floor":2,"turns":3},{"damage":14,"enemies":"3 Sentries","floor":8,"turns":9},{"damage":12,"enemies":"Gremlin Nob","floor":10,"turns":4},{"damage":0,"enemies":"Jaw Worm","floor":11,"turns":2},{"damage":13,"enemies":"Large Slime","floor":12,"turns":4},{"damage":7,"enemies":"Hexaghost","floor":16,"turns":10},{"damage":16,"enemies":"2 Thieves","floor":18,"turns":4},{"damage":12,"enemies":"Chosen","floor":21,"turns":3},{"damage":28,"enemies":"Masked Bandits","floor":22,"turns":3},{"damage":0,"enemies":"Gremlin Leader","floor":23,"turns":5},{"damage":0,"enemies":"Slavers","floor":29,"turns":2},{"damage":0,"enemies":"Snake Plant","floor":31,"turns":3},{"damage":0,"enemies":"Automaton","floor":33,"turns":9},{"damage":0,"enemies":"Orb Walker","floor":35,"turns":5},{"damage":0,"enemies":"3 Darklings","floor":39,"turns":4},{"damage":0,"enemies":"Reptomancer","floor":42,"turns":4},{"damage":0,"enemies":"4 Shapes","floor":44,"turns":4},{"damage":0,"enemies":"Nemesis","floor":45,"turns":5},{"damage":0,"enemies":"Giant Head","floor":47,"turns":6},{"damage":0,"enemies":"Transient","floor":48,"turns":5},{"damage":0,"enemies":"Time Eater","floor":50,"turns":9},{"damage":3,"enemies":"Shield and Spear","floor":54,"turns":4},{"damage":59,"enemies":"The Heart","floor":55,"turns":11}],"seed_played":"-8794063194869219195","potions_obtained":[{"floor":1,"key":"GamblersBrew"},{"floor":11,"key":"SteroidPotion"},{"floor":12,"key":"SkillPotion"},{"floor":29,"key":"SpeedPotion"},{"floor":31,"key":"LiquidMemories"},{"floor":39,"key":"PowerPotion"},{"floor":45,"key":"Regen Potion"}],"is_trial":false,"path_per_floor":["M","M","?","?","?","R","?","E","T","E","M","M","R","T","R","B",null,"M","?","$","M","?","E","T","R","T","$","R","E","R","M","R","B",null,"M","?","?","$","M","R","$","E","T","M","E","T","E","M","R","B",null,"R","$","E","B",null],"character_chosen":"IRONCLAD","items_purchased":["Apotheosis","Bottled Tornado","Dark Embrace","TheAbacus","Body Slam","Immolate","Evolve","Exhume","War Paint","Bottled Lightning","Membership Card","Rupture","Art of War","Enlightenment","Block Potion"],"campfire_rested":4,"item_purchase_floors":[20,20,27,38,38,38,38,41,41,41,53,53,53,53,53],"current_hp_per_floor":[80,74,49,42,42,66,55,41,41,29,29,16,40,40,40,33,80,64,64,64,52,24,24,24,48,48,63,63,63,63,63,63,63,80,80,80,80,80,80,80,80,80,80,84,84,84,88,88,88,88,88,88,88,95,51],"gold":48,"neow_bonus":"BOSS_RELIC","is_daily":false,"chose_seed":false,"campfire_upgraded":5,"win_rate":0.0,"timestamp":1610579403,"path_taken":["M","M","?","?","?","R","?","E","T","E","M","M","R","?","R","BOSS","M","?","$","?","?","E","?","R","T","$","R","E","R","?","R","BOSS","M","?","?","$","M","R","$","E","T","M","E","?","E","M","R","BOSS","R","$","E","BOSS"],"items_purchased_type":["Card","Relic","Card","Relic","Card","Card","Card","Card","Relic","Relic","Relic","Card","Relic","Card","Potion"],"build_version":"2020-12-22","purchased_purges":2,"victory":true,"max_hp_per_floor":[80,80,80,80,80,80,80,80,80,80,80,80,80,80,80,80,80,80,80,80,80,80,80,80,80,80,80,80,80,80,80,80,80,80,80,80,80,80,80,80,80,80,80,84,84,84,88,88,88,88,88,88,88,98,98],"card_choices":[{"not_picked":["Sever Soul","Battle Trance"],"picked":"Flame Barrier","floor":1},{"not_picked":["Sword Boomerang","Thunderclap","Iron Wave"],"picked":"SKIP","floor":2},{"not_picked":["Warcry","Sentinel"],"picked":"Flame Barrier","floor":8},{"not_picked":["Clash","Perfected Strike"],"picked":"Whirlwind","floor":10},{"not_picked":["Infernal Blade","Power Through"],"picked":"Sever Soul","floor":11},{"not_picked":["Carnage","Battle Trance"],"picked":"Entrench","floor":12},{"not_picked":["Fiend Fire","Feed"],"picked":"Barricade","floor":16},{"not_picked":["Clash","Twin Strike"],"picked":"Sever Soul+1","floor":18},{"not_picked":["Havoc+1","Clash"],"picked":"Shrug It Off","floor":21},{"not_picked":["Warcry+1","Infernal Blade+1"],"picked":"Heavy Blade+1","floor":23},{"not_picked":["Anger+1","Bloodletting","Twin Strike+1"],"picked":"SKIP","floor":29},{"not_picked":["Thunderclap","Dropkick+1","Anger"],"picked":"SKIP","floor":31},{"not_picked":["Double Tap","Feed"],"picked":"Impervious","floor":33},{"not_picked":["Sever Soul+1","Thunderclap+1"],"picked":"True Grit","floor":35},{"not_picked":["Dramatic Entrance","PanicButton"],"picked":"Discovery","floor":36},{"not_picked":["Flex","Headbutt+1","Cleave+1"],"picked":"SKIP","floor":39},{"not_picked":["Flex","Headbutt+1","Cleave+1"],"picked":"SKIP","floor":39},{"not_picked":["Burning Pact","True Grit"],"picked":"Feed","floor":42},{"not_picked":["True Grit","Sword Boomerang","Armaments"],"picked":"SKIP","floor":44},{"not_picked":["Headbutt","Warcry"],"picked":"Shrug It Off+1","floor":45},{"not_picked":["True Grit+1","Wild Strike+1","Fire Breathing+1"],"picked":"Body Slam+1","floor":47},{"not_picked":["Twin Strike","Havoc","Thunderclap+1"],"picked":"Immolate","floor":48},{"not_picked":["Bloodletting+1","Metallicize","Shrug It Off"],"picked":"Clothesline+1","floor":52},{"not_picked":["Clash+1","Seeing Red","Evolve","Carnage+1"],"picked":"SKIP","floor":54}],"player_experience":903172,"relics_obtained":[{"floor":8,"key":"Happy Flower"},{"floor":10,"key":"Blue Candle"},{"floor":14,"key":"Letter Opener"},{"floor":22,"key":"Red Mask"},{"floor":23,"key":"Matryoshka"},{"floor":24,"key":"MealTicket"},{"floor":24,"key":"Anchor"},{"floor":26,"key":"Akabeko"},{"floor":26,"key":"Pen Nib"},{"floor":29,"key":"HornCleat"},{"floor":42,"key":"Dream Catcher"},{"floor":43,"key":"Lantern"},{"floor":45,"key":"Question Card"},{"floor":46,"key":"Sundial"},{"floor":47,"key":"CeramicFish"},{"floor":54,"key":"Pear"}],"event_choices":[{"damage_healed":0,"gold_gain":0,"player_choice":"Success","damage_taken":25,"relics_obtained":["Tiny Chest"],"max_hp_gain":0,"max_hp_loss":0,"event_name":"Scrap Ooze","floor":3,"gold_loss":0},{"cards_removed":["Strike_R"],"damage_healed":0,"gold_gain":0,"player_choice":"Card Removal","damage_taken":7,"max_hp_gain":0,"max_hp_loss":0,"event_name":"Golden Wing","floor":4,"gold_loss":0},{"cards_removed":["Strike_R"],"damage_healed":0,"gold_gain":0,"player_choice":"Forget","damage_taken":0,"max_hp_gain":0,"max_hp_loss":0,"event_name":"Living Wall","floor":5,"gold_loss":0},{"damage_healed":0,"gold_gain":75,"player_choice":"Gather Gold","damage_taken":11,"max_hp_gain":0,"max_hp_loss":0,"event_name":"World of Goop","floor":7,"gold_loss":0},{"damage_healed":0,"gold_gain":0,"cards_transformed":["Hemokinesis"],"player_choice":"Transformed","damage_taken":0,"max_hp_gain":0,"max_hp_loss":0,"event_name":"Transmorgrifier","floor":19,"gold_loss":0,"cards_obtained":["Headbutt"]},{"damage_healed":0,"gold_gain":0,"player_choice":"Fought Bandits","damage_taken":0,"max_hp_gain":0,"max_hp_loss":0,"event_name":"Masked Bandits","floor":22,"gold_loss":0},{"damage_healed":0,"gold_gain":0,"player_choice":"Memory 1","damage_taken":0,"max_hp_gain":0,"max_hp_loss":0,"event_name":"SensoryStone","floor":36,"gold_loss":0},{"damage_healed":0,"gold_gain":999,"player_choice":"Gold","damage_taken":0,"max_hp_gain":0,"max_hp_loss":0,"event_name":"MindBloom","floor":37,"gold_loss":0,"cards_obtained":["Normality","Normality"]}],"is_beta":false,"boss_relics":[{"not_picked":["theSenshi:MoonKaleidoScopeRelic","Fusion Hammer"],"picked":"Pandora\u0027s Box"},{"not_picked":["Coffee Dripper","Busted Crown"],"picked":"Astrolabe"}],"items_purged_floors":[38,41],"is_endless":false,"potions_floor_spawned":[1,11,12,29,31,35,39,45],"ascension_level":2}}