{"host":"xtgfl0e7r8rfgbei","time":1610508451,"event":{"mods":["Arknights The Spire","BaseMod","Colored Map","Colored Powertips","Downfall","Infinite Spire","Marisa£®ÏF”Í°°ƒß¿Ì…≥£©","Minty Spire (QoL Compilation)","READ ME - Guardian Mod","Rare Cards Sparkle","Replay The Spire","StSLib","The Bug Knight","The Cursed","The Servant 0.9.4","≤–¡Ù÷ÆŒÔ"],"gold_per_floor":[112,112,126,146,18,18,32,32,32,52,27,27,44,77,77,177,177,189,189,204,221,221,221,251,251,251,251,265,26,26,42,42,140,140,158,171,182,182,182,182,210,210,210,210,297,297,14,14,14,14,14],"floor_reached":50,"language":"ZHS","playtime":4014,"items_purged":["Replay:UnknownCurse"],"score":613,"play_id":"4a17a885-a769-45bb-a018-fdbcf29f3812","local_time":"20210113112731","is_ascension_mode":false,"campfire_choices":[{"data":"LightFlow","floor":6,"key":"SMITH"},{"data":"MurderousAura","floor":8,"key":"SMITH"},{"floor":12,"key":"REST"},{"floor":23,"key":"REST"},{"floor":25,"key":"REST"},{"data":"infinitespire:Punishment","floor":27,"key":"SMITH"},{"data":"Pain","floor":32,"key":"PURGE"},{"floor":40,"key":"REST"},{"floor":42,"key":"REST"},{"data":"expansioncontent:DashGenerateEvil","floor":42,"key":"SMITH"},{"floor":46,"key":"REST"},{"data":"infinitespire:Starlight","floor":46,"key":"SMITH"},{"floor":49,"key":"DIG"}],"circlet_count":0,"master_deck":["Strike_S","Strike_S","Strike_S","Strike_S","Defend_S","Defend_S","Defend_S","Defend_S","KidneyShot","Exchange","HollowMod:NailStrikeStart","champ:Strike","LightFlow+1","ShatteredReality","ShatteredReality","Potential","Solidify","BottledTime","MurderousAura+1","Starlight","Alleviate","Misdirection","FlawlessForm","TrueSight","ReplayTheSpireMod:Faulty Equipment","Moonlight","infinitespire:Starlight+1","infinitespire:Punishment+1","RealityMarble+1","DoubleEdge","Pot Of Greed","Pot Of Greed","Pot Of Greed","Advance+1","SurpressingFire+1","expansioncontent:DashGenerateEvil+1","SilverBlades","Advance+1","Pot Of Greed","Initiator","Writhe","TheCursedMod:CleanUpWorkshop","Sunlight","ReplayTheSpireMod:Private Reserves","infinitespire:UltimateForm","Ricochet+1","Comet","Spin+1","Madness","Madness","infinitespire:Oblivion","Pot Of Greed","StarChef+1","ReplayTheSpireMod:Splinters","BottledTime","FastForward+1","Spin+1","Replay:Dark Deal","Replay:Sssssssssstrike"],"relics":["Uniform","NlothsMask","Blue Candle","Replay:Ancient Bell","MealTicket","Mirror","infinitespire:Magic Flask","infinitespire:FocusingShard","Grinning Jar","WarpedTongs","ReplayTheSpireMod:SealedPack","Counterbalance","Tiny Chest","Frozen Egg 2","Molten Egg 2","StrikeDummy"],"acts_visited":["Exordium","TheCity","TheBeyond"],"potions_floor_usage":[14,18,24,33,41,44],"damage_taken":[{"damage":15,"enemies":"Small Slimes","floor":1,"turns":2},{"damage":0,"enemies":"Cultist","floor":3,"turns":3},{"damage":3,"enemies":"2 Louse","floor":4,"turns":2},{"damage":1,"enemies":"Exordium Wildlife","floor":7,"turns":3},{"damage":7,"enemies":"3 Louse","floor":10,"turns":2},{"damage":7,"enemies":"Large Slime","floor":13,"turns":4},{"damage":0,"enemies":"HollowMod:MossKnight","floor":14,"turns":4},{"damage":24,"enemies":"The Guardian","floor":16,"turns":8},{"damage":18,"enemies":"2 Thieves","floor":18,"turns":4},{"damage":18,"enemies":"Spheric Guardian","floor":20,"turns":4},{"damage":31,"enemies":"Snake Plant","floor":21,"turns":5},{"damage":18,"enemies":"Nightmare","floor":24,"turns":6},{"damage":21,"enemies":"Centurion and Healer","floor":28,"turns":6},{"damage":17,"enemies":"Chosen and Byrds","floor":31,"turns":5},{"damage":3,"enemies":"Champ","floor":33,"turns":8},{"damage":41,"enemies":"3 Darklings","floor":35,"turns":4},{"damage":1,"enemies":"3 Shapes","floor":36,"turns":3},{"damage":15,"enemies":"Sphere and 2 Shapes","floor":37,"turns":2},{"damage":39,"enemies":"Nightmare","floor":41,"turns":8},{"damage":12,"enemies":"2 Orb Walkers","floor":44,"turns":2},{"damage":67,"enemies":"Donu and Deca","floor":50,"turns":4}],"seed_played":"3416070448895596065","potions_obtained":[{"floor":3,"key":"ColorlessPotion"},{"floor":4,"key":"PlaceholderMod:PlaceholderPotion"},{"floor":10,"key":"SmokeBomb"},{"floor":16,"key":"Flashbang"},{"floor":21,"key":"Swift Potion"},{"floor":28,"key":"PowerPotion"}],"is_trial":false,"path_per_floor":["M","?","M","M","$","R","M","R","T","M","$","R","M","E","R_BF","B",null,"M","AVR","M","M","?","R","NM","R","T","R","M","$","?","M","R_BF","B",null,"M","M","M","?","AVR","R","NM","R","T","?","?","R","$","T","R_BF","B"],"character_chosen":"THE_SERVANT","items_purchased":["Solidify","BottledTime","Alleviate","expansioncontent:DashGenerateEvil","SilverBlades","Replay:Dark Deal","Replay:Sssssssssstrike"],"campfire_rested":6,"item_purchase_floors":[5,5,11,29,29,47,47],"current_hp_per_floor":[50,50,50,47,47,47,46,46,46,39,39,58,51,51,56,32,70,52,52,34,13,13,34,26,47,47,47,36,51,51,44,44,56,70,39,53,38,29,29,50,21,42,42,30,30,51,66,66,66,0,0],"gold":14,"neow_bonus":"THREE_RARE_CARDS","is_daily":false,"chose_seed":false,"campfire_upgraded":5,"win_rate":0.0,"timestamp":1610508451,"path_taken":["M","?","?","M","?","R","M","R","T","M","?","R","M","E","R_BF","BOSS","M","AVR","M","M","?","R","NM","R","T","R","M","$","?","M","R_BF","BOSS","M","M","M","?","AVR","R","NM","R","T","?","?","R","$","?","R_BF","BOSS"],"items_purchased_type":["Card","Card","Card","Card","Card","Card","Card"],"build_version":"2020-12-22","purchased_purges":1,"victory":false,"max_hp_per_floor":[65,65,65,65,65,65,65,65,65,65,65,65,65,65,70,70,70,70,70,70,70,70,70,70,70,70,70,70,70,70,70,70,70,70,70,70,70,70,70,70,70,70,70,70,70,70,70,70,70,70,70],"card_choices":[{"not_picked":["TrueSight","PendulumOfEternity"],"picked":"LightFlow","floor":0},{"not_picked":["Revamp","Rewind"],"picked":"ShatteredReality","floor":1},{"not_picked":["Rewind","BottledTime"],"picked":"ShatteredReality","floor":3},{"not_picked":["Rewind","Revamp"],"picked":"Potential","floor":4},{"not_picked":["Rewind","Revamp"],"picked":"MurderousAura","floor":7},{"not_picked":["Unruled","BottledTime"],"picked":"Starlight","floor":10},{"not_picked":["Read","Barrier"],"picked":"Misdirection","floor":13},{"not_picked":["Barrier","Rewind"],"picked":"FlawlessForm","floor":14},{"not_picked":["ForgedInTime","Solidify"],"picked":"TrueSight","floor":16},{"not_picked":["Languid","hexamod:Haunted"],"picked":"Replay:UnknownCurse","floor":17},{"not_picked":["Amnesia","ReplayTheSpireMod:Restless Dread"],"picked":"Hallucinations","floor":17},{"not_picked":["Looming Evil","Overencumbered"],"picked":"ReplayTheSpireMod:Faulty Equipment","floor":17},{"not_picked":["KillingDoll","Deadline"],"picked":"Moonlight","floor":18},{"not_picked":["GearUp","DoubleEdge"],"picked":"RealityMarble+1","floor":20},{"not_picked":["BestPractice","Snipe"],"picked":"DoubleEdge","floor":21},{"not_picked":["Revamp","Duplication"],"picked":"Advance+1","floor":24},{"not_picked":["Ricochet","Deadline+1"],"picked":"SurpressingFire+1","floor":28},{"not_picked":["BottledTime+1","Alleviate+1"],"picked":"Advance+1","floor":31},{"not_picked":["ForgedInTime","KillingDoll"],"picked":"Initiator","floor":33},{"not_picked":["hexamod:Sear","Slimebound:Tackle"],"picked":"TheCursedMod:CleanUpWorkshop","floor":34},{"not_picked":["ForgedInTime","Initiator"],"picked":"Sunlight","floor":34},{"not_picked":["Replay:BasicMightCard","expansioncontent:Sear"],"picked":"ReplayTheSpireMod:Private Reserves","floor":34},{"not_picked":["ReplayTheSpireMod:Chaos Vortex","ReplayTheSpireMod:Black Plague"],"picked":"infinitespire:UltimateForm","floor":34},{"not_picked":["Luminosity","FastForward"],"picked":"Ricochet+1","floor":35},{"not_picked":["DoubleEdge","WasteNot+1"],"picked":"Comet","floor":36},{"not_picked":["Deadline","DoubleEdge+1"],"picked":"Spin+1","floor":37},{"not_picked":["ReplayTheSpireMod:Haul","Replay:Fractal Strike"],"picked":"infinitespire:Oblivion","floor":41},{"not_picked":["Starlight+1","Reset"],"picked":"StarChef+1","floor":41},{"not_picked":["Gouge+1","LightFlow"],"picked":"BottledTime","floor":45},{"not_picked":["Spin","Revamp"],"picked":"FastForward+1","floor":45},{"not_picked":["FastForward+1","Alleviate"],"picked":"Spin+1","floor":45}],"player_experience":346026,"relics_obtained":[{"floor":14,"key":"Blue Candle"},{"floor":24,"key":"Grinning Jar"},{"floor":41,"key":"Tiny Chest"},{"floor":43,"key":"Frozen Egg 2"},{"floor":48,"key":"Molten Egg 2"},{"floor":49,"key":"StrikeDummy"}],"event_choices":[{"damage_healed":0,"gold_gain":0,"player_choice":"Trade","damage_taken":0,"relics_obtained":["NlothsMask"],"max_hp_gain":0,"max_hp_loss":0,"event_name":"FaceTrader","floor":2,"gold_loss":0},{"damage_healed":0,"gold_gain":0,"player_choice":"Donut","damage_taken":0,"max_hp_gain":5,"max_hp_loss":0,"event_name":"Big Fish","floor":15,"gold_loss":0},{"cards_removed":["Hallucinations"],"damage_healed":0,"gold_gain":0,"player_choice":"Elegance","damage_taken":0,"max_hp_gain":0,"max_hp_loss":0,"event_name":"Back to Basics","floor":22,"gold_loss":0},{"damage_healed":0,"gold_gain":0,"player_choice":"Rummage","damage_taken":0,"relics_obtained":["WarpedTongs"],"max_hp_gain":0,"max_hp_loss":0,"event_name":"Accursed Blacksmith","floor":30,"gold_loss":0,"cards_obtained":["Pain"]},{"damage_healed":0,"gold_gain":0,"player_choice":"Embrace Madness","damage_taken":9,"max_hp_gain":0,"max_hp_loss":0,"event_name":"Winding Halls","floor":38,"gold_loss":0,"cards_obtained":["Madness","Madness"]},{"damage_healed":0,"gold_gain":0,"player_choice":"Fight","damage_taken":0,"max_hp_gain":0,"max_hp_loss":0,"event_name":"Mysterious Sphere","floor":44,"gold_loss":0}],"is_beta":false,"boss_relics":[{"not_picked":["Fusion Hammer","Replay:Drink Me"],"picked":"Replay:Ancient Bell"},{"not_picked":["infinitespire:Satchel","Oddly Smooth Stone"],"picked":"MealTicket"},{"not_picked":["Gremlin Horn","infinitespire:Midas Blood"],"picked":"Mirror"},{"not_picked":["Unceasing Top","infinitespire:Lychee Nut"],"picked":"infinitespire:Magic Flask"},{"not_picked":["Busted Crown","Empty Cage"],"picked":"ReplayTheSpireMod:SealedPack"}],"items_purged_floors":[19],"is_endless":true,"potions_floor_spawned":[3,4,10,16,21,28,31],"killed_by":"Donu and Deca","ascension_level":0}}