{"host":"mi0eibewekhugwl1","time":1610543587,"event":{"mods":["AchievementEnabler","BaseMod","Colored Map","Colored Powertips","DeckTracker","Keyboard Shortcuts","Minty Spire (QoL Compilation)","Quick Restart","Rare Cards Sparkle","Relic Stats","StSLib","SuperFastMode","everything is the same but u backflip on backflip"],"gold_per_floor":[109,129,148,168,184,184,196,206,206,206,356,17,17,43,43,43,43],"floor_reached":16,"language":"KOR","playtime":322,"items_purged":["Doubt"],"score":208,"play_id":"86edd49c-5298-489a-8ef7-0450c16ba2de","local_time":"20210113221307","is_ascension_mode":true,"campfire_choices":[{"data":"Armaments","floor":6.0,"key":"SMITH"},{"data":"Immolate","floor":13.0,"key":"SMITH"},{"floor":15,"key":"REST"}],"circlet_count":0,"master_deck":["AscendersBane","Strike_R","Strike_R","Strike_R","Strike_R","Strike_R","Defend_R","Defend_R","Defend_R","Defend_R","Bash","Barricade","Reckless Charge","Battle Trance","Shrug It Off","Evolve","Armaments+1","Seeing Red","Wild Strike","Finesse","Immolate+1","Ghostly Armor"],"relics":["Burning Blood","Pear","TungstenRod"],"acts_visited":["Exordium"],"potions_floor_usage":[14],"damage_taken":[{"damage":16.0,"enemies":"Jaw Worm","floor":1.0,"turns":6.0},{"damage":1.0,"enemies":"2 Louse","floor":2.0,"turns":3.0},{"damage":1.0,"enemies":"Cultist","floor":3.0,"turns":3.0},{"damage":8.0,"enemies":"Red Slaver","floor":4.0,"turns":5.0},{"damage":10.0,"enemies":"2 Fungi Beasts","floor":5.0,"turns":3.0},{"damage":22.0,"enemies":"3 Louse","floor":7.0,"turns":6.0},{"damage":21.0,"enemies":"Exordium Thugs","floor":8.0,"turns":5.0},{"damage":32,"enemies":"Gremlin Nob","floor":14,"turns":4},{"damage":44,"enemies":"Hexaghost","floor":16,"turns":9}],"seed_played":"2884868668645042391","potions_obtained":[{"floor":3.0,"key":"HeartOfIron"},{"floor":4.0,"key":"ColorlessPotion"},{"floor":8.0,"key":"DuplicationPotion"},{"floor":14,"key":"SteroidPotion"}],"is_trial":false,"path_per_floor":["M","M","M","M","M","R","M","M","T","?","?","$","R","E","R","B"],"character_chosen":"IRONCLAD","items_purchased":["Finesse","Immolate"],"campfire_rested":1,"item_purchase_floors":[12,12],"current_hp_per_floor":[58,63,68,66,62,62,46,31,41,41,41,41,41,15,40,0,0],"gold":43,"neow_bonus":"ONE_RANDOM_RARE_CARD","is_daily":false,"chose_seed":false,"campfire_upgraded":2,"win_rate":0.0,"timestamp":1610543587,"path_taken":["M","M","M","M","M","R","M","M","T","?","?","$","R","E","R","BOSS"],"items_purchased_type":["Card","Card"],"build_version":"2020-12-22","purchased_purges":1,"victory":false,"max_hp_per_floor":[75,75,75,75,75,75,75,75,85,85,85,85,85,85,85,85,85],"relic_stats":{"counters":[9,44],"obtain_stats":[{"Pear":9,"Burning Blood":0,"TungstenRod":14},{"Pear":7,"Burning Blood":0,"TungstenRod":8},{"Pear":31,"Burning Blood":0,"TungstenRod":35}],"Burning Blood":48,"TungstenRod":12},"card_choices":[{"not_picked":["Pommel Strike","Wild Strike"],"picked":"Reckless Charge","floor":1.0},{"not_picked":["Havoc","Clothesline"],"picked":"Battle Trance","floor":2.0},{"not_picked":["Sentinel","Sever Soul"],"picked":"Shrug It Off","floor":3.0},{"not_picked":["Wild Strike","Shockwave"],"picked":"Evolve","floor":4.0},{"not_picked":["Flex","Heavy Blade"],"picked":"Armaments","floor":5.0},{"not_picked":["Heavy Blade","Clothesline"],"picked":"Seeing Red","floor":7.0},{"not_picked":["Heavy Blade","Headbutt"],"picked":"Wild Strike","floor":8.0},{"not_picked":["Iron Wave","Searing Blow"],"picked":"Ghostly Armor","floor":14}],"player_experience":1739388,"relics_obtained":[{"floor":9.0,"key":"Pear"},{"floor":14,"key":"TungstenRod"}],"event_choices":[{"damage_healed":0.0,"max_hp_gain":0.0,"max_hp_loss":0.0,"gold_gain":0.0,"event_name":"Scrap Ooze","player_choice":"Fled","floor":10.0,"gold_loss":0.0,"damage_taken":0.0},{"damage_healed":0.0,"max_hp_gain":0.0,"max_hp_loss":0.0,"gold_gain":150.0,"event_name":"Liars Game","player_choice":"AGREE","floor":11.0,"gold_loss":0.0,"damage_taken":0.0,"cards_obtained":["Doubt"]}],"is_beta":false,"boss_relics":[],"items_purged_floors":[12],"is_endless":false,"potions_floor_spawned":[3,4,8,14],"killed_by":"Hexaghost","ascension_level":20}}