{"host":"67w4bo1ws77yotej","time":1610512584,"event":{"mods":["AchievementEnabler","Arknights The Spire","Aspiration","BaseMod","Beaked The Cultist","BetterRewards","Conspire","Downfall","Ekko","Energized Spire","Friendly Minions","Gremlin Mod","Halation","Hero for Fun","Hubris","Infinite Spire","Kiyohime????","Minty Spire (QoL Compilation)","READ ME - Guardian Mod","READ ME - Snecko Mod","Spicy Shops","StSLib","The Forsaken","The Jungle","The Wild Card","TheHero","vexMod"],"gold_per_floor":[115,135,154,154,172,14,14,0,0,0,11,23,47,47,47,149,149,162,162,182,182,182,182,182,182,195,195,195,195,195,212,212,313,313,324,341,341,341,341,341,341,355,406,406,662,687,687,56,56,56],"floor_reached":51,"language":"ENG","playtime":3061,"items_purged":[],"score":861,"play_id":"5dea8454-a642-4a3e-8262-f084bbb43e94","local_time":"20210113053624","is_ascension_mode":false,"campfire_choices":[{"data":"infinitespire:SevenWalls","floor":15,"key":"SMITH"},{"data":"KiyohimeMod:Shapeshift","floor":25,"key":"SMITH"},{"data":"KiyohimeMod:DragonVein","floor":30,"key":"SMITH"},{"data":"KiyohimeMod:JeweledSword","floor":32,"key":"SMITH"},{"data":"KiyohimeMod:MagicCrystal","floor":44,"key":"SMITH"},{"data":"KiyohimeMod:ImaginaryNumberMagecraft","floor":47,"key":"SMITH"},{"data":"KiyohimeMod:AVerseOfBurningLoveStory","floor":49,"key":"SMITH"}],"circlet_count":0,"master_deck":["KiyohimeMod:Defend","KiyohimeMod:Defend","KiyohimeMod:Defend","KiyohimeMod:Shapeshift+1","hubris:Ssssneak","KiyohimeMod:BlueBlackKey","KiyohimeMod:AndSoTheShipConquers","KiyohimeMod:BlueBlackKey","infinitespire:SevenWalls+1","KiyohimeMod:CommandCard_Quick","KiyohimeMod:DragonVein+1","KiyohimeMod:RedBlackKey","KiyohimeMod:RealityMarble","KiyohimeMod:RedBlackKey+1","KiyohimeMod:BlueBlackKey","Bite","Bite","Bite","Bite","Bite","KiyohimeMod:CommandCard_Arts+1","KiyohimeMod:MagicCrystal+1","KiyohimeMod:CelestialInvertedMoon+1","expansioncontent:ChargeUp","KiyohimeMod:CelestialInvertedMoon+1","KiyohimeMod:AndSoTheShipConquers+1","KiyohimeMod:Servant_Osakabehime+1","KiyohimeMod:Preemptive","KiyohimeMod:ImaginaryNumberMagecraft+1","KiyohimeMod:AVerseOfBurningLoveStory+1","KiyohimeMod:BeElegant+1","KiyohimeMod:RealityMarble+1","KiyohimeMod:Preemptive","KiyohimeMod:BeastOfBillows+1"],"relics":["KiyohimeMod:FireDragon","Tiny Chest","conspire:DeflatedDodgeball","hubris:Towel","Bag of Preparation","vexMod:BigBerry","vexMod:RetaliationKit","Nilry\u0027s Codex","halation:PinkSoulGem","Oddly Smooth Stone","vexMod:RedPlottingStone","halation:Diary","energizedSpire:DeadBattery","hubris:ScarierMask","vexMod:ScavengeHelm","Astrolabe","halation:EternalFortune","halation:PapillonHeart","hubris:MysteriousPyramids","Bag of Marbles","Orrery","theForsaken:Gavel","Kunai","Strawberry","Toolbox"],"acts_visited":["Exordium","TheCity","TheBeyond"],"potions_floor_usage":[11,16,16,33,45],"damage_taken":[{"damage":3,"enemies":"2 Louse","floor":1,"turns":2},{"damage":2,"enemies":"Cultist","floor":2,"turns":5},{"damage":6,"enemies":"Jaw Worm","floor":3,"turns":4},{"damage":0,"enemies":"2 Fungi Beasts","floor":5,"turns":4},{"damage":0,"enemies":"downfall:FleeingMerchant","floor":6,"turns":4},{"damage":6,"enemies":"downfall:FleeingMerchant","floor":8,"turns":4},{"damage":0,"enemies":"Red Slaver","floor":11,"turns":4},{"damage":0,"enemies":"Large Slime","floor":12,"turns":5},{"damage":8,"enemies":"downfall:Silent","floor":16,"turns":8},{"damage":0,"enemies":"Shell Parasite","floor":18,"turns":4},{"damage":0,"enemies":"3 Byrds","floor":20,"turns":4},{"damage":21,"enemies":"conspire:HollyBat","floor":26,"turns":8},{"damage":0,"enemies":"Shelled Parasite and Fungi","floor":31,"turns":3},{"damage":0,"enemies":"Champ","floor":33,"turns":8},{"damage":0,"enemies":"3 Darklings","floor":35,"turns":3},{"damage":0,"enemies":"3 Shapes","floor":36,"turns":2},{"damage":0,"enemies":"3 Darklings","floor":42,"turns":4},{"damage":0,"enemies":"downfall:FleeingMerchant","floor":45,"turns":3},{"damage":2,"enemies":"Giant Head","floor":46,"turns":8},{"damage":0,"enemies":"downfall:Watcher","floor":50,"turns":4}],"seed_played":"-5640461739558619784","potions_obtained":[{"floor":3,"key":"EssenceOfSteel"},{"floor":11,"key":"Swift Potion"},{"floor":12,"key":"EssenceOfSteel"},{"floor":18,"key":"Energy Potion"},{"floor":20,"key":"Strength Potion"},{"floor":31,"key":"ColorlessPotion"},{"floor":33,"key":"sneckomod:MuddlingPotion"},{"floor":46,"key":"Fire Potion"}],"is_trial":false,"path_per_floor":["M","M","M","?","M","$","T","$","?","?","M","M","T","?","R","B",null,"M","?","M","T","?","?","T","R","M","?","T","AVR","R","M","R","B",null,"M","M","?","AVR","?","?","T","M","T","R","$","E","R","$","R","B",null],"character_chosen":"Kiyohime","items_purchased":["Tiny Chest","Orrery","DistilledChaos","Kunai","Strawberry","Toolbox"],"campfire_rested":0,"item_purchase_floors":[6,45,48,48,48,48],"current_hp_per_floor":[57,55,49,33,33,33,33,27,27,27,27,27,27,47,47,39,90,90,100,100,100,84,84,84,84,63,63,63,63,63,63,63,69,69,69,69,69,69,72,68,68,68,68,68,68,68,68,75,75,75],"gold":56,"neow_bonus":"RANDOM_COLORLESS","is_daily":false,"chose_seed":false,"campfire_upgraded":7,"win_rate":0.0,"timestamp":1610512584,"path_taken":["M","M","M","?","M","?","T","$","?","?","?","M","?","?","R","BOSS","M","?","?","?","?","?","T","R","M","?","?","AVR","R","M","R","BOSS","M","M","?","AVR","?","?","T","M","?","R","$","E","R","$","R","BOSS"],"items_purchased_type":["Relic","Relic","Potion","Relic","Relic","Relic"],"build_version":"2020-12-22","purchased_purges":0,"victory":true,"max_hp_per_floor":[60,60,60,60,60,60,60,60,60,60,60,60,60,60,60,60,90,90,100,100,100,100,100,100,100,100,69,69,69,69,69,69,69,69,69,69,69,69,72,68,68,68,68,68,68,68,68,75,75,75],"card_choices":[{"not_picked":["Trip","expansioncontent:DecasProtection"],"picked":"hubris:Ssssneak","floor":0},{"not_picked":["KiyohimeMod:EatSoul","KiyohimeMod:CelestialInvertedMoon"],"picked":"KiyohimeMod:BlueBlackKey","floor":1},{"not_picked":["KiyohimeMod:DragonVein","KiyohimeMod:SteelTraining"],"picked":"KiyohimeMod:AndSoTheShipConquers","floor":2},{"not_picked":["KiyohimeMod:Berserker","KiyohimeMod:EatSoul"],"picked":"KiyohimeMod:BlueBlackKey","floor":3},{"not_picked":["infinitespire:Oblivion","infinitespire:FinalStrike"],"picked":"infinitespire:SevenWalls","floor":4},{"not_picked":["KiyohimeMod:WaterTurn","KiyohimeMod:BeElegant"],"picked":"KiyohimeMod:CommandCard_Quick","floor":5},{"not_picked":["KiyohimeMod:BlueBlackKey","KiyohimeMod:RedBlackKey"],"picked":"KiyohimeMod:JeweledSword","floor":6},{"not_picked":["KiyohimeMod:RedBlackKey","KiyohimeMod:CommandCard_Quick"],"picked":"KiyohimeMod:DragonVein","floor":8},{"not_picked":["KiyohimeMod:ImaginaryAround","KiyohimeMod:FacelessMoon","KiyohimeMod:Fragarach"],"picked":"SKIP","floor":11},{"not_picked":["KiyohimeMod:SteelTraining","KiyohimeMod:GreenBlackKey"],"picked":"KiyohimeMod:RedBlackKey","floor":12},{"not_picked":["KiyohimeMod:Barrier","KiyohimeMod:MagicCrystal"],"picked":"KiyohimeMod:JeweledSword","floor":16},{"not_picked":["KiyohimeMod:Berserker","KiyohimeMod:SteelTraining"],"picked":"KiyohimeMod:RealityMarble","floor":18},{"not_picked":["KiyohimeMod:RealityMarble+1","KiyohimeMod:AVerseOfBurningLoveStory"],"picked":"KiyohimeMod:RedBlackKey+1","floor":20},{"not_picked":["KiyohimeMod:GreenBlackKey","KiyohimeMod:BeElegant"],"picked":"KiyohimeMod:BlueBlackKey","floor":26},{"not_picked":["KiyohimeMod:WaterTurn","KiyohimeMod:SteelTraining"],"picked":"KiyohimeMod:CommandCard_Arts+1","floor":31},{"not_picked":["KiyohimeMod:JeweledSword","KiyohimeMod:FacelessMoon"],"picked":"KiyohimeMod:MagicCrystal","floor":33},{"not_picked":["KiyohimeMod:GreenBlackKey+1","KiyohimeMod:EatSoul","KiyohimeMod:SteelTraining+1"],"picked":"SKIP","floor":35},{"not_picked":["KiyohimeMod:WaterTurn","KiyohimeMod:AgainstMagic+1"],"picked":"KiyohimeMod:CelestialInvertedMoon+1","floor":36},{"not_picked":["expansioncontent:GoopSpray","expansioncontent:DefensiveMode"],"picked":"expansioncontent:ChargeUp","floor":37},{"not_picked":["KiyohimeMod:BeastOfBillows","KiyohimeMod:WaterTurn+1"],"picked":"KiyohimeMod:Preemptive","floor":42},{"not_picked":["KiyohimeMod:GreenBlackKey+1","KiyohimeMod:BlueBlackKey+1"],"picked":"KiyohimeMod:ImaginaryNumberMagecraft","floor":45},{"not_picked":["KiyohimeMod:AndSoTheShipConquers+1","KiyohimeMod:WaterTurn"],"picked":"KiyohimeMod:AVerseOfBurningLoveStory","floor":45},{"not_picked":["KiyohimeMod:BlueBlackKey+1","KiyohimeMod:RealityMarble"],"picked":"KiyohimeMod:BeElegant+1","floor":45},{"not_picked":["KiyohimeMod:GreenBlackKey+1","KiyohimeMod:BeastOfBillows+1"],"picked":"KiyohimeMod:RealityMarble+1","floor":45},{"not_picked":["KiyohimeMod:Fragarach+1","KiyohimeMod:SteelTraining"],"picked":"KiyohimeMod:Preemptive","floor":45},{"not_picked":["KiyohimeMod:LimitedZeroOver+1","KiyohimeMod:Berserker+1"],"picked":"KiyohimeMod:BeastOfBillows+1","floor":45},{"not_picked":["KiyohimeMod:WaterTurn","KiyohimeMod:Preemptive","KiyohimeMod:ImaginaryAround+1"],"picked":"SKIP","floor":46}],"player_experience":176312,"relics_obtained":[{"floor":7,"key":"conspire:DeflatedDodgeball"},{"floor":13,"key":"Bag of Preparation"},{"floor":21,"key":"vexMod:RetaliationKit"},{"floor":22,"key":"Nilry\u0027s Codex"},{"floor":24,"key":"Oddly Smooth Stone"},{"floor":28,"key":"vexMod:RedPlottingStone"},{"floor":41,"key":"hubris:MysteriousPyramids"},{"floor":43,"key":"Bag of Marbles"},{"floor":46,"key":"theForsaken:Gavel"}],"event_choices":[{"cards_removed":["KiyohimeMod:Defend"],"damage_healed":0,"gold_gain":0,"player_choice":"Purged","damage_taken":0,"max_hp_gain":0,"max_hp_loss":0,"event_name":"Purifier","floor":10,"gold_loss":0},{"damage_healed":20,"gold_gain":0,"player_choice":"Banana","damage_taken":0,"max_hp_gain":0,"max_hp_loss":0,"event_name":"Big Fish","floor":14,"gold_loss":0},{"cards_removed":["KiyohimeMod:JeweledSword"],"damage_healed":0,"gold_gain":0,"player_choice":"Offered Rare","damage_taken":0,"max_hp_gain":10,"max_hp_loss":0,"event_name":"Bonfire Elementals","floor":19,"gold_loss":0},{"damage_healed":0,"gold_gain":0,"player_choice":"Became a vampire","damage_taken":0,"max_hp_gain":0,"max_hp_loss":31,"event_name":"Vampires","floor":27,"gold_loss":0,"cards_obtained":["Bite","Bite","Bite","Bite","Bite"]}],"is_beta":false,"boss_relics":[{"not_picked":["hubris:CrackedHourglass","energizedSpire:OgreHead"],"picked":"vexMod:BigBerry"},{"not_picked":["hubris:HollowSoul","halation:PlatinumPhoenix"],"picked":"hubris:ScarierMask"}],"items_purged_floors":[],"is_endless":false,"potions_floor_spawned":[3,11,12,18,20,31,33,46],"ascension_level":0}}