{"host":"5waj3nq586zfb9qv","time":1610550595,"event":{"mods":["BaseMod","Better Vampires","Colored Map","Colored Powertips","GifTheSpireLib","Highlight Path","Minty Spire (QoL Compilation)","Quick Restart","Shop Mod","StSLib","SuperFastMode","The Servant 0.9.4","Waifu the Spire"],"gold_per_floor":[113,188,202,45,45,45,80,95,95,113,113,13,13,31,31,31,31],"floor_reached":16,"language":"ZHS","playtime":1034,"items_purged":["Strike_S"],"score":150,"play_id":"5059431d-476e-4b36-8c69-cd1cc0871791","local_time":"20210113230955","is_ascension_mode":false,"campfire_choices":[{"data":"Ricochet","floor":6,"key":"SMITH"},{"data":"Defy","floor":11,"key":"SMITH"},{"data":"KidneyShot","floor":15,"key":"SMITH"}],"circlet_count":0,"master_deck":["Strike_S","Strike_S","Strike_S+1","Defend_S","Defend_S","Defend_S","Defend_S","KidneyShot+1","Exchange","ShiftingGears","Ricochet+1","TheWorld+1","BestPractice","Regret","TimeWarp","Defy+1","WasteNot","Unruled","FanOfKnives"],"relics":["Uniform","NeowsBlessing","Calipers","Omamori","Mango"],"acts_visited":["Exordium"],"potions_floor_usage":[8],"damage_taken":[{"damage":0,"enemies":"Small Slimes","floor":1,"turns":1},{"damage":0,"enemies":"2 Louse","floor":3,"turns":1},{"damage":0,"enemies":"Gremlin Nob","floor":7,"turns":1},{"damage":0,"enemies":"Cultist","floor":8,"turns":3},{"damage":7,"enemies":"Blue Slaver","floor":10,"turns":4},{"damage":7,"enemies":"Red Slaver","floor":14,"turns":5},{"damage":42,"enemies":"Hexaghost","floor":16,"turns":12}],"seed_played":"-1127099372275445574","potions_obtained":[{"floor":1,"key":"Regen Potion"},{"floor":8,"key":"Fruit Juice"},{"floor":14,"key":"EssenceOfSteel"}],"is_trial":false,"path_per_floor":["M","?","M","$","?","R","E","M","T","M","R","$","?","M","R","B"],"character_chosen":"THE_SERVANT","items_purchased":["TheWorld","BestPractice","Unruled"],"campfire_rested":0,"item_purchase_floors":[4,4,12],"current_hp_per_floor":[65,54,54,54,54,54,54,59,73,66,66,66,49,42,42,0,0],"gold":31,"neow_bonus":"THREE_ENEMY_KILL","is_daily":false,"chose_seed":false,"campfire_upgraded":3,"win_rate":0.0,"timestamp":1610550595,"path_taken":["M","?","M","$","?","R","E","M","T","M","R","$","?","M","R","BOSS"],"items_purchased_type":["Card","Card","Card"],"build_version":"2020-12-22","purchased_purges":1,"victory":false,"max_hp_per_floor":[65,65,65,65,65,65,65,70,84,84,84,84,84,84,84,84,84],"card_choices":[{"not_picked":["Shuttle","Alleviate"],"picked":"ShiftingGears","floor":1},{"not_picked":["InstantArmor","DoubleEdge"],"picked":"Ricochet","floor":3},{"not_picked":["Unruled","Desolation"],"picked":"TimeWarp","floor":7},{"not_picked":["Reset","Shuttle"],"picked":"Defy","floor":8},{"not_picked":["FastForward","Rewind"],"picked":"WasteNot","floor":10},{"not_picked":["Advance","Rewind"],"picked":"FanOfKnives","floor":14}],"player_experience":44548,"relics_obtained":[{"floor":7,"key":"Omamori"},{"floor":9,"key":"Mango"}],"event_choices":[{"damage_healed":0,"gold_gain":75,"player_choice":"Gather Gold","damage_taken":11,"max_hp_gain":0,"max_hp_loss":0,"event_name":"World of Goop","floor":2,"gold_loss":0},{"damage_healed":0,"gold_gain":0,"player_choice":"Box","damage_taken":0,"relics_obtained":["Calipers"],"max_hp_gain":0,"max_hp_loss":0,"event_name":"Big Fish","floor":5,"gold_loss":0,"cards_obtained":["Regret"]},{"damage_healed":0,"gold_gain":0,"player_choice":"Entered Light","damage_taken":17,"max_hp_gain":0,"max_hp_loss":0,"event_name":"Shining Light","floor":13,"gold_loss":0,"cards_upgraded":["TheWorld","Strike_S"]}],"is_beta":false,"boss_relics":[],"items_purged_floors":[12],"is_endless":false,"potions_floor_spawned":[1,8,14],"killed_by":"Hexaghost","ascension_level":0}}