{"host":"khm4we1ijduz33xh","time":1610512346,"event":{"mods":["AchievementEnabler","BaseMod","Colored Map","Minty Spire (QoL Compilation)","Rare Cards Sparkle","StSLib","SuperFastMode"],"gold_per_floor":[111,127,140,157,42,42,42,71,71,23,52,67,67,86,86,187,187,198,217,120,134,134,134,152,163,188,188,188],"floor_reached":27,"language":"KOR","playtime":1290,"items_purged":["Reprogram"],"score":250,"play_id":"1a8f425a-5a05-4831-ab0b-e7745aac9693","local_time":"20210113133226","is_ascension_mode":true,"campfire_choices":[{"data":"Zap","floor":6.0,"key":"SMITH"},{"floor":13.0,"key":"REST"},{"data":"Creative AI","floor":15.0,"key":"SMITH"},{"floor":23,"key":"REST"}],"circlet_count":0,"master_deck":["Zap+1","Dualcast","Reboot","Conserve Battery","Turbo","Defragment","Tempest","FTL","Defragment","Sunder","Creative AI+1","Glacier","Cold Snap","Echo Form+1","Recycle","Melter","Core Surge","Doom and Gloom","Heatsinks","Coolheaded","Beam Cell+1","Amplify","Turbo","Stack"],"relics":["Cracked Core","Emotion Chip","Pantograph","Mercury Hourglass","Pandora\u0027s Box","MealTicket"],"acts_visited":["Exordium","TheCity"],"potions_floor_usage":[21,24],"damage_taken":[{"damage":1.0,"enemies":"Cultist","floor":1.0,"turns":3.0},{"damage":2.0,"enemies":"Small Slimes","floor":2.0,"turns":3.0},{"damage":3.0,"enemies":"2 Louse","floor":3.0,"turns":3.0},{"damage":16.0,"enemies":"Lots of Slimes","floor":4.0,"turns":3.0},{"damage":34.0,"enemies":"Gremlin Nob","floor":8.0,"turns":4.0},{"damage":9.0,"enemies":"3 Sentries","floor":11.0,"turns":4.0},{"damage":0.0,"enemies":"2 Fungi Beasts","floor":12.0,"turns":2.0},{"damage":7.0,"enemies":"Red Slaver","floor":14.0,"turns":2.0},{"damage":23.0,"enemies":"Slime Boss","floor":16.0,"turns":4.0},{"damage":1.0,"enemies":"Spheric Guardian","floor":18.0,"turns":3.0},{"damage":30.0,"enemies":"3 Byrds","floor":19.0,"turns":3.0},{"damage":36,"enemies":"Snake Plant","floor":21,"turns":5},{"damage":24,"enemies":"Centurion and Healer","floor":24,"turns":6},{"damage":0,"enemies":"3 Cultists","floor":25,"turns":4},{"damage":6,"enemies":"Snake Plant","floor":27,"turns":1}],"seed_played":"-5149582713832664346","potions_obtained":[{"floor":1.0,"key":"Block Potion"},{"floor":8.0,"key":"ColorlessPotion"},{"floor":16.0,"key":"SkillPotion"},{"floor":18.0,"key":"Energy Potion"}],"is_trial":false,"path_per_floor":["M","M","M","M","$","R","?","E","T","$","E","M","R","M","R","B",null,"M","M","$","M","?","R","M","M","T","M"],"character_chosen":"DEFECT","items_purchased":["FTL","Defragment","Explosive Potion","Turbo"],"campfire_rested":2,"item_purchase_floors":[5,5,10,20],"current_hp_per_floor":[74,72,69,53,53,53,53,19,19,19,10,10,32,25,25,27,75,74,44,44,8,8,30,6,6,6,0,0],"gold":188,"neow_bonus":"ONE_RANDOM_RARE_CARD","is_daily":false,"chose_seed":false,"campfire_upgraded":2,"win_rate":0.0,"timestamp":1610512346,"path_taken":["M","?","M","M","$","R","?","E","T","$","E","M","R","M","R","BOSS","M","M","$","M","?","R","M","?","T","M"],"items_purchased_type":["Card","Card","Potion","Card"],"build_version":"2020-12-22","purchased_purges":1,"victory":false,"max_hp_per_floor":[75,75,75,75,75,75,75,75,75,75,75,75,75,75,75,75,75,75,75,75,75,75,75,75,75,75,75,75],"card_choices":[{"not_picked":["Auto Shields","Rebound"],"picked":"Conserve Battery","floor":1.0},{"not_picked":["Go for the Eyes","Sweeping Beam"],"picked":"Turbo","floor":2.0},{"not_picked":["Rebound","Conserve Battery"],"picked":"Defragment","floor":3.0},{"not_picked":["Steam","Ball Lightning"],"picked":"Tempest","floor":4.0},{"not_picked":["Gash","Steam"],"picked":"Creative AI","floor":8.0},{"not_picked":["Hologram","Gash"],"picked":"Glacier","floor":11.0},{"not_picked":["Beam Cell","Blizzard"],"picked":"Cold Snap","floor":12.0},{"not_picked":["Go for the Eyes","Cold Snap","Gash"],"picked":"SKIP","floor":14.0},{"not_picked":["Meteor Strike","Fission"],"picked":"Echo Form","floor":16.0},{"not_picked":["Hologram","Lockon+1"],"picked":"Beam Cell+1","floor":18.0},{"not_picked":["Barrage","Gash+1"],"picked":"Amplify","floor":19.0},{"not_picked":["Compile Driver+1","Reprogram","Coolheaded"],"picked":"SKIP","floor":21},{"not_picked":["Rebound","FTL","Barrage+1"],"picked":"SKIP","floor":24},{"not_picked":["Melter","Ball Lightning"],"picked":"Stack","floor":25}],"player_experience":219432,"relics_obtained":[{"floor":8.0,"key":"Emotion Chip"},{"floor":9.0,"key":"Pantograph"},{"floor":11.0,"key":"Mercury Hourglass"},{"floor":26,"key":"MealTicket"}],"event_choices":[{"damage_healed":0.0,"max_hp_gain":0.0,"max_hp_loss":0.0,"gold_gain":0.0,"cards_transformed":["Strike_B"],"event_name":"Living Wall","player_choice":"Change","floor":7.0,"gold_loss":0.0,"damage_taken":0.0,"cards_obtained":["Sunder"]},{"damage_healed":0,"gold_gain":0,"player_choice":"Upgraded","damage_taken":0,"max_hp_gain":0,"max_hp_loss":0,"event_name":"Upgrade Shrine","floor":22,"gold_loss":0,"cards_upgraded":["Echo Form"]}],"is_beta":false,"boss_relics":[{"not_picked":["SlaversCollar","Coffee Dripper"],"picked":"Pandora\u0027s Box"}],"items_purged_floors":[20],"is_endless":false,"potions_floor_spawned":[1,8,16,18],"killed_by":"Snake Plant","ascension_level":2}}