{"host":"rolltorest","time":1610511394,"event":{"mods":["BaseMod","Minty Spire (QoL Compilation)","Relic Stats","Slay the Relics Exporter","StSLib","The Bladedancer"],"gold_per_floor":[113,188,27,27,27,60,60,79,79,79,98,98,98],"floor_reached":12,"language":"ENG","playtime":124,"items_purged":[],"score":202,"play_id":"bb5e88ec-e791-4875-aa58-7a96f7a0dc1c","local_time":"20210112201634","is_ascension_mode":true,"campfire_choices":[{"data":"blademaster:Breeze","floor":7,"key":"SMITH"},{"data":"blademaster:RagingBlow","floor":10,"key":"SMITH"}],"circlet_count":0,"master_deck":["AscendersBane","blademaster:Strike","blademaster:Strike","blademaster:Strike","blademaster:Strike+1","blademaster:Defend","blademaster:Defend","blademaster:Defend","blademaster:Defend","blademaster:RagingBlow+1","blademaster:HighVoltage","blademaster:Quickstep","blademaster:Cut","blademaster:LeechingStrike+1","blademaster:FuriousStrike","blademaster:Breeze+1","blademaster:Blockade"],"relics":["blademaster:DancersAmulet","NeowsBlessing","Orrery","Boot","Shuriken"],"acts_visited":["Exordium"],"potions_floor_usage":[],"damage_taken":[{"damage":0,"enemies":"Jaw Worm","floor":1,"turns":1},{"damage":0,"enemies":"3 Sentries","floor":6,"turns":2},{"damage":0,"enemies":"Small Slimes","floor":8,"turns":1},{"damage":0,"enemies":"Cultist","floor":11,"turns":2},{"damage":8,"enemies":"Gremlin Nob","floor":12,"turns":3}],"seed_played":"-2691750049706891696","potions_obtained":[{"floor":6,"key":"Dexterity Potion"},{"floor":11,"key":"SpeedPotion"}],"is_trial":false,"path_per_floor":["M","?","$","?","$","E","R","M","T","R","M","E"],"character_chosen":"THE_BLADEMASTER","items_purchased":["Orrery"],"campfire_rested":0,"item_purchase_floors":[3],"current_hp_per_floor":[64,53,53,32,32,32,32,32,32,32,32,24,24],"gold":98,"neow_bonus":"THREE_ENEMY_KILL","is_daily":false,"chose_seed":false,"campfire_upgraded":2,"win_rate":0.0,"timestamp":1610511394,"path_taken":["M","?","$","?","$","E","R","M","T","R","M","E"],"items_purchased_type":["Relic"],"build_version":"2020-12-18","purchased_purges":0,"victory":false,"max_hp_per_floor":[71,71,71,71,71,71,71,71,71,71,71,71,71],"relic_stats":{"counters":[5,9],"Shuriken":[4],"Boot":[12],"obtain_stats":[{"NeowsBlessing":0,"Shuriken":9,"Orrery":3,"blademaster:BleedingMoreDamagePerk":6,"blademaster:DancersAmulet":0,"Boot":6},{"NeowsBlessing":0,"Shuriken":3,"Orrery":1,"blademaster:BleedingMoreDamagePerk":2,"blademaster:DancersAmulet":0,"Boot":2},{"NeowsBlessing":0,"Shuriken":4,"Orrery":1,"blademaster:BleedingMoreDamagePerk":3,"blademaster:DancersAmulet":0,"Boot":3}]},"card_choices":[{"not_picked":["blademaster:ChargingUp","blademaster:Overcharge"],"picked":"blademaster:Quickstep","floor":1},{"not_picked":["blademaster:BloodyBlow","blademaster:Stability"],"picked":"blademaster:Cut","floor":3},{"not_picked":["blademaster:Meditate","blademaster:Quickness"],"picked":"blademaster:LeechingStrike","floor":3},{"not_picked":["blademaster:AwakeningStrike","blademaster:BladeCross"],"picked":"blademaster:FuriousStrike","floor":3},{"not_picked":["blademaster:Vortex","blademaster:Quickstep"],"picked":"blademaster:Breeze","floor":6},{"not_picked":["blademaster:BloodyBlow","blademaster:ThunderSlash","blademaster:AwakeningStrike"],"picked":"SKIP","floor":8},{"not_picked":["blademaster:AspectOfWind","blademaster:AwakeningStrike"],"picked":"blademaster:Blockade","floor":11}],"player_experience":1773338,"relics_obtained":[{"floor":6,"key":"Boot"},{"floor":6,"key":"blademaster:BleedingMoreDamagePerk"},{"floor":9,"key":"Shuriken"}],"event_choices":[{"damage_healed":0,"gold_gain":75,"player_choice":"Gather Gold","damage_taken":11,"max_hp_gain":0,"max_hp_loss":0,"event_name":"World of Goop","floor":2,"gold_loss":0},{"damage_healed":0,"gold_gain":0,"player_choice":"Entered Light","damage_taken":21,"max_hp_gain":0,"max_hp_loss":0,"event_name":"Shining Light","floor":4,"gold_loss":0,"cards_upgraded":["blademaster:LeechingStrike","blademaster:Strike"]}],"is_beta":true,"boss_relics":[],"items_purged_floors":[],"is_endless":false,"potions_floor_spawned":[6,11],"killed_by":"Gremlin Nob","ascension_level":20}}