{"host":"huzih8coe6eib4hq","time":1610515699,"event":{"mods":["BaseMod","Bestiary","Highlight Path","Minty Spire (QoL Compilation)","Relic Stats"],"gold_per_floor":[113,63,77,40,56,56,56,69,69,69,96,96,106,122,122,221,221,233,253,253,217,217,217,217,235,235,61,77,102,114,142,142,238,238,248,248,49,49,4,4,34,51,51,79,79,109,109,139,139,139],"floor_reached":51,"language":"ENG","playtime":8287,"items_purged":[],"score":1184,"play_id":"1ff32739-53ac-427f-a280-e94e0c46ab90","local_time":"20210113002819","is_ascension_mode":true,"campfire_choices":[{"data":"Skewer","floor":7.0,"key":"SMITH"},{"data":"Footwork","floor":10.0,"key":"SMITH"},{"data":"Panache","floor":12.0,"key":"SMITH"},{"data":"Well Laid Plans","floor":15.0,"key":"SMITH"},{"floor":23,"key":"REST"},{"data":"Tools of the Trade","floor":32,"key":"SMITH"},{"data":"After Image","floor":40,"key":"SMITH"},{"data":"Catalyst","floor":45,"key":"SMITH"},{"data":"Blind","floor":47,"key":"SMITH"},{"floor":49,"key":"REST"}],"circlet_count":0,"master_deck":["AscendersBane","Strike_G","Strike_G","Strike_G","Strike_G","Defend_G","Defend_G","Defend_G","Defend_G","Defend_G","Survivor","Neutralize","Panache+1","Escape Plan","Backflip","Footwork+1","Skewer+1","Blade Dance","Leg Sweep","Well Laid Plans+1","Tools of the Trade+1","Prepared+1","Caltrops","Footwork+1","Poisoned Stab+1","Noxious Fumes","Blind+1","Poisoned Stab+1","Underhanded Strike+1","After Image+1","Backstab+1","Blade Dance","Finisher+1","Blade Dance","Catalyst+1","Accuracy+1","Blade Dance"],"relics":["Ring of the Snake","Paper Crane","Du-Vu Doll","SacredBark","Nunchaku","Enchiridion","Molten Egg 2","Snake Skull","Shuriken","Empty Cage","Vajra","Pantograph","Gremlin Horn","Bronze Scales","Blood Vial"],"acts_visited":["Exordium","TheCity","TheBeyond"],"potions_floor_usage":[30,31,33,42,50,50,50],"damage_taken":[{"damage":10.0,"enemies":"Jaw Worm","floor":1.0,"turns":6.0},{"damage":4.0,"enemies":"2 Louse","floor":3.0,"turns":2.0},{"damage":6.0,"enemies":"Small Slimes","floor":5.0,"turns":6.0},{"damage":2.0,"enemies":"Blue Slaver","floor":8.0,"turns":4.0},{"damage":13.0,"enemies":"Gremlin Nob","floor":11.0,"turns":4.0},{"damage":6.0,"enemies":"Looter","floor":13.0,"turns":2.0},{"damage":0.0,"enemies":"2 Fungi Beasts","floor":14.0,"turns":2.0},{"damage":9.0,"enemies":"Hexaghost","floor":16.0,"turns":13.0},{"damage":6.0,"enemies":"3 Byrds","floor":18.0,"turns":3.0},{"damage":0.0,"enemies":"Shell Parasite","floor":19.0,"turns":4.0},{"damage":0,"enemies":"Centurion and Healer","floor":25,"turns":7},{"damage":11,"enemies":"Shelled Parasite and Fungi","floor":28,"turns":6},{"damage":0,"enemies":"Chosen and Byrds","floor":30,"turns":4},{"damage":19,"enemies":"Book of Stabbing","floor":31,"turns":6},{"damage":19,"enemies":"Collector","floor":33,"turns":7},{"damage":1,"enemies":"Orb Walker","floor":35,"turns":3},{"damage":45,"enemies":"Reptomancer","floor":41,"turns":7},{"damage":5,"enemies":"3 Shapes","floor":42,"turns":7},{"damage":11,"enemies":"Nemesis","floor":44,"turns":8},{"damage":0,"enemies":"Giant Head","floor":46,"turns":8},{"damage":27,"enemies":"Nemesis","floor":48,"turns":5},{"damage":12,"enemies":"Donu and Deca","floor":50,"turns":8}],"seed_played":"2203168866825415888","potions_obtained":[{"floor":5.0,"key":"AttackPotion"},{"floor":13.0,"key":"AttackPotion"},{"floor":14.0,"key":"Regen Potion"},{"floor":16.0,"key":"Explosive Potion"},{"floor":18.0,"key":"Energy Potion"},{"floor":19.0,"key":"Strength Potion"},{"floor":28,"key":"SkillPotion"},{"floor":35,"key":"Ancient Potion"},{"floor":42,"key":"PowerPotion"},{"floor":44,"key":"FearPotion"}],"is_trial":false,"path_per_floor":["M","?","M","$","M","?","R","M","T","R","E","R","M","M","R","B",null,"M","M","?","$","?","R","?","M","T","$","M","T","M","E","R","B",null,"M","?","$","?","$","R","E","M","T","E","R","E","R","E","R","B",null],"character_chosen":"THE_SILENT","items_purchased":["Footwork","Caltrops","Poisoned Stab+1","Noxious Fumes","Blind","Blade Dance","Finisher+1","Regen Potion","Blade Dance"],"campfire_rested":2,"item_purchase_floors":[4,21,27,27,27,37,37,37,39],"current_hp_per_floor":[53,53,49,49,43,66,66,64,64,64,51,51,45,45,45,36,62,56,56,56,56,40,61,61,61,61,61,50,50,50,65,65,46,64,63,63,63,63,63,63,18,62,62,51,51,51,51,24,43,54],"gold":139,"neow_bonus":"RANDOM_COLORLESS_2","is_daily":false,"chose_seed":false,"campfire_upgraded":8,"win_rate":0.0,"timestamp":1610515699,"path_taken":["M","?","M","$","M","?","R","M","T","R","E","R","M","M","R","BOSS","M","M","?","$","?","R","?","M","T","$","M","?","M","E","R","BOSS","M","?","$","?","?","R","E","M","T","E","R","E","R","E","R","BOSS"],"items_purchased_type":["Card","Card","Card","Card","Card","Card","Card","Potion","Card"],"build_version":"2020-12-22","purchased_purges":0,"victory":true,"max_hp_per_floor":[70,70,70,70,70,70,70,70,70,70,70,70,70,70,70,70,70,70,70,70,70,70,70,70,70,70,70,70,70,70,70,70,70,70,70,70,70,66,66,66,66,66,66,66,66,66,66,66,66,66],"relic_stats":{"Blood Vial":2,"Nunchaku":[18],"Gremlin Horn":[1,1],"counters":[22,122],"Shuriken":[35],"Pantograph":21,"Bronze Scales":[33],"Snake Skull":[76],"obtain_stats":[{"Gremlin Horn":44,"SacredBark":17,"Enchiridion":22,"Vajra":41,"Snake Skull":29,"Paper Crane":9,"Empty Cage":34,"Du-Vu Doll":11,"Blood Vial":48,"Nunchaku":20,"Shuriken":31,"Pantograph":43,"Bronze Scales":46,"Molten Egg 2":26,"Ring of the Snake":0},{"Gremlin Horn":19,"SacredBark":8,"Enchiridion":10,"Vajra":17,"Snake Skull":12,"Paper Crane":4,"Empty Cage":15,"Du-Vu Doll":5,"Blood Vial":21,"Nunchaku":10,"Shuriken":14,"Pantograph":18,"Bronze Scales":20,"Molten Egg 2":11,"Ring of the Snake":0},{"Gremlin Horn":101,"SacredBark":39,"Enchiridion":46,"Vajra":86,"Snake Skull":59,"Paper Crane":18,"Empty Cage":76,"Du-Vu Doll":22,"Blood Vial":114,"Nunchaku":46,"Shuriken":69,"Pantograph":93,"Bronze Scales":109,"Molten Egg 2":53,"Ring of the Snake":0}],"Ring of the Snake":[44]},"card_choices":[{"not_picked":["Mayhem","Chrysalis"],"picked":"Panache","floor":0.0},{"not_picked":["Bouncing Flask","Crippling Poison"],"picked":"Escape Plan","floor":1.0},{"not_picked":["Deflect","Dash"],"picked":"Backflip","floor":3.0},{"not_picked":["Concentrate","Choke"],"picked":"Skewer","floor":5.0},{"not_picked":["PiercingWail","Poisoned Stab"],"picked":"Slice","floor":8.0},{"not_picked":["Masterful Stab","Cloak And Dagger"],"picked":"Blade Dance","floor":11.0},{"not_picked":["Acrobatics","Predator"],"picked":"Leg Sweep","floor":13.0},{"not_picked":["PiercingWail","Bane"],"picked":"Well Laid Plans","floor":14.0},{"not_picked":["Grand Finale","A Thousand Cuts"],"picked":"Tools of the Trade","floor":16.0},{"not_picked":["Dash+1","Concentrate","Poisoned Stab"],"picked":"SKIP","floor":18.0},{"not_picked":["Dodge and Roll","Leg Sweep"],"picked":"Prepared+1","floor":19.0},{"not_picked":["Endless Agony","Setup+1"],"picked":"Footwork+1","floor":25},{"not_picked":["Flying Knee+1","Predator+1"],"picked":"Poisoned Stab+1","floor":28},{"not_picked":["Flying Knee+1","Slice+1","Riddle With Holes+1"],"picked":"SKIP","floor":30},{"not_picked":["Backflip","Prepared"],"picked":"Underhanded Strike+1","floor":31},{"not_picked":["Corpse Explosion","Night Terror"],"picked":"After Image","floor":33},{"not_picked":["Distraction","Acrobatics+1"],"picked":"Backstab+1","floor":35},{"not_picked":["Quick Slash+1","Choke+1","Underhanded Strike+1"],"picked":"SKIP","floor":41},{"not_picked":["Deadly Poison+1","Blade Dance+1"],"picked":"Catalyst","floor":42},{"not_picked":["Backflip+1","Dagger Spray+1","Quick Slash+1"],"picked":"SKIP","floor":44},{"not_picked":["Setup","Choke+1"],"picked":"Accuracy+1","floor":46},{"not_picked":["Doppelganger","Dagger Throw+1"],"picked":"Blade Dance","floor":48}],"player_experience":826870,"relics_obtained":[{"floor":9.0,"key":"Paper Crane"},{"floor":11.0,"key":"Du-Vu Doll"},{"floor":22,"key":"Enchiridion"},{"floor":26,"key":"Molten Egg 2"},{"floor":29,"key":"Snake Skull"},{"floor":31,"key":"Shuriken"},{"floor":41,"key":"Vajra"},{"floor":43,"key":"Pantograph"},{"floor":44,"key":"Gremlin Horn"},{"floor":46,"key":"Bronze Scales"},{"floor":48,"key":"Blood Vial"}],"event_choices":[{"cards_removed":["Decay"],"damage_healed":0.0,"max_hp_gain":0.0,"max_hp_loss":0.0,"gold_gain":0.0,"event_name":"The Cleric","player_choice":"Card Removal","floor":2.0,"gold_loss":50.0,"damage_taken":0.0},{"damage_healed":23.0,"max_hp_gain":0.0,"max_hp_loss":0.0,"gold_gain":0.0,"event_name":"Big Fish","player_choice":"Banana","floor":6.0,"gold_loss":0.0,"damage_taken":0.0},{"damage_healed":0.0,"max_hp_gain":0.0,"max_hp_loss":0.0,"gold_gain":0.0,"event_name":"Addict","player_choice":"Stole Relic","floor":20.0,"gold_loss":0.0,"damage_taken":0.0,"relics_obtained":["Nunchaku"],"cards_obtained":["Shame"]},{"damage_healed":0,"gold_gain":0,"player_choice":"Obtained Book","damage_taken":16,"max_hp_gain":0,"max_hp_loss":0,"event_name":"Cursed Tome","floor":22,"gold_loss":0},{"damage_healed":0,"gold_gain":0,"player_choice":"Ignored","damage_taken":0,"max_hp_gain":0,"max_hp_loss":0,"event_name":"Beggar","floor":24,"gold_loss":0},{"cards_removed":["Slice"],"damage_healed":0,"gold_gain":0,"player_choice":"Removed Attack","damage_taken":0,"max_hp_gain":0,"max_hp_loss":0,"event_name":"Falling","floor":36,"gold_loss":0},{"damage_healed":0,"gold_gain":0,"player_choice":"Max HP","damage_taken":0,"max_hp_gain":0,"max_hp_loss":4,"event_name":"Winding Halls","floor":38,"gold_loss":0}],"is_beta":false,"boss_relics":[{"not_picked":["Busted Crown","Runic Pyramid"],"picked":"SacredBark"},{"not_picked":["Ring of the Serpent","Pandora\u0027s Box"],"picked":"Empty Cage"}],"items_purged_floors":[],"is_endless":false,"potions_floor_spawned":[5,13,14,16,18,19,28,35,42,44],"ascension_level":10}}