{"host":"7qoz5gmva6til3yp","time":1610563144,"event":{"mods":["AchievementEnabler","BaseMod","Minty Spire (QoL Compilation)","Replay The Spire","StSLib","SuperFastMode"],"gold_per_floor":[113,123,142,161,161,196,196,228,228,248,263,263,273,42,42,144,144,160,200,211,494,519,553,553,572,572,572,512,543,553,588,588,684,684,703,208,222,222,242,274,298,326,338,350,376,388,200,213,213,213,213,213,38,66,100],"floor_reached":56,"language":"KOR","playtime":2353,"items_purged":["Strike_G","Defend_G","Strike_G"],"score":1526,"play_id":"e66073a5-3b04-4e26-b531-19f048243be2","local_time":"20210114033904","is_ascension_mode":false,"campfire_choices":[{"data":"Finisher","floor":7.0,"key":"SMITH"},{"data":"Phantasmal Killer","floor":12.0,"key":"SMITH"},{"data":"Blade Dance","floor":15.0,"key":"SMITH"},{"data":"Slice","floor":24.0,"key":"SMITH"},{"data":"Masterful Stab","floor":27.0,"key":"SMITH"},{"data":"Choke","floor":32.0,"key":"SMITH"},{"data":"ReplayTheSpireMod:Shiv Toss","floor":46.0,"key":"SMITH"},{"floor":49.0,"key":"RECALL"},{"data":"Accuracy","floor":52.0,"key":"SMITH"}],"circlet_count":0,"master_deck":["Strike_G","Strike_G","Strike_G","Defend_G","Defend_G","Defend_G","Survivor","Neutralize","Replay:Poison Smokescreen+1","PiercingWail","Prepared","Finisher+1","Slice+1","Blade Dance+1","Phantasmal Killer+1","Malaise+1","Parasite","ReplayTheSpireMod:Doomed","Sickly","Masterful Stab+1","Escape Plan","Backflip","Choke+1","Backstab","Hidden Blade","A Thousand Cuts","Leg Sweep+1","Purity","Panacea","ReplayTheSpireMod:Shiv Toss+1","Accuracy+1","Slice","Night Terror"],"relics":["Ring of the Snake","Replay:Baseball","Durian","Blue Candle","Lee\u0027s Waffle","Replay:Ancient Bell","Pet Ghost","ReplayTheSpireMod:Ninjato","Ice Cream","Du-Vu Doll","Guide Book","Quantum Egg","Onion Ring","Red Mask","StrikeDummy","Anchor","Lizard Tail","Runic Dome","TheAbacus","HornCleat","MawBank","Ornamental Fan","Ring of Hypnosis","Membership Card","Vajra","Replay:Bandana"],"acts_visited":["TheCity","TheBeyond","TheEnding"],"potions_floor_usage":[55,55,55,55,55],"damage_taken":[{"damage":0.0,"enemies":"Cultist","floor":1.0,"turns":3.0},{"damage":2.0,"enemies":"Jaw Worm","floor":2.0,"turns":5.0},{"damage":2.0,"enemies":"Small Slimes","floor":3.0,"turns":4.0},{"damage":1.0,"enemies":"Blue Slaver","floor":4.0,"turns":4.0},{"damage":10.0,"enemies":"Gremlin Nob","floor":6.0,"turns":3.0},{"damage":24.0,"enemies":"Lagavulin","floor":8.0,"turns":7.0},{"damage":5.0,"enemies":"3 Louse","floor":10.0,"turns":2.0},{"damage":0.0,"enemies":"Exordium Wildlife","floor":11.0,"turns":6.0},{"damage":0.0,"enemies":"Blue Slaver","floor":13.0,"turns":2.0},{"damage":0.0,"enemies":"Hexaghost","floor":16.0,"turns":6.0},{"damage":6.0,"enemies":"2 Thieves","floor":18.0,"turns":3.0},{"damage":0.0,"enemies":"Shell Parasite","floor":20.0,"turns":2.0},{"damage":1.0,"enemies":"Masked Bandits","floor":22.0,"turns":2.0},{"damage":0.0,"enemies":"Slavers","floor":23.0,"turns":1.0},{"damage":0.0,"enemies":"Sentry and Sphere","floor":25.0,"turns":1.0},{"damage":0.0,"enemies":"Gremlin Leader","floor":29.0,"turns":3.0},{"damage":7.0,"enemies":"Snecko","floor":30.0,"turns":4.0},{"damage":0.0,"enemies":"Slavers","floor":31.0,"turns":2.0},{"damage":0.0,"enemies":"Collector","floor":33.0,"turns":2.0},{"damage":0.0,"enemies":"3 Darklings","floor":35.0,"turns":3.0},{"damage":0.0,"enemies":"3 Shapes","floor":37.0,"turns":1.0},{"damage":0.0,"enemies":"Jaw Worm Horde","floor":39.0,"turns":1.0},{"damage":0.0,"enemies":"R_Hoarder","floor":40.0,"turns":3.0},{"damage":0.0,"enemies":"Spire Growth","floor":41.0,"turns":1.0},{"damage":0.0,"enemies":"3 Darklings","floor":42.0,"turns":3.0},{"damage":0.0,"enemies":"Sphere and 2 Shapes","floor":45.0,"turns":2.0},{"damage":0.0,"enemies":"Writhing Mass","floor":48.0,"turns":5.0},{"damage":20.0,"enemies":"Awakened One","floor":50.0,"turns":8.0},{"damage":3.0,"enemies":"Shield and Spear","floor":54.0,"turns":2.0},{"damage":64,"enemies":"The Heart","floor":55,"turns":7}],"seed_played":"-2764954685901364651","potions_obtained":[{"floor":1.0,"key":"Explosive Potion"},{"floor":3.0,"key":"Strength Potion"},{"floor":6.0,"key":"SneckoOil"},{"floor":10.0,"key":"CunningPotion"},{"floor":13.0,"key":"EntropicBrew"},{"floor":33.0,"key":"FearPotion"},{"floor":35.0,"key":"Milkshake"}],"is_trial":false,"path_per_floor":["M","M","M","M","?","E","R","E","T","M","M","R","M","$","R","B",null,"M","?","M","$","?","E","R","M","T","R","?","E","M","E","R","B",null,"M","$","M","?","M","E","M","M","T","?","M","R","$","M","R","B",null,"R","$","E","B",null],"character_chosen":"THE_SILENT","items_purchased":["Lee\u0027s Waffle","Guide Book","Quantum Egg","Onion Ring","Backflip","TheAbacus","HornCleat","Accuracy","Membership Card","Vajra","Night Terror"],"campfire_rested":0,"item_purchase_floors":[14,21,21,21,21,36,36,47,53,53,53],"current_hp_per_floor":[70,68,66,65,65,55,55,36,36,31,31,31,31,82,82,82,82,76,44,44,44,43,43,43,43,43,43,43,43,36,36,36,36,82,82,82,82,72,72,72,72,72,72,72,72,72,72,72,72,52,82,82,82,79,15],"gold":100,"neow_bonus":"TRANSFORM_CARD","is_daily":false,"chose_seed":false,"campfire_upgraded":8,"win_rate":0.0,"timestamp":1610563144,"path_taken":["M","M","M","?","?","E","R","E","T","M","M","R","M","$","R","BOSS","M","?","M","$","?","E","R","M","T","R","?","E","?","E","R","BOSS","M","$","M","?","M","E","M","M","T","?","M","R","$","M","R","BOSS","R","$","E","BOSS"],"items_purchased_type":["Relic","Relic","Relic","Relic","Card","Relic","Relic","Card","Relic","Relic","Card"],"build_version":"2020-12-22","purchased_purges":3,"victory":true,"max_hp_per_floor":[70,70,70,70,70,70,70,75,75,75,75,75,75,82,82,82,82,82,82,82,82,82,82,82,82,82,82,82,82,82,82,82,82,82,82,82,82,82,82,82,82,82,82,82,82,82,82,82,82,82,82,82,82,82,82],"card_choices":[{"not_picked":["Slice","ReplayTheSpireMod:The Works"],"picked":"PiercingWail","floor":1.0},{"not_picked":["Cloak And Dagger","PiercingWail"],"picked":"Prepared","floor":2.0},{"not_picked":["ReplayTheSpireMod:Scrap Shanks","Dodge and Roll"],"picked":"Finisher","floor":3.0},{"not_picked":["Poisoned Stab","Noxious Fumes","Expertise"],"picked":"SKIP","floor":4.0},{"not_picked":["Dash","ReplayTheSpireMod:Exploit Weakness"],"picked":"Slice","floor":6.0},{"not_picked":["Outmaneuver","Deadly Poison"],"picked":"Blade Dance","floor":8.0},{"not_picked":["Fluid Movement","Outmaneuver","Deadly Poison"],"picked":"SKIP","floor":10.0},{"not_picked":["Backflip","Sucker Punch"],"picked":"Phantasmal Killer","floor":11.0},{"not_picked":["Sucker Punch","Prepared","Bane"],"picked":"SKIP","floor":13.0},{"not_picked":["Phantasmal Killer","A Thousand Cuts"],"picked":"Malaise","floor":16.0},{"not_picked":["CurseOfTheBell","Hallucinations"],"picked":"Parasite","floor":17.0},{"not_picked":["CurseOfTheBell","Spreading Infection"],"picked":"ReplayTheSpireMod:Doomed","floor":17.0},{"not_picked":["Spreading Infection","Parasite"],"picked":"Sickly","floor":17.0},{"not_picked":["PiercingWail","Riddle With Holes"],"picked":"Masterful Stab","floor":18.0},{"not_picked":["Flying Knee","Venomology"],"picked":"Escape Plan","floor":20.0},{"not_picked":["Deadly Poison+1","Sneak Up","PiercingWail+1"],"picked":"SKIP","floor":23.0},{"not_picked":["Dagger Throw","Acrobatics","PiercingWail"],"picked":"SKIP","floor":25.0},{"not_picked":["Malaise","Reflex+1"],"picked":"Choke","floor":29.0},{"not_picked":["Dagger Throw","Underhanded Strike"],"picked":"Backstab","floor":30.0},{"not_picked":["Dagger Throw","Prepared+1"],"picked":"Hidden Blade","floor":31.0},{"not_picked":["Die Die Die","ReplayTheSpireMod:Necrosis"],"picked":"A Thousand Cuts","floor":33.0},{"not_picked":["Escape Plan","Blade Dance","PiercingWail"],"picked":"SKIP","floor":35.0},{"not_picked":["Prepared+1","Backflip"],"picked":"Leg Sweep+1","floor":37.0},{"not_picked":["Replay:Sssssssssshield","Panacea"],"picked":"Purity","floor":38.0},{"not_picked":["Replay:Parry","Mayhem"],"picked":"Panacea","floor":38.0},{"not_picked":["Backflip","Caltrops+1","Flying Knee"],"picked":"SKIP","floor":39.0},{"not_picked":["Backstab+1","Prepared+1","Skewer+1"],"picked":"SKIP","floor":40.0},{"not_picked":["ReplayTheSpireMod:Tripwire+1","Underhanded Strike+1","Poisoned Stab"],"picked":"SKIP","floor":41.0},{"not_picked":["Dagger Throw","Slice"],"picked":"ReplayTheSpireMod:Shiv Toss","floor":42.0},{"not_picked":["Backstab+1","ReplayTheSpireMod:Speed Training","Outmaneuver"],"picked":"SKIP","floor":45.0},{"not_picked":["Hidden Blade","ReplayTheSpireMod:Exploit Weakness+1"],"picked":"Slice","floor":48.0},{"not_picked":["Flying Knee","Prepared+1","A Thousand Cuts"],"picked":"SKIP","floor":54.0}],"player_experience":340845,"relics_obtained":[{"floor":6.0,"key":"Replay:Baseball"},{"floor":8.0,"key":"Durian"},{"floor":9.0,"key":"Blue Candle"},{"floor":19.0,"key":"Du-Vu Doll"},{"floor":22.0,"key":"Red Mask"},{"floor":23.0,"key":"StrikeDummy"},{"floor":29.0,"key":"Anchor"},{"floor":31.0,"key":"Lizard Tail"},{"floor":40.0,"key":"MawBank"},{"floor":43.0,"key":"Ornamental Fan"},{"floor":44.0,"key":"Ring of Hypnosis"},{"floor":54.0,"key":"Replay:Bandana"}],"event_choices":[{"damage_healed":0.0,"max_hp_gain":0.0,"max_hp_loss":0.0,"gold_gain":0.0,"event_name":"Liars Game","player_choice":"Ignored","floor":5.0,"gold_loss":0.0,"damage_taken":0.0},{"damage_healed":0.0,"max_hp_gain":0.0,"max_hp_loss":0.0,"gold_gain":0.0,"event_name":"Masked Bandits","player_choice":"Fought Bandits","floor":22.0,"gold_loss":0.0,"damage_taken":0.0},{"damage_healed":0.0,"max_hp_gain":0.0,"max_hp_loss":0.0,"gold_gain":0.0,"event_name":"SensoryStone","player_choice":"Memory 3","floor":38.0,"gold_loss":0.0,"damage_taken":10.0}],"is_beta":false,"boss_relics":[{"not_picked":["Black Star","Cursed Key"],"picked":"Replay:Ancient Bell"},{"not_picked":["Simple Rune","Centennial Puzzle"],"picked":"Pet Ghost"},{"not_picked":["Toxic Egg 2","Replay:Bottled Eggs"],"picked":"ReplayTheSpireMod:Ninjato"},{"not_picked":["The Specimen","WingedGreaves"],"picked":"Ice Cream"},{"not_picked":["Velvet Choker","Snecko Scales"],"picked":"Runic Dome"}],"items_purged_floors":[14,36,47],"is_endless":false,"potions_floor_spawned":[1,3,6,10,13,18,23,31,33,35,37,54],"ascension_level":0}}