{"host":"40vzoph344nwp0en","time":1610525260,"event":{"mods":["2.2 Compatiblity","Arknights The Spire","BaseMod","Beaked The Cultist","Bestiary","Colored Map","GifTheSpireLib","Highlight Path","Infinite Spire","Minty Spire (QoL Compilation)","Potionbrewer","Relic Sorter","Replay The Spire","Shade Mod","StSLib","SuperFastMode","The Marked","TheVacant","??????REMEMod"],"gold_per_floor":[113,123,99159,99178,99233,99245,99256,99256,99256,99256,98176,98186,98186,98203,98203,98307,98407,98427,97439,97538,97556,97556,97556,97571,97571,97594,97626,97626,97639,97101,96607,96607,96787,96787,96799,96799,96799,96799,96799],"floor_reached":38,"language":"ENG","playtime":2006,"items_purged":["Shade:Strike_Shade","Shade:Strike_Shade","Shade:Defend_Shade","Shade:Defend_Shade","Shade:Defend_Shade"],"score":538,"play_id":"d08e5666-b42f-4793-ab72-0e4a3532b124","local_time":"20210113010740","is_ascension_mode":false,"campfire_choices":[{"data":"Replay:Dark Deal","floor":8,"key":"SMITH"},{"data":"Shade:SkeletonArmy","floor":10,"key":"SMITH"},{"data":"Shade:SensePrey","floor":13,"key":"SMITH"},{"data":"Shade:AnimateDead","floor":15,"key":"SMITH"},{"data":"Shade:UnbarTheGrave","floor":23,"key":"SMITH"},{"data":"Shade:Frenzy","floor":25,"key":"SMITH"},{"data":"Shade:AblativeArmor","floor":28,"key":"SMITH"},{"data":"Shade:Patience","floor":32,"key":"SMITH"}],"circlet_count":0,"master_deck":["Shade:Strike_Shade","Shade:Strike_Shade","Shade:Defend_Shade","Shade:AnimateDead+1","Shade:CarefulCut","REME_HeartOfCthun","Shade:UnbarTheGrave+1","Shade:WallOfFlesh+1","Shade:AblativeArmor+1","Replay:Dark Deal+1","Shade:SkeletonArmy+1","Shade:Frenzy+1","Shade:ClawBack+1","Shade:SensePrey+1","Shade:DangerousRitual+1","ReplayTheSpireMod:Necrogeddon+1","Shade:AuraOfUnlife+1","Shade:SensePrey+1","Shade:DarkOfNight+1","REME_MawOfCthun+1","Shade:FuneraryArmor+1","Shade:GraveStillness+1","Shade:Patience+1","infinitespire:SealOfDarkness+","Shade:Coordination+1","Shade:FuneraryJewels+1","AbeCurse","Pot Of Greed","Pot Of Greed","Pot Of Greed"],"relics":["Replay:Bottled Eggs","Spirit Poop","Abe\u0027s Treasure","Replay:Ancient Bell","theMarked:SecretDocuments","Raider\u0027s Mask","theVacant:BrassGoblet","Cracked Core","Mark of the Bloom","REME_IWantAll","Anchor","Grinning Jar","infinitespire:DarkRift","REME_OnlineShoppingPlatform","theMarked:ArtifactOfAir","Replay:M_StaffOfTheSnake","Pocketwatch","Snecko Heart","Smiling Mask","infinitespire:Chaos"],"acts_visited":["Exordium","TheCity","TheBeyond"],"potions_floor_usage":[16,33,35,37],"damage_taken":[{"damage":3,"enemies":"Jaw Worm","floor":1,"turns":3},{"damage":0,"enemies":"2 Louse","floor":2,"turns":1},{"damage":0,"enemies":"Cultist","floor":4,"turns":2},{"damage":0,"enemies":"Lots of Slimes","floor":6,"turns":2},{"damage":0,"enemies":"Exordium Wildlife","floor":7,"turns":1},{"damage":0,"enemies":"Blue Slaver","floor":12,"turns":3},{"damage":0,"enemies":"2 Fungi Beasts","floor":14,"turns":2},{"damage":0,"enemies":"The Guardian","floor":16,"turns":8},{"damage":0,"enemies":"Chosen","floor":18,"turns":2},{"damage":0,"enemies":"3 Byrds","floor":21,"turns":2},{"damage":0,"enemies":"Centurion and Healer","floor":24,"turns":3},{"damage":0,"enemies":"Masked Bandits","floor":27,"turns":3},{"damage":0,"enemies":"Cultist and Chosen","floor":29,"turns":3},{"damage":0,"enemies":"Collector","floor":33,"turns":7},{"damage":0,"enemies":"3 Shapes","floor":35,"turns":4}],"seed_played":"-8725393534330267329","potions_obtained":[{"floor":2,"key":"Death Potion"},{"floor":24,"key":"Adrenaline Potion"},{"floor":33,"key":"potionbrewer:AcidPotion"},{"floor":35,"key":"REME_GoldPotion"},{"floor":37,"key":"potionbrewer:BlacksmithPotion"},{"floor":37,"key":"Ancient Potion"}],"is_trial":false,"path_per_floor":["M","M","$","M","?","M","M","R","T","R","$","M","R","M","R","B",null,"M","$","?","M","AVR","R","M","R","T","?","R","M","$","?","R","B",null,"M","?","?","AVR"],"character_chosen":"SHADE","items_purchased":["Simple Rune","Dream Catcher","Shade:WallOfFlesh","Shade:AblativeArmor","Replay:Dark Deal","Toolbox","SkillPotion","CultistPotion","Bronze Scales","Bottled Lightning","TheAbacus","Shade:SensePrey","Shade:DangerousRitual+1","Shade:ClawBack","ReplayTheSpireMod:Necrogeddon","Shade:AuraOfUnlife","ReplayTheSpireMod:Shallot","ReplayTheSpireMod:Ninjato","ClockworkSouvenir","REME_MawOfCthun","Shade:FuneraryArmor","potionbrewer:SlideRule","Art of War"],"campfire_rested":0,"item_purchase_floors":[3,3,3,3,3,3,3,3,11,11,11,11,11,11,11,11,19,19,19,19,19,30,30],"current_hp_per_floor":[44,44,44,44,28,28,28,28,28,28,28,28,28,28,28,28,65,65,65,65,65,65,65,65,65,65,65,65,65,65,65,65,65,65,65,65,65,65,65],"gold":96799,"neow_bonus":"THREE_RARE_CARDS","is_daily":false,"chose_seed":false,"campfire_upgraded":8,"win_rate":0.0,"timestamp":1610525260,"path_taken":["M","M","$","M","?","?","M","R","T","R","?","M","R","M","R","BOSS","M","$","?","M","AVR","R","M","R","T","?","R","M","$","?","R","BOSS","M","?","?","AVR"],"items_purchased_type":["Relic","Relic","Card","Card","Card","Relic","Potion","Potion","Relic","Relic","Relic","Card","Card","Card","Card","Card","Relic","Relic","Relic","Card","Card","Relic","Relic"],"build_version":"2020-12-22","purchased_purges":5,"victory":false,"max_hp_per_floor":[65,65,65,65,65,65,65,65,65,65,65,65,65,65,65,65,65,65,65,65,65,65,65,65,65,65,65,65,65,65,65,65,65,65,65,65,65,65,65],"card_choices":[{"not_picked":["Shade:GreaterAnimation","Shade:Putrefaction"],"picked":"Shade:UnbarTheGrave","floor":0},{"not_picked":["Shade:CoffinDance","Shade:CommandSoldier","Shade:FingerOfDeath"],"picked":"SKIP","floor":1},{"not_picked":["Shade:FleshToFlesh","Shade:RavenousHorde","Shade:GreyBargain"],"picked":"SKIP","floor":2},{"not_picked":["Shade:GreyBargain","Shade:FleshOffering"],"picked":"Shade:SkeletonArmy","floor":4},{"not_picked":["Shade:Consume","Shade:Premonition"],"picked":"Shade:Frenzy","floor":5},{"not_picked":["Shade:CloudOfShrapnel","Shade:Brains","Shade:Frenzy"],"picked":"SKIP","floor":6},{"not_picked":["Shade:Frenzy","Shade:Tombstone"],"picked":"Shade:ClawBack","floor":7},{"not_picked":["Shade:Bonestorm","Shade:Trample"],"picked":"Shade:SensePrey","floor":12},{"not_picked":["Shade:Bonestorm","Shade:LyeBath","Shade:SkeletonHug"],"picked":"SKIP","floor":14},{"not_picked":["Shade:Tombstone","Shade:MadHubris"],"picked":"Shade:DarkOfNight","floor":16},{"not_picked":["Shade:CommandSoldier","Shade:GoDigging","Shade:WallOfFlesh"],"picked":"SKIP","floor":18},{"not_picked":["Shade:Haruspicy","Shade:FreshBones+1"],"picked":"Shade:GraveStillness+1","floor":21},{"not_picked":["Shade:CallOfTheGrave","Shade:Premonition","Shade:GraveStillness"],"picked":"SKIP","floor":24},{"not_picked":["Shade:Premonition","Shade:SanguineRitual"],"picked":"Shade:Patience","floor":29},{"not_picked":["infinitespire:Starlight","ReplayTheSpireMod:Haul"],"picked":"infinitespire:SealOfDarkness+","floor":31},{"not_picked":["Shade:LoseControl","Shade:LastGasp"],"picked":"Shade:Coordination","floor":33},{"not_picked":["Shade:GreyBargain+1","Shade:ClawBack"],"picked":"Shade:FuneraryJewels+1","floor":35}],"player_experience":448659,"relics_obtained":[{"floor":5,"key":"Golden Egg"},{"floor":9,"key":"FossilizedHelix"},{"floor":27,"key":"Red Mask"}],"event_choices":[{"damage_healed":0,"gold_gain":99,"player_choice":"Stole From Cult","damage_taken":0,"max_hp_gain":0,"max_hp_loss":0,"event_name":"Nest","floor":20,"gold_loss":0},{"damage_healed":0,"gold_gain":0,"player_choice":"Fought Bandits","damage_taken":0,"max_hp_gain":0,"max_hp_loss":0,"event_name":"Masked Bandits","floor":27,"gold_loss":0},{"cards_removed":["Shade:ClawBack"],"damage_healed":0,"gold_gain":0,"player_choice":"Removed Attack","damage_taken":0,"max_hp_gain":0,"max_hp_loss":0,"event_name":"Falling","floor":36,"gold_loss":0},{"damage_healed":0,"gold_gain":0,"player_choice":"Got Potions","damage_taken":0,"max_hp_gain":0,"max_hp_loss":0,"event_name":"Lab","floor":37,"gold_loss":0}],"is_beta":false,"boss_relics":[{"not_picked":["ReplayTheSpireMod:SealedPack","Busted Crown"],"picked":"Replay:Wanted Poster"},{"not_picked":["Empty Cage","SlaversCollar"],"picked":"Philosopher\u0027s Stone"}],"items_purged_floors":[3,11,19,22,30],"is_endless":false,"potions_floor_spawned":[2,4,12,14,16,24,27,33,35],"ascension_level":0}}