{"host":"qjv9b7mze4c73keh","time":1610546654,"event":{"mods":["BaseMod","Minty Spire (QoL Compilation)"],"gold_per_floor":[113,127,137,150,165,196,163,163,163,163,182,196,196,222,222,320,320,333,258,27,46,0,0,0,0,0,0,18,37,136,136,136,136,136],"floor_reached":33,"language":"RUS","playtime":2460,"items_purged":[],"score":259,"play_id":"7b3da4d3-0f58-4320-84ea-193b9cf3eace","local_time":"20210113190414","is_ascension_mode":false,"campfire_choices":[{"floor":8,"key":"REST"},{"floor":10,"key":"REST"},{"floor":15,"key":"REST"},{"floor":23,"key":"REST"},{"floor":27,"key":"REST"},{"floor":32,"key":"REST"}],"circlet_count":0,"master_deck":["Strike_R","Strike_R","Strike_R","Strike_R","Strike_R","Defend_R","Defend_R","Defend_R","Defend_R","Bash","Flex","Twin Strike","Whirlwind","Rage","Rage","Carnage","Anger","Demon Form","Combust","Dark Shackles","Ghostly Armor","Feel No Pain+1","Armaments","Strike_R"],"relics":["Burning Blood","NeowsBlessing","Girya","Kunai","Charon\u0027s Ashes","Runic Pyramid","Juzu Bracelet","Frozen Egg 2"],"acts_visited":["Exordium","TheCity"],"potions_floor_usage":[6,12,14,14,33],"damage_taken":[{"damage":0,"enemies":"Cultist","floor":1,"turns":1},{"damage":0,"enemies":"2 Louse","floor":2,"turns":2},{"damage":0,"enemies":"Jaw Worm","floor":3,"turns":1},{"damage":11,"enemies":"3 Louse","floor":4,"turns":4},{"damage":13,"enemies":"Blue Slaver","floor":5,"turns":5},{"damage":32,"enemies":"3 Sentries","floor":6,"turns":9},{"damage":29,"enemies":"Exordium Thugs","floor":7,"turns":5},{"damage":20,"enemies":"Large Slime","floor":11,"turns":8},{"damage":2,"enemies":"Red Slaver","floor":12,"turns":2},{"damage":22,"enemies":"Lagavulin","floor":14,"turns":5},{"damage":72,"enemies":"Hexaghost","floor":16,"turns":12},{"damage":38,"enemies":"Shell Parasite","floor":18,"turns":7},{"damage":28,"enemies":"3 Byrds","floor":21,"turns":5},{"damage":19,"enemies":"Cultist and Chosen","floor":28,"turns":6},{"damage":26,"enemies":"3 Cultists","floor":29,"turns":6},{"damage":87,"enemies":"Automaton","floor":33,"turns":6}],"seed_played":"-5073465019888254530","potions_obtained":[{"floor":1,"key":"Energy Potion"},{"floor":4,"key":"SmokeBomb"},{"floor":7,"key":"Explosive Potion"},{"floor":11,"key":"SkillPotion"},{"floor":12,"key":"Regen Potion"},{"floor":21,"key":"Explosive Potion"}],"is_trial":false,"path_per_floor":["M","M","M","M","M","E","M","R","T","R","M","M","?","E","R","B",null,"M","?","$","M","?","R","?","$","T","R","M","M","?","?","R","B"],"character_chosen":"IRONCLAD","items_purchased":["Juzu Bracelet","Dark Shackles"],"campfire_rested":6,"item_purchase_floors":[20,20],"current_hp_per_floor":[80,80,80,75,68,42,19,43,43,67,53,57,57,55,79,13,80,48,48,48,26,26,50,50,50,50,74,61,41,41,41,65,0,0],"gold":136,"neow_bonus":"THREE_ENEMY_KILL","is_daily":false,"chose_seed":false,"campfire_upgraded":0,"win_rate":0.0,"timestamp":1610546654,"path_taken":["M","M","M","M","?","E","M","R","T","R","M","M","?","E","R","BOSS","M","?","$","M","?","R","?","?","T","R","M","M","?","?","R","BOSS"],"items_purchased_type":["Relic","Card"],"build_version":"2020-12-22","purchased_purges":0,"victory":false,"max_hp_per_floor":[80,80,80,80,80,80,80,80,80,80,80,80,80,80,80,80,80,80,80,80,80,80,80,80,80,80,80,80,80,80,80,80,80,80],"card_choices":[{"not_picked":["Pummel","Body Slam"],"picked":"Flex","floor":1},{"not_picked":["Headbutt","Perfected Strike"],"picked":"Twin Strike","floor":2},{"not_picked":["Shockwave","Dropkick"],"picked":"Whirlwind","floor":3},{"not_picked":["Reckless Charge","Fire Breathing"],"picked":"Headbutt","floor":4},{"not_picked":["Body Slam","Heavy Blade"],"picked":"Rage","floor":5},{"not_picked":["Corruption","Sword Boomerang"],"picked":"Rage","floor":6},{"not_picked":["Shockwave","Reckless Charge"],"picked":"Warcry","floor":7},{"not_picked":["Warcry","Headbutt"],"picked":"Carnage","floor":11},{"not_picked":["Sword Boomerang","Pommel Strike","Warcry"],"picked":"SKIP","floor":12},{"not_picked":["Carnage","Intimidate"],"picked":"Anger","floor":14},{"not_picked":["Immolate","Feed"],"picked":"Demon Form","floor":16},{"not_picked":["Cleave","Battle Trance"],"picked":"Combust","floor":18},{"not_picked":["Body Slam","Rupture"],"picked":"Ghostly Armor","floor":21},{"not_picked":["Clothesline","Sever Soul"],"picked":"Feel No Pain+1","floor":28},{"not_picked":["Wild Strike","Dropkick"],"picked":"Armaments","floor":29}],"player_experience":55022,"relics_obtained":[{"floor":6,"key":"Girya"},{"floor":9,"key":"Kunai"},{"floor":14,"key":"Charon\u0027s Ashes"},{"floor":26,"key":"Frozen Egg 2"}],"event_choices":[{"damage_healed":0,"gold_gain":0,"player_choice":"Ignored","damage_taken":0,"max_hp_gain":0,"max_hp_loss":0,"event_name":"Golden Idol","floor":13,"gold_loss":0},{"cards_removed":["Headbutt"],"damage_healed":0,"gold_gain":0,"player_choice":"Gave Gold","damage_taken":0,"max_hp_gain":0,"max_hp_loss":0,"event_name":"Beggar","floor":19,"gold_loss":75},{"damage_healed":0,"gold_gain":0,"player_choice":"Paid Fearfully","damage_taken":0,"max_hp_gain":0,"max_hp_loss":0,"event_name":"Masked Bandits","floor":22,"gold_loss":46},{"damage_healed":0,"gold_gain":0,"player_choice":"Ignored","damage_taken":0,"max_hp_gain":0,"max_hp_loss":0,"event_name":"Ghosts","floor":24,"gold_loss":0},{"damage_healed":0,"gold_gain":99,"player_choice":"Stole From Cult","damage_taken":0,"max_hp_gain":0,"max_hp_loss":0,"event_name":"Nest","floor":30,"gold_loss":0},{"cards_removed":["Warcry"],"damage_healed":0,"gold_gain":0,"player_choice":"Took Card","damage_taken":0,"max_hp_gain":0,"max_hp_loss":0,"event_name":"NoteForYourself","floor":31,"gold_loss":0,"cards_obtained":["Strike_R"]}],"is_beta":false,"boss_relics":[{"not_picked":["Cursed Key","Fusion Hammer"],"picked":"Runic Pyramid"}],"items_purged_floors":[],"is_endless":false,"potions_floor_spawned":[1,4,7,11,12,21],"killed_by":"Automaton","ascension_level":0}}