{"host":"h4390p13uu6iw1q5","time":1610570511,"event":{"mods":["BaseMod","Colored Map","Minty Spire (QoL Compilation)"],"gold_per_floor":[20,20,38,58,74,74,108,108,157,157,17,17,52,52,52,164,236,255,269,269,269],"floor_reached":20,"language":"ENG","playtime":1411,"items_purged":[],"score":273,"play_id":"8d10d7f5-8d22-4063-8d4e-bad7ac32bff9","local_time":"20210113154151","is_ascension_mode":true,"campfire_choices":[{"data":"Darkness","floor":6,"key":"SMITH"},{"floor":8,"key":"REST"},{"floor":12,"key":"REST"},{"data":"Loop","floor":15,"key":"SMITH"}],"circlet_count":0,"master_deck":["AscendersBane","Zap","Dualcast","Lockon+1","Go for the Eyes+1","Darkness+1","Conserve Battery","Redo","Loop+1","Bandage Up","Recycle","Electrodynamics","Blizzard","Force Field","Stack","Thunder Strike","All For One","Rebound","Streamline","Turbo","Self Repair"],"relics":["Cracked Core","HornCleat","Pen Nib","Whetstone","CeramicFish","FossilizedHelix","Pandora\u0027s Box"],"acts_visited":["Exordium","TheCity"],"potions_floor_usage":[7,13,18,19],"damage_taken":[{"damage":0,"enemies":"2 Louse","floor":1,"turns":1},{"damage":0,"enemies":"Cultist","floor":3,"turns":2},{"damage":0,"enemies":"Small Slimes","floor":4,"turns":3},{"damage":26,"enemies":"Exordium Thugs","floor":5,"turns":4},{"damage":33,"enemies":"Gremlin Nob","floor":7,"turns":5},{"damage":18,"enemies":"3 Sentries","floor":13,"turns":6},{"damage":7,"enemies":"Hexaghost","floor":16,"turns":7},{"damage":24,"enemies":"2 Thieves","floor":18,"turns":4},{"damage":14,"enemies":"Shell Parasite","floor":19,"turns":4},{"damage":48,"enemies":"Cultist and Chosen","floor":20,"turns":6}],"seed_played":"-8765135254694332008","potions_obtained":[{"floor":4,"key":"Fire Potion"},{"floor":7,"key":"ColorlessPotion"},{"floor":14,"key":"Fruit Juice"},{"floor":14,"key":"SmokeBomb"},{"floor":14,"key":"EssenceOfSteel"},{"floor":16,"key":"DuplicationPotion"},{"floor":19,"key":"BlessingOfTheForge"}],"is_trial":false,"path_per_floor":["M","?","M","M","M","R","E","R","T","?","$","R","E","?","R","B",null,"M","M","M"],"character_chosen":"DEFECT","items_purchased":["Loop","Bandage Up"],"campfire_rested":2,"item_purchase_floors":[11,11],"current_hp_per_floor":[68,68,68,68,42,42,9,31,31,19,19,41,27,27,27,24,62,42,39,0,0],"gold":269,"neow_bonus":"RANDOM_COLORLESS_2","is_daily":false,"chose_seed":false,"campfire_upgraded":2,"win_rate":0.0,"timestamp":1610570511,"path_taken":["M","?","M","?","M","R","E","R","T","?","?","R","E","?","R","BOSS","M","M","M"],"items_purchased_type":["Card","Card"],"build_version":"2020-12-22","purchased_purges":0,"victory":false,"max_hp_per_floor":[75,75,75,75,75,75,75,75,75,75,75,75,75,75,75,75,75,75,75,75,75],"card_choices":[{"not_picked":["Transmutation","Apotheosis"],"picked":"Secret Technique","floor":0},{"not_picked":["Redo","Stack"],"picked":"Lockon","floor":1},{"not_picked":["Stack","Blizzard"],"picked":"Go for the Eyes","floor":3},{"not_picked":["Turbo","Rebound"],"picked":"Darkness","floor":4},{"not_picked":["Streamline","Hello World"],"picked":"Conserve Battery","floor":5},{"not_picked":["Blizzard","Stack"],"picked":"Redo","floor":7},{"not_picked":["Turbo","Leap"],"picked":"Recycle","floor":13},{"not_picked":["Creative AI","All For One"],"picked":"Electrodynamics","floor":16},{"not_picked":["White Noise","Ball Lightning"],"picked":"Self Repair","floor":18},{"not_picked":["Rebound","Turbo+1","Compile Driver"],"picked":"SKIP","floor":19}],"player_experience":2442552,"relics_obtained":[{"floor":7,"key":"Pen Nib"},{"floor":9,"key":"Whetstone"},{"floor":13,"key":"FossilizedHelix"}],"event_choices":[{"cards_removed":["Secret Technique"],"damage_healed":0,"gold_gain":0,"player_choice":"Gave Card","damage_taken":0,"relics_obtained":["HornCleat"],"max_hp_gain":0,"max_hp_loss":0,"event_name":"WeMeetAgain","floor":2,"gold_loss":0},{"damage_healed":0,"gold_gain":0,"player_choice":"Success","damage_taken":12,"relics_obtained":["CeramicFish"],"max_hp_gain":0,"max_hp_loss":0,"event_name":"Scrap Ooze","floor":10,"gold_loss":0},{"damage_healed":0,"gold_gain":0,"player_choice":"Got Potions","damage_taken":0,"max_hp_gain":0,"max_hp_loss":0,"event_name":"Lab","floor":14,"gold_loss":0}],"is_beta":false,"boss_relics":[{"not_picked":["Coffee Dripper","Calling Bell"],"picked":"Pandora\u0027s Box"}],"items_purged_floors":[],"is_endless":false,"potions_floor_spawned":[4,7,16,19],"killed_by":"Cultist and Chosen","ascension_level":10}}