{"host":"lxihx0b6awoz2w1j","time":1610579463,"event":{"mods":["Aspiration","BaseMod","Better Third Choice","CapriCore","Colored Powertips","Downfall","Hermit","Hubris","Infinite Spire","JesterMod","Luminous","Marisa????????","Melee Mod","Minty Spire (QoL Compilation)","Prisma Mod","Quick Restart","Relic Stats","Replay The Spire","Shade Mod","Spicy Shops","StSLib","The Alterego","The Blue Laboratory","The Cursed","The Disciple","The Forsaken","The Immortal","The Jungle","The Marked","The Runesmith","The Senshi","The Servant 0.9.4","Waifu the Spire"],"gold_per_floor":[111,125,138,138,148,179,179,209,209,209,221,251,265,279,279,384,384,395,408,408,36,36,64,64,64,64,84,84,84,84,111,111,208,208,222,235,253,272,272,272,299,299,299],"floor_reached":42,"language":"ENG","playtime":2084,"items_purged":[],"score":603,"play_id":"334b0532-f36e-4bf4-9a3a-32606b36297c","local_time":"20210114001103","is_ascension_mode":false,"campfire_choices":[{"data":"Lockon","floor":7.0,"key":"SMITH"},{"data":"Conserve Battery","floor":10.0,"key":"SMITH"},{"floor":15.0,"key":"DIG"},{"floor":24.0,"key":"DIG"},{"floor":30.0,"key":"DIG"},{"floor":32.0,"key":"DIG"},{"floor":40,"key":"DIG"}],"circlet_count":0,"master_deck":["Strike_B+1","Strike_B","Strike_B","Strike_B","Defend_B","Defend_B+1","Defend_B","Defend_B","Zap+1","Dualcast","Ball Lightning","Conserve Battery","Conserve Battery+1","Lockon+1","Coolheaded","Fusion","Conserve Battery","FTL","Cold Snap","Mirror Shield","Sweeping Beam","Thunder Strike","ReplayGash","FastForward","Voices","MokouMod:RisingSunBarrier+1","theForsaken:Temperance","ReplayTheSpireMod:Tripwire+1","LockedWhetstone","DC+1","jesterMod:Frenzy","WatchCommand+1"],"relics":["Cracked Core","Bronze Scales","CaptainsWheel","hubris:MysteriousPyramids","Shovel","Mango","Cursed Key","Simple Rune","PrismaticShard","Ice Cream","hubris:FunFungus","aspiration:DSix","ReplayTheSpireMod:Lightbulb","Painkiller Herb","Replay:Bottled Steam","Anchor","Darkstone Periapt","ChewingGum","Pet Ghost","Pantograph"],"acts_visited":["Exordium","TheCity","TheBeyond"],"potions_floor_usage":[],"damage_taken":[{"damage":1.0,"enemies":"Cultist","floor":1.0,"turns":3.0},{"damage":1.0,"enemies":"Jaw Worm","floor":2.0,"turns":3.0},{"damage":0.0,"enemies":"2 Louse","floor":3.0,"turns":2.0},{"damage":5.0,"enemies":"Blue Slaver","floor":5.0,"turns":2.0},{"damage":8.0,"enemies":"Gremlin Nob","floor":6.0,"turns":3.0},{"damage":0.0,"enemies":"2 Fungi Beasts","floor":11.0,"turns":2.0},{"damage":8.0,"enemies":"Lagavulin","floor":12.0,"turns":4.0},{"damage":0.0,"enemies":"3 Louse","floor":13.0,"turns":2.0},{"damage":0.0,"enemies":"Blue Slaver","floor":14.0,"turns":2.0},{"damage":9.0,"enemies":"The Guardian","floor":16.0,"turns":9.0},{"damage":0.0,"enemies":"Spheric Guardian","floor":18.0,"turns":3.0},{"damage":3.0,"enemies":"3 Byrds","floor":19.0,"turns":3.0},{"damage":0.0,"enemies":"Gremlin Leader","floor":23.0,"turns":8.0},{"damage":8.0,"enemies":"Cultist and Chosen","floor":27.0,"turns":4.0},{"damage":0.0,"enemies":"Replay:Snechameleon","floor":31.0,"turns":4.0},{"damage":0.0,"enemies":"Automaton","floor":33.0,"turns":9.0},{"damage":0.0,"enemies":"Orb Walker","floor":35.0,"turns":2.0},{"damage":3.0,"enemies":"3 Shapes","floor":36.0,"turns":3.0},{"damage":0.0,"enemies":"Transient","floor":37.0,"turns":5.0},{"damage":13,"enemies":"Jaw Worm Horde","floor":38,"turns":4},{"damage":28,"enemies":"Nightmare","floor":41,"turns":7},{"damage":0,"enemies":"Orin","floor":42,"turns":6}],"seed_played":"130426671746739780","potions_obtained":[{"floor":5.0,"key":"SteroidPotion"},{"floor":12.0,"key":"Swift Potion"},{"floor":16.0,"key":"SpeedPotion"},{"floor":23.0,"key":"blueLaboratory:HummingbirdPotion"}],"is_trial":false,"path_per_floor":["M","M","M","?","M","E","R","?","T","R","M","E","M","M","R","B",null,"M","M","?","$","?","E","R","?","T","M","?","AVR","T","E","T","B",null,"?","?","?","?","?","T","NM","?"],"character_chosen":"DEFECT","items_purchased":["Simple Rune","Thunder Strike"],"campfire_rested":0,"item_purchase_floors":[21,21],"current_hp_per_floor":[81,80,80,80,75,67,67,67,67,67,67,59,59,59,73,64,96,96,93,93,93,85,85,85,66,66,60,60,60,60,64,64,73,101,101,98,101,90,90,90,72,81,81],"gold":299,"neow_bonus":"TEN_PERCENT_HP_BONUS","is_daily":false,"chose_seed":false,"campfire_upgraded":2,"win_rate":0.0,"timestamp":1610579463,"path_taken":["M","M","M","?","M","E","R","?","T","R","M","E","M","M","R","BOSS","M","M","?","$","?","E","R","?","T","M","?","AVR","T","E","T","BOSS","?","?","?","?","?","T","NM","?"],"items_purchased_type":["Relic","Card"],"build_version":"2020-12-22","purchased_purges":0,"victory":false,"max_hp_per_floor":[82,82,82,82,82,82,82,82,82,82,82,82,82,82,96,96,96,96,96,96,96,96,96,96,101,101,101,101,101,101,101,101,101,101,101,101,101,101,101,101,101,101,101],"relic_stats":{"Darkstone Periapt":0,"Shovel":5,"counters":[22,90],"Bronze Scales":[237],"Pantograph":0,"Cursed Key":1,"obtain_stats":[{"Ice Cream":23,"Darkstone Periapt":32,"Mango":15,"Painkiller Herb":29,"hubris:MysteriousPyramids":9,"Cursed Key":17,"PrismaticShard":22,"Pet Ghost":40,"CaptainsWheel":8,"Anchor":31,"Shovel":12,"Bronze Scales":6,"Pantograph":41,"Simple Rune":21,"ChewingGum":34,"hubris:FunFungus":24,"Cracked Core":0,"aspiration:DSix":26,"ReplayTheSpireMod:Lightbulb":29,"Replay:Bottled Steam":30},{"Ice Cream":13,"Darkstone Periapt":15,"Mango":9,"Painkiller Herb":14,"hubris:MysteriousPyramids":5,"Cursed Key":10,"PrismaticShard":12,"Pet Ghost":20,"CaptainsWheel":5,"Anchor":15,"Shovel":7,"Bronze Scales":5,"Pantograph":21,"Simple Rune":12,"ChewingGum":16,"hubris:FunFungus":13,"Cracked Core":0,"aspiration:DSix":13,"ReplayTheSpireMod:Lightbulb":14,"Replay:Bottled Steam":14},{"Ice Cream":46,"Darkstone Periapt":54,"Mango":23,"Painkiller Herb":50,"hubris:MysteriousPyramids":13,"Cursed Key":32,"PrismaticShard":38,"Pet Ghost":77,"CaptainsWheel":13,"Anchor":54,"Shovel":19,"Bronze Scales":13,"Pantograph":84,"Simple Rune":38,"ChewingGum":63,"hubris:FunFungus":46,"Cracked Core":0,"aspiration:DSix":46,"ReplayTheSpireMod:Lightbulb":50,"Replay:Bottled Steam":50}]},"card_choices":[{"not_picked":["BasicCrystalCard","Self Repair"],"picked":"Ball Lightning","floor":1.0},{"not_picked":["Chill","Ball Lightning"],"picked":"Conserve Battery","floor":2.0},{"not_picked":["Reinforced Body","Consume"],"picked":"Conserve Battery","floor":3.0},{"not_picked":["Chaos","ReplaySort"],"picked":"Lockon","floor":5.0},{"not_picked":["Rip and Tear","Hologram"],"picked":"Coolheaded","floor":6.0},{"not_picked":["Stack","Redo"],"picked":"Fusion","floor":11.0},{"not_picked":["Amplify","Cold Snap"],"picked":"Conserve Battery","floor":12.0},{"not_picked":["Glacier","Steam"],"picked":"FTL","floor":13.0},{"not_picked":["Steam","Conserve Battery"],"picked":"Cold Snap","floor":14.0},{"not_picked":["hubris:Prefetch","Seek"],"picked":"Mirror Shield","floor":16.0},{"not_picked":["Rebound","Panic Button","ReplayTheSpireMod:GoodbyeWorld"],"picked":"SKIP","floor":18.0},{"not_picked":["Glacier+1","Doom and Gloom"],"picked":"Sweeping Beam","floor":19.0},{"not_picked":["Gash","Rip and Tear"],"picked":"ReplayGash","floor":22.0},{"not_picked":["EnergyFlow","Consecrate"],"picked":"FastForward","floor":23.0},{"not_picked":["champ:BladeFlurry","Runesmith:ChiselStab+1"],"picked":"MokouMod:RisingSunBarrier","floor":27.0},{"not_picked":["PrismaMod:IllyaAssassinRevenge","hermit:DeadMansHand","Choke"],"picked":"SKIP","floor":31.0},{"not_picked":["TheCursedMod:CursedRelics","Slimebound:OozeBath"],"picked":"theForsaken:Temperance","floor":33.0},{"not_picked":["Runesmith:MakeshiftArmor+1","PrismaMod:MiyuCommonAOEAttack"],"picked":"ReplayTheSpireMod:Tripwire+1","floor":35.0},{"not_picked":["Sucker Punch","theMarked:Parkour"],"picked":"LockedWhetstone","floor":36.0},{"not_picked":["champ:CrookedStrike+1","sneckomod:UnknownBlock"],"picked":"DC+1","floor":37.0},{"not_picked":["theForsaken:StoreUp","Shade:GraveStillness+1"],"picked":"jesterMod:Frenzy","floor":38},{"not_picked":["hermit:Spite+1","Turbo+1"],"picked":"WatchCommand+1","floor":41}],"player_experience":596701,"relics_obtained":[{"floor":6.0,"key":"Bronze Scales"},{"floor":9.0,"key":"hubris:MysteriousPyramids"},{"floor":12.0,"key":"Shovel"},{"floor":15.0,"key":"Mango"},{"floor":22.0,"key":"PrismaticShard"},{"floor":23.0,"key":"Ice Cream"},{"floor":24.0,"key":"hubris:FunFungus"},{"floor":26.0,"key":"aspiration:DSix"},{"floor":30.0,"key":"Replay:Bottled Steam"},{"floor":31.0,"key":"Anchor"},{"floor":32.0,"key":"Darkstone Periapt"},{"floor":40,"key":"Pet Ghost"},{"floor":41,"key":"Pantograph"}],"event_choices":[{"damage_healed":0.0,"max_hp_gain":0.0,"max_hp_loss":0.0,"gold_gain":30.0,"event_name":"Dead Adventurer","player_choice":"Searched \u00273\u0027 times","floor":8.0,"gold_loss":0.0,"damage_taken":0.0,"relics_obtained":["CaptainsWheel"]},{"damage_healed":0.0,"max_hp_gain":0.0,"max_hp_loss":0.0,"gold_gain":0.0,"event_name":"Vampires","player_choice":"Ignored","floor":20.0,"gold_loss":0.0,"damage_taken":0.0},{"damage_healed":0.0,"max_hp_gain":5.0,"max_hp_loss":0.0,"gold_gain":0.0,"event_name":"Forgotten Altar","player_choice":"Shed Blood","floor":25.0,"gold_loss":0.0,"damage_taken":24.0},{"damage_healed":0,"gold_gain":0,"player_choice":"Fight","damage_taken":0,"max_hp_gain":0,"max_hp_loss":0,"event_name":"OrinTheCat","floor":42,"gold_loss":0}],"is_beta":false,"boss_relics":[{"not_picked":["Fusion Hammer","aspiration:BursterCore"],"picked":"Cursed Key"},{"not_picked":["hubris:GrandSneckoEye","Runic Pyramid"],"picked":"ChewingGum"}],"items_purged_floors":[],"is_endless":true,"potions_floor_spawned":[5,12,16,19,23,33,37,41],"killed_by":"Orin","ascension_level":0}}