{"host":"foq4mrde4mssg7vt","time":1610562700,"event":{"mods":["AchievementEnabler","BaseMod","Colored Map","Colored Powertips","Highlight Path","Minty Spire (QoL Compilation)","Relic Stats","everything is the same but u backflip on backflip"],"gold_per_floor":[129,167,37,72,187,187,252,357,357,392,392,317,372,416,416,520,520,565,650,650,650],"floor_reached":20,"language":"ENG","playtime":813,"items_purged":[],"score":357,"play_id":"8c92484b-40d4-4ec4-a98c-b5ecdcdb5f07","local_time":"20210114023140","is_ascension_mode":true,"campfire_choices":[{"data":"HandOfGreed","floor":6.0,"key":"SMITH"},{"floor":11.0,"key":"REST"},{"data":"Disarm","floor":15.0,"key":"SMITH"}],"circlet_count":0,"master_deck":["AscendersBane","Strike_R","Strike_R","Strike_R","Strike_R","Strike_R","Defend_R","Defend_R","Defend_R","Defend_R","Bash","HandOfGreed+1","Twin Strike","Headbutt","Shrug It Off","Feel No Pain","Disarm+1","Armaments","Demon Form","Spot Weakness","Whirlwind"],"relics":["Burning Blood","Pantograph","Juzu Bracelet","Cursed Key"],"acts_visited":["Exordium","TheCity"],"potions_floor_usage":[],"damage_taken":[{"damage":12.0,"enemies":"Cultist","floor":1.0,"turns":5.0},{"damage":0.0,"enemies":"Small Slimes","floor":2.0,"turns":2.0},{"damage":4.0,"enemies":"Jaw Worm","floor":4.0,"turns":4.0},{"damage":22.0,"enemies":"Lots of Slimes","floor":5.0,"turns":9.0},{"damage":9.0,"enemies":"Exordium Wildlife","floor":7.0,"turns":3.0},{"damage":23.0,"enemies":"3 Sentries","floor":8.0,"turns":8.0},{"damage":9.0,"enemies":"Blue Slaver","floor":10.0,"turns":5.0},{"damage":21.0,"enemies":"Lagavulin","floor":13.0,"turns":7.0},{"damage":11.0,"enemies":"Exordium Thugs","floor":14.0,"turns":4.0},{"damage":17,"enemies":"The Guardian","floor":16,"turns":16},{"damage":21,"enemies":"Spheric Guardian","floor":18,"turns":5},{"damage":32,"enemies":"3 Byrds","floor":19,"turns":10},{"damage":38,"enemies":"Shelled Parasite and Fungi","floor":20,"turns":3}],"seed_played":"8506168298549870670","potions_obtained":[{"floor":5.0,"key":"AttackPotion"},{"floor":7.0,"key":"AttackPotion"},{"floor":8.0,"key":"CultistPotion"},{"floor":16,"key":"AttackPotion"},{"floor":18,"key":"CultistPotion"}],"is_trial":false,"path_per_floor":["M","M","$","M","M","R","M","E","T","M","R","?","E","M","R","B",null,"M","M","M"],"character_chosen":"IRONCLAD","items_purchased":["Shrug It Off","Feel No Pain"],"campfire_rested":1,"item_purchase_floors":[3,3],"current_hp_per_floor":[44,50,50,52,36,36,33,16,16,13,35,35,20,15,15,29,64,49,23,0,0],"gold":650,"neow_bonus":"RANDOM_COLORLESS_2","is_daily":false,"chose_seed":false,"campfire_upgraded":2,"win_rate":0.0,"timestamp":1610562700,"path_taken":["M","M","$","M","?","R","M","E","T","M","R","?","E","M","R","BOSS","M","M","M"],"items_purchased_type":["Card","Card"],"build_version":"2020-12-22","purchased_purges":0,"victory":false,"max_hp_per_floor":[75,75,75,75,75,75,75,75,75,75,75,75,75,75,75,75,75,75,75,75,75],"relic_stats":{"counters":[13,81],"Pantograph":25,"Juzu Bracelet":0,"Cursed Key":0,"obtain_stats":[{"Pantograph":9,"Juzu Bracelet":13,"Cursed Key":17,"Burning Blood":0},{"Pantograph":6,"Juzu Bracelet":8,"Cursed Key":10,"Burning Blood":0},{"Pantograph":31,"Juzu Bracelet":43,"Cursed Key":63,"Burning Blood":0}],"Burning Blood":72},"card_choices":[{"not_picked":["Master of Strategy","The Bomb"],"picked":"HandOfGreed","floor":0.0},{"not_picked":["Wild Strike","Fire Breathing"],"picked":"Twin Strike","floor":1.0},{"not_picked":["Flex","Metallicize"],"picked":"Headbutt","floor":2.0},{"not_picked":["Carnage","Rage"],"picked":"Disarm","floor":4.0},{"not_picked":["Carnage","Warcry","Havoc"],"picked":"SKIP","floor":5.0},{"not_picked":["Twin Strike","Flex","Pommel Strike"],"picked":"SKIP","floor":7.0},{"not_picked":["Bludgeon","Thunderclap","Dark Embrace"],"picked":"SKIP","floor":8.0},{"not_picked":["Infernal Blade","Clash","Searing Blow"],"picked":"SKIP","floor":10.0},{"not_picked":["Twin Strike","Blood for Blood","Sentinel"],"picked":"SKIP","floor":13.0},{"not_picked":["Clothesline","Exhume"],"picked":"Armaments","floor":14.0},{"not_picked":["Offering","Impervious"],"picked":"Demon Form","floor":16},{"not_picked":["Blood for Blood","Shrug It Off"],"picked":"Spot Weakness","floor":18},{"not_picked":["Thunderclap","Wild Strike"],"picked":"Whirlwind","floor":19}],"player_experience":456622,"relics_obtained":[{"floor":9.0,"key":"Pantograph"},{"floor":13.0,"key":"Juzu Bracelet"}],"event_choices":[{"damage_healed":0.0,"max_hp_gain":0.0,"max_hp_loss":0.0,"gold_gain":0.0,"event_name":"World of Goop","player_choice":"Left Gold","floor":12.0,"gold_loss":75.0,"damage_taken":0.0}],"is_beta":false,"boss_relics":[{"not_picked":["Black Blood","Black Star"],"picked":"Cursed Key"}],"items_purged_floors":[],"is_endless":false,"potions_floor_spawned":[5,7,8,10,16,18],"killed_by":"Shelled Parasite and Fungi","ascension_level":18}}