{"host":"03a85bwj0a5skoit","time":1610541613,"event":{"mods":["BaseMod","Block Reminder","Minty Spire (QoL Compilation)","Relic Stats","StSLib"],"gold_per_floor":[111,123,123,139,139,139,167,179,179,207,222,257,269,288,288,359,359,371,119,131,5,22,22,41,41,41,41,41],"floor_reached":27,"language":"ENG","playtime":1109,"items_purged":["Strike_R","Strike_R"],"score":528,"play_id":"01f68682-6ffc-44ed-b959-15d3af031b80","local_time":"20210113231013","is_ascension_mode":true,"campfire_choices":[{"data":"Bash","floor":6,"key":"SMITH"},{"data":"Berserk","floor":15,"key":"SMITH"},{"floor":23,"key":"REST"}],"circlet_count":0,"master_deck":["AscendersBane","Strike_R","Strike_R","Defend_R","Defend_R","Defend_R","Defend_R","Bash+1","Havoc","Entrench","Intimidate","Heavy Blade","Clothesline","Limit Break","Entrench","Berserk+1","Shrug It Off","Demon Form","Perfected Strike+1","Limit Break","Limit Break","Shrug It Off"],"relics":["Snecko Eye","Meat on the Bone","Smiling Mask","Gremlin Horn","Happy Flower","Bag of Preparation","Sozu","Membership Card","Mercury Hourglass"],"acts_visited":["Exordium","TheCity"],"potions_floor_usage":[7,7,10,16,25],"damage_taken":[{"damage":7,"enemies":"Jaw Worm","floor":1,"turns":3},{"damage":10,"enemies":"Small Slimes","floor":2,"turns":3},{"damage":0,"enemies":"2 Louse","floor":4,"turns":2},{"damage":29,"enemies":"Gremlin Nob","floor":7,"turns":4},{"damage":1,"enemies":"Looter","floor":8,"turns":3},{"damage":35,"enemies":"Lagavulin","floor":10,"turns":6},{"damage":1,"enemies":"Exordium Thugs","floor":11,"turns":3},{"damage":20,"enemies":"3 Sentries","floor":12,"turns":7},{"damage":6,"enemies":"Lots of Slimes","floor":13,"turns":5},{"damage":0,"enemies":"2 Fungi Beasts","floor":14,"turns":3},{"damage":31,"enemies":"The Guardian","floor":16,"turns":14},{"damage":16,"enemies":"Spheric Guardian","floor":18,"turns":5},{"damage":22,"enemies":"3 Byrds","floor":20,"turns":6},{"damage":34,"enemies":"Cultist and Chosen","floor":22,"turns":4},{"damage":4,"enemies":"Centurion and Healer","floor":24,"turns":5},{"damage":10,"enemies":"3 Cultists","floor":25,"turns":3},{"damage":54,"enemies":"Slavers","floor":27,"turns":4}],"seed_played":"3151908355778350855","potions_obtained":[{"floor":2,"key":"AttackPotion"},{"floor":4,"key":"Weak Potion"},{"floor":7,"key":"Swift Potion"},{"floor":10,"key":"ElixirPotion"},{"floor":14,"key":"Regen Potion"},{"floor":16,"key":"SmokeBomb"}],"is_trial":false,"path_per_floor":["M","M","?","M","?","R","E","M","T","E","M","E","M","M","R","B",null,"M","$","M","$","M","R","M","M","T","E"],"character_chosen":"IRONCLAD","items_purchased":["Membership Card","Limit Break","Limit Break"],"campfire_rested":1,"item_purchase_floors":[19,19,21],"current_hp_per_floor":[61,51,46,46,46,46,29,40,40,17,28,20,26,38,38,34,65,49,49,39,39,17,39,47,49,49,0,0],"gold":41,"neow_bonus":"BOSS_RELIC","is_daily":false,"chose_seed":false,"campfire_upgraded":2,"win_rate":0.0,"timestamp":1610541613,"path_taken":["M","M","?","M","?","R","E","M","T","E","M","E","M","M","R","BOSS","M","$","M","$","M","R","M","M","T","E"],"items_purchased_type":["Relic","Card","Card"],"build_version":"2020-12-22","purchased_purges":2,"victory":false,"max_hp_per_floor":[75,75,75,75,75,75,75,75,75,75,75,75,75,75,75,75,75,75,75,75,75,75,75,75,75,75,75,75],"relic_stats":{"Sozu":2,"Gremlin Horn":[13,13],"Happy Flower":[19],"counters":[17,80],"Snecko Eye":[154,135,140,138],"Bag of Preparation":[18],"Smiling Mask":-12,"obtain_stats":[{"Sozu":17,"Gremlin Horn":9,"Happy Flower":10,"Snecko Eye":0,"Bag of Preparation":12,"Membership Card":19,"Smiling Mask":7,"Burning Blood":0,"Meat on the Bone":3,"Mercury Hourglass":26},{"Sozu":11,"Gremlin Horn":5,"Happy Flower":6,"Snecko Eye":0,"Bag of Preparation":8,"Membership Card":12,"Smiling Mask":4,"Burning Blood":0,"Meat on the Bone":2,"Mercury Hourglass":16},{"Sozu":53,"Gremlin Horn":15,"Happy Flower":21,"Snecko Eye":0,"Bag of Preparation":31,"Membership Card":58,"Smiling Mask":12,"Burning Blood":0,"Meat on the Bone":6,"Mercury Hourglass":76}],"Meat on the Bone":144,"Mercury Hourglass":[33]},"card_choices":[{"not_picked":["Anger","Rage"],"picked":"Havoc","floor":1},{"not_picked":["Iron Wave","Blood for Blood"],"picked":"Entrench","floor":2},{"not_picked":["Wild Strike","Sword Boomerang","Anger"],"picked":"SKIP","floor":4},{"not_picked":["Armaments","Flex"],"picked":"Heavy Blade","floor":7},{"not_picked":["Flex","Headbutt","Dual Wield"],"picked":"SKIP","floor":8},{"not_picked":["Headbutt","Anger"],"picked":"Clothesline","floor":10},{"not_picked":["Clothesline","Pommel Strike"],"picked":"Limit Break","floor":11},{"not_picked":["Clash","Hemokinesis"],"picked":"Entrench","floor":12},{"not_picked":["Body Slam","Anger"],"picked":"Berserk","floor":13},{"not_picked":["Iron Wave","Body Slam"],"picked":"Shrug It Off","floor":14},{"not_picked":["Corruption","Reaper"],"picked":"Demon Form","floor":16},{"not_picked":["True Grit","Clothesline"],"picked":"Perfected Strike+1","floor":18},{"not_picked":["Wild Strike","Heavy Blade","Thunderclap"],"picked":"SKIP","floor":20},{"not_picked":["Reckless Charge+1","Havoc"],"picked":"Shrug It Off","floor":22},{"not_picked":["Thunderclap+1","Sword Boomerang","Intimidate"],"picked":"SKIP","floor":24}],"player_experience":2336988,"relics_obtained":[{"floor":7,"key":"Smiling Mask"},{"floor":9,"key":"Gremlin Horn"},{"floor":10,"key":"Happy Flower"},{"floor":12,"key":"Bag of Preparation"},{"floor":26,"key":"Mercury Hourglass"}],"event_choices":[{"damage_healed":0,"gold_gain":0,"player_choice":"Success","damage_taken":5,"relics_obtained":["Meat on the Bone"],"max_hp_gain":0,"max_hp_loss":0,"event_name":"Scrap Ooze","floor":3,"gold_loss":0},{"damage_healed":0,"gold_gain":0,"cards_transformed":["Strike_R"],"player_choice":"Change","damage_taken":0,"max_hp_gain":0,"max_hp_loss":0,"event_name":"Living Wall","floor":5,"gold_loss":0,"cards_obtained":["Intimidate"]}],"is_beta":false,"boss_relics":[{"not_picked":["Tiny House","SacredBark"],"picked":"Sozu"}],"items_purged_floors":[19,21],"is_endless":false,"potions_floor_spawned":[2,4,7,10,14,16,18,24],"killed_by":"Slavers","ascension_level":20}}