{"host":"6bsan6hkua32tfq7","time":1610505421,"event":{"mods":["BaseMod","Better Third Choice","Colored Map","Highlight Path","Minty Spire (QoL Compilation)","StSLib"],"gold_per_floor":[113,130,130,130,149,149,174,194,219,219,239,239,255,290,290,365,365,383,383,434,473,492,492,492,492],"floor_reached":24,"language":"ENG","playtime":769,"items_purged":[],"score":516,"play_id":"ea185114-1a77-43fc-aa94-69004d06f2a5","local_time":"20210113033701","is_ascension_mode":true,"campfire_choices":[{"floor":6.0,"key":"REST"},{"floor":10.0,"key":"REST"},{"floor":12.0,"key":"REST"},{"floor":15,"key":"REST"},{"floor":23,"key":"REST"}],"circlet_count":0,"master_deck":["AscendersBane","Strike_P+1","Strike_P","Defend_P","Defend_P","Defend_P","Eruption","Vigilance","ConjureBlade","FlurryOfBlows","Halt","Evolve","BowlingBash","Halt","Meditate","FollowUp","Perseverance","LessonLearned","DeceiveReality","Wish","Brilliance","Clumsy","Prostrate"],"relics":["PureWater","Bag of Preparation","Orichalcum","Pen Nib","White Beast Statue","Cursed Key","Dream Catcher"],"acts_visited":["Exordium","TheCity"],"potions_floor_usage":[14,16,21,22,22,24],"damage_taken":[{"damage":9.0,"enemies":"2 Louse","floor":1.0,"turns":4.0},{"damage":5.0,"enemies":"Small Slimes","floor":2.0,"turns":4.0},{"damage":2.0,"enemies":"Jaw Worm","floor":5.0,"turns":3.0},{"damage":14.0,"enemies":"Lagavulin","floor":7.0,"turns":7.0},{"damage":17.0,"enemies":"Exordium Thugs","floor":8.0,"turns":3.0},{"damage":3.0,"enemies":"Red Slaver","floor":11.0,"turns":5.0},{"damage":0.0,"enemies":"Lots of Slimes","floor":13.0,"turns":4.0},{"damage":12,"enemies":"3 Sentries","floor":14,"turns":3},{"damage":0,"enemies":"Slime Boss","floor":16,"turns":3},{"damage":36,"enemies":"Spheric Guardian","floor":18,"turns":4},{"damage":13,"enemies":"3 Byrds","floor":21,"turns":9},{"damage":1,"enemies":"3 Cultists","floor":22,"turns":6},{"damage":34,"enemies":"Book of Stabbing","floor":24,"turns":4}],"seed_played":"-5692963187926972986","potions_obtained":[{"floor":5.0,"key":"Weak Potion"},{"floor":7.0,"key":"Explosive Potion"},{"floor":11.0,"key":"FearPotion"},{"floor":13.0,"key":"Swift Potion"},{"floor":14,"key":"Dexterity Potion"},{"floor":16,"key":"Dexterity Potion"},{"floor":18,"key":"Block Potion"},{"floor":21,"key":"Fire Potion"},{"floor":22,"key":"FearPotion"}],"is_trial":false,"path_per_floor":["M","M","?","?","M","R","E","M","T","R","M","R","M","E","R","B",null,"M","?","T","M","M","R","E"],"character_chosen":"WATCHER","items_purchased":[],"campfire_rested":5,"item_purchase_floors":[],"current_hp_per_floor":[34,29,22,14,12,32,18,1,1,21,18,38,38,26,46,46,63,27,27,27,14,13,33,0,0],"gold":492,"neow_bonus":"THREE_RARE_CARDS","is_daily":false,"chose_seed":false,"campfire_upgraded":0,"win_rate":0.0,"timestamp":1610505421,"path_taken":["M","M","?","?","M","R","E","M","T","R","M","R","M","E","R","BOSS","M","?","?","?","M","R","E"],"items_purchased_type":[],"build_version":"2020-12-22","purchased_purges":0,"victory":false,"max_hp_per_floor":[68,68,68,68,68,68,68,68,68,68,68,68,68,68,68,68,68,68,68,68,68,68,68,68,68],"card_choices":[{"not_picked":["Wish","Ragnarok"],"picked":"ConjureBlade","floor":0.0},{"not_picked":["EmptyFist","JustLucky"],"picked":"FlurryOfBlows","floor":1.0},{"not_picked":["Swivel","Sanctity"],"picked":"Halt","floor":2.0},{"not_picked":["ThirdEye","Fasting2"],"picked":"BowlingBash","floor":5.0},{"not_picked":["Conclude","WheelKick"],"picked":"Halt","floor":7.0},{"not_picked":["Evaluate","InnerPeace"],"picked":"Meditate","floor":8.0},{"not_picked":["PathToVictory","CutThroughFate"],"picked":"FollowUp","floor":11.0},{"not_picked":["EmptyBody","Sanctity"],"picked":"Perseverance","floor":13.0},{"not_picked":["FlyingSleeves","Halt","ClearTheMind"],"picked":"SKIP","floor":14},{"not_picked":["SpiritShield","ConjureBlade"],"picked":"LessonLearned","floor":16},{"not_picked":["Nirvana","ForeignInfluence"],"picked":"DeceiveReality","floor":18},{"not_picked":["BattleHymn","JustLucky"],"picked":"Prostrate","floor":21},{"not_picked":["EmptyBody","JustLucky","FollowUp"],"picked":"SKIP","floor":22}],"player_experience":5266789,"relics_obtained":[{"floor":7.0,"key":"Orichalcum"},{"floor":9.0,"key":"Pen Nib"},{"floor":14,"key":"White Beast Statue"},{"floor":20,"key":"Dream Catcher"}],"event_choices":[{"cards_removed":["Strike_P"],"damage_healed":0.0,"max_hp_gain":0.0,"max_hp_loss":0.0,"gold_gain":0.0,"event_name":"Golden Wing","player_choice":"Card Removal","floor":3.0,"gold_loss":0.0,"damage_taken":7.0},{"damage_healed":0,"gold_gain":0,"cards_transformed":["Strike_P","Defend_P"],"player_choice":"Became Test Subject","damage_taken":0,"max_hp_gain":0,"max_hp_loss":0,"event_name":"Drug Dealer","floor":19,"gold_loss":0,"cards_obtained":["Wish","Brilliance"]}],"is_beta":false,"boss_relics":[{"not_picked":["Busted Crown","SacredBark"],"picked":"Cursed Key"}],"items_purged_floors":[],"is_endless":false,"potions_floor_spawned":[5,7,11,13,14,16,18,21,22],"killed_by":"Book of Stabbing","ascension_level":20}}