{"host":"7k7fhzlbqzyu5ijh","time":1610578711,"event":{"mods":["AchievementEnabler","BaseMod","Bestiary","Colored Powertips","Filter the Spire","Highlight Path","Minty Spire (QoL Compilation)","Potion Indicator Mod","RNG Fix","Relic Stats"],"gold_per_floor":[118,18,18,36,46,73,73,103,149,167,167,167,167,197,197,293,293,311,311,328,253,263,263,290,290,317,232,248,281,60,60,60,156,156,172,172,224,274,288,288,314,314,383,383,418,218,246,262,262,262,262,262,93,120,120,120],"floor_reached":55,"language":"ENG","playtime":4137,"items_purged":["Strike_B","Defend_B"],"score":1099,"play_id":"ff698de5-6fac-42f9-9233-c20c73dc9e0c","local_time":"20210113175831","is_ascension_mode":true,"campfire_choices":[{"data":"Dualcast","floor":7.0,"key":"SMITH"},{"data":"Doom and Gloom","floor":13.0,"key":"SMITH"},{"data":"Defragment","floor":15.0,"key":"SMITH"},{"data":"Multi-Cast","floor":23.0,"key":"SMITH"},{"floor":25.0,"key":"REST"},{"data":"Writhe","floor":32.0,"key":"PURGE"},{"data":"Echo Form","floor":40.0,"key":"SMITH"},{"data":"Decay","floor":42.0,"key":"PURGE"},{"floor":44.0,"key":"RECALL"},{"floor":49.0,"key":"REST"},{"floor":52.0,"key":"REST"}],"circlet_count":0,"master_deck":["Strike_B","Strike_B","Defend_B","Defend_B","Defend_B","Zap+1","Dualcast+1","Doom and Gloom+1","Compile Driver","Compile Driver","Cold Snap","Sweeping Beam","BootSequence","Conserve Battery","Defragment+1","Echo Form+1","Multi-Cast+1","Streamline+1","Defragment","Biased Cognition","Machine Learning","Aggregate+1","Tempest+1","Core Surge","Hologram+1","Cold Snap+1","Go for the Eyes"],"relics":["Cracked Core","Pen Nib","Bag of Marbles","Letter Opener","FaceOfCleric","Centennial Puzzle","Runic Dome","FossilizedHelix","Bag of Preparation","Kunai","Sundial","Medical Kit","Peace Pipe","Runic Pyramid","Prayer Wheel","Dead Branch","Toy Ornithopter","Gremlin Horn","CaptainsWheel","Happy Flower","Strawberry"],"acts_visited":["Exordium","TheCity","TheBeyond","TheEnding"],"potions_floor_usage":[55,55,55],"damage_taken":[{"damage":1.0,"enemies":"Cultist","floor":1.0,"turns":3.0},{"damage":8.0,"enemies":"Small Slimes","floor":4.0,"turns":2.0},{"damage":3.0,"enemies":"Jaw Worm","floor":5.0,"turns":2.0},{"damage":11.0,"enemies":"3 Sentries","floor":6.0,"turns":5.0},{"damage":13.0,"enemies":"Lagavulin","floor":8.0,"turns":4.0},{"damage":0.0,"enemies":"2 Fungi Beasts","floor":10.0,"turns":2.0},{"damage":10.0,"enemies":"3 Sentries","floor":14.0,"turns":4.0},{"damage":7.0,"enemies":"Hexaghost","floor":16.0,"turns":7.0},{"damage":0.0,"enemies":"Chosen","floor":18.0,"turns":4.0},{"damage":0.0,"enemies":"Spheric Guardian","floor":20.0,"turns":3.0},{"damage":17.0,"enemies":"Snake Plant","floor":22.0,"turns":3.0},{"damage":21.0,"enemies":"Gremlin Leader","floor":24.0,"turns":5.0},{"damage":7.0,"enemies":"Shelled Parasite and Fungi","floor":28.0,"turns":3.0},{"damage":7.0,"enemies":"Slavers","floor":29.0,"turns":3.0},{"damage":42.0,"enemies":"Collector","floor":33.0,"turns":4.0},{"damage":7.0,"enemies":"3 Darklings","floor":35.0,"turns":3.0},{"damage":17.0,"enemies":"2 Orb Walkers","floor":37.0,"turns":3.0},{"damage":0.0,"enemies":"Mind Bloom Boss Battle","floor":38.0,"turns":4.0},{"damage":0.0,"enemies":"3 Shapes","floor":39.0,"turns":2.0},{"damage":0.0,"enemies":"Reptomancer","floor":41.0,"turns":3.0},{"damage":38.0,"enemies":"Giant Head","floor":45.0,"turns":8.0},{"damage":0.0,"enemies":"Reptomancer","floor":47.0,"turns":4.0},{"damage":9.0,"enemies":"Writhing Mass","floor":48.0,"turns":4.0},{"damage":36.0,"enemies":"Donu and Deca","floor":50.0,"turns":7.0},{"damage":54.0,"enemies":"Shield and Spear","floor":54.0,"turns":4.0},{"damage":68,"enemies":"The Heart","floor":55,"turns":6}],"seed_played":"-3176140301603841866","potions_obtained":[{"floor":4.0,"key":"EssenceOfSteel"},{"floor":6.0,"key":"SpeedPotion"},{"floor":16.0,"key":"EssenceOfDarkness"},{"floor":20.0,"key":"AttackPotion"},{"floor":24.0,"key":"SteroidPotion"},{"floor":29.0,"key":"PowerPotion"},{"floor":38.0,"key":"EssenceOfDarkness"},{"floor":39.0,"key":"BlessingOfTheForge"},{"floor":41.0,"key":"Regen Potion"},{"floor":47.0,"key":"FearPotion"}],"is_trial":false,"path_per_floor":["M","$","?","M","M","E","R","E","T","M","?","?","R","E","R","B",null,"M","?","M","?","M","R","E","R","T","?","M","E","$","?","R","B",null,"M","?","?","?","M","R","E","R","T","R","E","$","E","M","R","B",null,"R","$","E","B"],"character_chosen":"DEFECT","items_purchased":["Compile Driver","DistilledChaos","Medical Kit","FocusPotion","SkillPotion","LiquidBronze","Go for the Eyes","Block Potion"],"campfire_rested":3,"item_purchase_floors":[2,2,30,46,46,53,53,53],"current_hp_per_floor":[67,67,67,59,56,45,45,32,32,32,37,37,37,28,28,22,67,68,83,84,84,68,68,48,73,73,73,67,61,61,61,61,20,72,66,66,50,51,52,52,53,53,53,53,41,41,42,34,63,38,83,98,98,52,0,0],"gold":120,"neow_bonus":"RANDOM_COMMON_RELIC","is_daily":false,"chose_seed":false,"campfire_upgraded":5,"win_rate":0.0,"timestamp":1610578711,"path_taken":["M","$","?","M","M","E","R","E","T","M","?","?","R","E","R","BOSS","M","?","M","?","M","R","E","R","T","?","M","E","$","?","R","BOSS","M","?","?","?","M","R","E","R","T","R","E","$","E","M","R","BOSS","R","$","E","BOSS"],"items_purchased_type":["Card","Potion","Relic","Potion","Potion","Potion","Card","Potion"],"build_version":"2020-12-22","purchased_purges":2,"victory":false,"max_hp_per_floor":[75,75,75,75,75,75,75,75,75,75,80,80,80,81,81,82,82,83,83,84,84,85,85,86,86,86,86,87,88,88,88,88,89,89,90,90,91,92,93,93,94,94,94,94,95,95,96,97,97,98,98,98,98,106,106,106],"relic_stats":{"Gremlin Horn":[3,6],"Happy Flower":[7],"counters":[26,102],"Dead Branch":[36],"Pen Nib":[19],"Bag of Preparation":[28],"Letter Opener":[201],"Medical Kit":[8],"Peace Pipe":2,"Centennial Puzzle":[39],"FaceOfCleric":19,"Sundial":[4],"Prayer Wheel":2,"Kunai":[21],"obtain_stats":[{"Gremlin Horn":43,"Happy Flower":47,"Dead Branch":38,"Pen Nib":0,"Bag of Preparation":26,"Letter Opener":8,"Medical Kit":30,"Peace Pipe":31,"Runic Dome":17,"Centennial Puzzle":14,"CaptainsWheel":45,"FaceOfCleric":12,"Sundial":29,"Strawberry":54,"Prayer Wheel":37,"Bag of Marbles":6,"Kunai":27,"Cracked Core":0,"FossilizedHelix":24,"Toy Ornithopter":41,"Runic Pyramid":34},{"Gremlin Horn":20,"Happy Flower":22,"Dead Branch":18,"Pen Nib":0,"Bag of Preparation":12,"Letter Opener":5,"Medical Kit":14,"Peace Pipe":14,"Runic Dome":8,"Centennial Puzzle":7,"CaptainsWheel":21,"FaceOfCleric":6,"Sundial":14,"Strawberry":25,"Prayer Wheel":17,"Bag of Marbles":4,"Kunai":12,"Cracked Core":0,"FossilizedHelix":12,"Toy Ornithopter":20,"Runic Pyramid":15},{"Gremlin Horn":69,"Happy Flower":81,"Dead Branch":64,"Pen Nib":0,"Bag of Preparation":44,"Letter Opener":16,"Medical Kit":50,"Peace Pipe":50,"Runic Dome":29,"Centennial Puzzle":22,"CaptainsWheel":77,"FaceOfCleric":18,"Sundial":50,"Strawberry":96,"Prayer Wheel":60,"Bag of Marbles":12,"Kunai":44,"Cracked Core":0,"FossilizedHelix":44,"Toy Ornithopter":69,"Runic Pyramid":54}],"Toy Ornithopter":35},"card_choices":[{"not_picked":["Conserve Battery","Turbo"],"picked":"Doom and Gloom","floor":1.0},{"not_picked":["Hologram","Undo"],"picked":"Compile Driver","floor":4.0},{"not_picked":["Gash","Ball Lightning"],"picked":"Cold Snap","floor":5.0},{"not_picked":["Ball Lightning","Fusion"],"picked":"Sweeping Beam","floor":6.0},{"not_picked":["Rainbow","Skim"],"picked":"BootSequence","floor":8.0},{"not_picked":["Gash","FTL"],"picked":"Conserve Battery","floor":10.0},{"not_picked":["FTL","Go for the Eyes"],"picked":"Defragment","floor":14.0},{"not_picked":["Thunder Strike","Reboot"],"picked":"Echo Form","floor":16.0},{"not_picked":["Blizzard","Ball Lightning","Redo+1"],"picked":"SKIP","floor":18.0},{"not_picked":["Barrage","Ball Lightning+1","Cold Snap"],"picked":"SKIP","floor":20.0},{"not_picked":["Storm","Ball Lightning"],"picked":"Multi-Cast","floor":22.0},{"not_picked":["Cold Snap+1","Steam"],"picked":"Streamline+1","floor":24.0},{"not_picked":["Sweeping Beam","Beam Cell"],"picked":"Defragment","floor":28.0},{"not_picked":["Skim","Multi-Cast"],"picked":"Biased Cognition","floor":29.0},{"not_picked":["Rainbow","All For One"],"picked":"Machine Learning","floor":33.0},{"not_picked":["Force Field","Blizzard"],"picked":"Aggregate+1","floor":35.0},{"not_picked":["Leap","Rebound"],"picked":"Tempest+1","floor":37.0},{"not_picked":["BootSequence+1","Leap","Double Energy"],"picked":"SKIP","floor":39.0},{"not_picked":["FTL+1","Redo+1","Sunder"],"picked":"SKIP","floor":39.0},{"not_picked":["Stack","Compile Driver+1"],"picked":"Core Surge","floor":41.0},{"not_picked":["Fusion+1","Redo","Streamline"],"picked":"SKIP","floor":45.0},{"not_picked":["Sunder+1","Ball Lightning"],"picked":"Hologram+1","floor":47.0},{"not_picked":["Ball Lightning","Sweeping Beam"],"picked":"Cold Snap+1","floor":48.0},{"not_picked":["Storm","Coolheaded","Hologram"],"picked":"SKIP","floor":48.0},{"not_picked":["Thunder Strike","Rebound+1","Conserve Battery+1"],"picked":"SKIP","floor":54.0}],"player_experience":423131,"relics_obtained":[{"floor":6.0,"key":"Bag of Marbles"},{"floor":8.0,"key":"Letter Opener"},{"floor":14.0,"key":"Centennial Puzzle"},{"floor":24.0,"key":"FossilizedHelix"},{"floor":26.0,"key":"Bag of Preparation"},{"floor":29.0,"key":"Sundial"},{"floor":37.0,"key":"Prayer Wheel"},{"floor":38.0,"key":"Dead Branch"},{"floor":41.0,"key":"Toy Ornithopter"},{"floor":43.0,"key":"Gremlin Horn"},{"floor":45.0,"key":"CaptainsWheel"},{"floor":47.0,"key":"Happy Flower"},{"floor":54.0,"key":"Strawberry"}],"event_choices":[{"damage_healed":0.0,"max_hp_gain":0.0,"max_hp_loss":0.0,"gold_gain":0.0,"event_name":"Living Wall","player_choice":"Grow","floor":3.0,"gold_loss":0.0,"damage_taken":0.0,"cards_upgraded":["Zap"]},{"damage_healed":0.0,"max_hp_gain":5.0,"max_hp_loss":0.0,"gold_gain":0.0,"event_name":"Big Fish","player_choice":"Donut","floor":11.0,"gold_loss":0.0,"damage_taken":0.0},{"damage_healed":0.0,"max_hp_gain":0.0,"max_hp_loss":0.0,"gold_gain":0.0,"event_name":"FaceTrader","player_choice":"Trade","floor":12.0,"gold_loss":0.0,"damage_taken":0.0,"relics_obtained":["FaceOfCleric"]},{"damage_healed":15.0,"max_hp_gain":0.0,"max_hp_loss":0.0,"gold_gain":0.0,"event_name":"Wheel of Change","player_choice":"Full Heal","floor":19.0,"gold_loss":0.0,"damage_taken":0.0},{"cards_removed":["Strike_B"],"damage_healed":0.0,"max_hp_gain":0.0,"max_hp_loss":0.0,"gold_gain":0.0,"event_name":"Beggar","player_choice":"Gave Gold","floor":21.0,"gold_loss":75.0,"damage_taken":0.0},{"damage_healed":0.0,"max_hp_gain":0.0,"max_hp_loss":0.0,"gold_gain":0.0,"event_name":"Addict","player_choice":"Obtained Relic","floor":27.0,"gold_loss":85.0,"damage_taken":0.0,"relics_obtained":["Kunai"]},{"damage_healed":0.0,"max_hp_gain":0.0,"max_hp_loss":0.0,"gold_gain":0.0,"event_name":"The Mausoleum","player_choice":"Opened","floor":31.0,"gold_loss":0.0,"damage_taken":0.0,"relics_obtained":["Peace Pipe"],"cards_obtained":["Writhe"]},{"damage_healed":0.0,"max_hp_gain":0.0,"max_hp_loss":0.0,"gold_gain":0.0,"event_name":"Wheel of Change","player_choice":"Cursed","floor":36.0,"gold_loss":0.0,"damage_taken":0.0,"cards_obtained":["Decay"]},{"damage_healed":0.0,"max_hp_gain":0.0,"max_hp_loss":0.0,"gold_gain":0.0,"event_name":"Mysterious Sphere","player_choice":"Fight","floor":37.0,"gold_loss":0.0,"damage_taken":0.0},{"damage_healed":0.0,"max_hp_gain":0.0,"max_hp_loss":0.0,"gold_gain":0.0,"event_name":"MindBloom","player_choice":"Fight","floor":38.0,"gold_loss":0.0,"damage_taken":0.0}],"is_beta":false,"boss_relics":[{"not_picked":["Busted Crown","Astrolabe"],"picked":"Runic Dome"},{"not_picked":["Coffee Dripper","FrozenCore"],"picked":"Runic Pyramid"}],"items_purged_floors":[30,46],"is_endless":false,"potions_floor_spawned":[4,6,16,20,24,29,38,39,41,47],"killed_by":"The Heart","ascension_level":6}}