{"host":"z8galgznf6llawpn","time":1610567637,"event":{"mods":["AchievementEnabler","Act Like it!","Aspiration","BaseMod","Colored Map","Conspire","Defuse TimeMaze Blight","Friendly Minions","GifTheSpireLib","Hubris","Infinite Spire","Minty Spire (QoL Compilation)","Permanent Neow","Replay The Spire","Somnambulant","StSLib","Stuff the Spire","SuperFastMode","Unceasing Turn Reminder"],"gold_per_floor":[113,113,37,56,56,86,86,111,111,126,155,155,165,165,165,269,269,229,195,195,210,227,227,255,255,255,288,305,305,255,216,216,265,265,285,0,0,0],"floor_reached":37,"language":"ENG","playtime":4600,"items_purged":[],"score":578,"play_id":"dcffb99c-e8b2-4b38-865b-a9ec502f985a","local_time":"20210113145357","is_ascension_mode":true,"campfire_choices":[{"floor":12,"key":"REST"},{"data":"somnambulantmod: LightSleeper","floor":15,"key":"SMITH"},{"floor":23,"key":"REST"},{"floor":25,"key":"REST"},{"floor":32,"key":"REST"}],"circlet_count":0,"master_deck":["somnambulantmod: SomnambulantStrike","somnambulantmod: SomnambulantStrike","somnambulantmod: SomnambulantStrike+1","somnambulantmod: Defend_Somnambulant","somnambulantmod: Defend_Somnambulant","somnambulantmod: Defend_Somnambulant","somnambulantmod: QuickNap","somnambulantmod: PrimingPunch","Deep Breath+1","somnambulantmod: Stimulus+1","somnambulantmod: Refracture","somnambulantmod: Hush","StuffTheSpire:Innocence","somnambulantmod: GalaxyBrain","somnambulantmod: LightSleeper+1","somnambulantmod: HorrificThought+1","somnambulantmod: InLimbo","somnambulantmod: Withdraw+1","somnambulantmod: Lucidity+1","somnambulantmod: ViralIdea+1","somnambulantmod: LeechFears+1","somnambulantmod: HeadSmack","somnambulantmod: Nosebleed+1","Buffer","somnambulantmod: DarkeningMind+1","StuffTheSpire:CelestialWarden","somnambulantmod: LightSleeper","somnambulantmod: Reinterpret"],"relics":["somnambulantmod: DreamJournal","Quantum Egg","infinitespire:PuzzleCube","StuffTheSpire:EmeraldSignet","Gremlin Horn","hubris:Icosahedron","Replay:Grab Bag","Fusion Hammer","Astrolabe","Abe\u0027s Treasure","Prayer Wheel","ReplayTheSpireMod:TigerMarble","Iron Hammer","hubris:ToyBattleship","SacredBark","Red Mask"],"acts_visited":["Exordium","TheCity","TheBeyond"],"potions_floor_usage":[13,16,24,24],"damage_taken":[{"damage":1,"enemies":"Jaw Worm","floor":1,"turns":3},{"damage":9,"enemies":"Small Slimes","floor":4,"turns":5},{"damage":37,"enemies":"Gremlin Nob","floor":6,"turns":5},{"damage":0,"enemies":"Lagavulin","floor":8,"turns":5},{"damage":1,"enemies":"Cultist","floor":10,"turns":4},{"damage":0,"enemies":"Gremlin Nob","floor":11,"turns":2},{"damage":1,"enemies":"2 Fungi Beasts","floor":13,"turns":3},{"damage":12,"enemies":"Fading Forest","floor":16,"turns":11},{"damage":35,"enemies":"2 Thieves","floor":18,"turns":3},{"damage":2,"enemies":"Chosen","floor":19,"turns":4},{"damage":24,"enemies":"Shelled Parasite and Fungi","floor":21,"turns":4},{"damage":65,"enemies":"Chosen and Byrds","floor":22,"turns":5},{"damage":63,"enemies":"Nightmare","floor":24,"turns":8},{"damage":28,"enemies":"Gremlin Leader","floor":27,"turns":5},{"damage":0,"enemies":"Snecko","floor":28,"turns":3},{"damage":16,"enemies":"3 Cultists","floor":31,"turns":4},{"damage":0,"enemies":"Automaton","floor":33,"turns":4},{"damage":0,"enemies":"Orb Walker","floor":35,"turns":4},{"damage":7,"enemies":"infinitespire:Three Voidlings","floor":37,"turns":3},{"damage":129,"enemies":"Nightmare_Alpha","floor":37,"turns":10}],"seed_played":"-2278549596413158324","potions_obtained":[{"floor":1,"key":"somnambulantmod: BottledDream"},{"floor":10,"key":"SteroidPotion"},{"floor":11,"key":"DistilledChaos"},{"floor":13,"key":"ColorlessPotion"},{"floor":18,"key":"Weak Potion"},{"floor":22,"key":"Block Potion"},{"floor":31,"key":"FearPotion"},{"floor":35,"key":"Adrenaline Potion"}],"is_trial":false,"path_per_floor":["M","?","$","M","?","E","?","E","T","M","E","R","M","?","R","B",null,"M","M","?","M","M","R","NM","R","T","E","M","?","?","M","R","B",null,"M","?","?"],"character_chosen":"THE_SOMNAMBULANT","items_purchased":["somnambulantmod: Refracture"],"campfire_rested":4,"item_purchase_floors":[3],"current_hp_per_floor":[69,69,69,60,53,50,50,50,50,49,49,74,73,73,73,65,79,44,42,42,57,36,61,41,67,67,82,82,82,82,66,85,85,85,85,85,0,0],"gold":0,"neow_bonus":"RANDOM_COLORLESS","is_daily":false,"chose_seed":false,"campfire_upgraded":1,"win_rate":0.0,"timestamp":1610567637,"path_taken":["M","?","$","M","?","E","?","E","T","M","E","R","?","?","R","BOSS","M","M","?","M","M","R","NM","R","T","E","M","?","?","?","R","BOSS","M","?","?"],"items_purchased_type":["Card"],"build_version":"2020-12-22","purchased_purges":0,"victory":false,"max_hp_per_floor":[70,70,70,70,70,77,77,77,77,77,77,79,79,79,79,79,79,79,79,79,79,79,81,81,83,83,83,83,83,83,83,85,85,85,85,85,87,87],"card_choices":[{"not_picked":["hubris:Insight","Replay:Bootleg Shield Generator"],"picked":"Deep Breath","floor":0},{"not_picked":["somnambulantmod: Unknow","somnambulantmod: Stumble"],"picked":"somnambulantmod: Stimulus","floor":1},{"not_picked":["somnambulantmod: Repression","somnambulantmod: Harden"],"picked":"somnambulantmod: Hush","floor":4},{"not_picked":["somnambulantmod: HorrificThought","somnambulantmod: RecurringDream"],"picked":"somnambulantmod: GalaxyBrain","floor":6},{"not_picked":["somnambulantmod: Ignorance","somnambulantmod: Cower","somnambulantmod: ShimmeringVeil"],"picked":"SKIP","floor":8},{"not_picked":["somnambulantmod: SickeningSwathe","somnambulantmod: Bruise"],"picked":"somnambulantmod: LightSleeper","floor":10},{"not_picked":["somnambulantmod: Harden","somnambulantmod: SickeningSwathe"],"picked":"somnambulantmod: HorrificThought","floor":11},{"not_picked":["somnambulantmod: HorrificThought","somnambulantmod: MuscleMemory"],"picked":"somnambulantmod: InLimbo","floor":13},{"not_picked":["somnambulantmod: GalaxyBrain","somnambulantmod: Reinterpret"],"picked":"somnambulantmod: Withdraw","floor":16},{"not_picked":["somnambulantmod: BadIdea","somnambulantmod: RecurringDream+1","somnambulantmod: Reject"],"picked":"SKIP","floor":18},{"not_picked":["somnambulantmod: TrepanningBlow","somnambulantmod: BrainFeeder"],"picked":"somnambulantmod: HeadSmack","floor":19},{"not_picked":["somnambulantmod: Trauma","somnambulantmod: RacingThoughts"],"picked":"somnambulantmod: Nosebleed+1","floor":21},{"not_picked":["somnambulantmod: Repression","somnambulantmod: SnuggleUp","somnambulantmod: OpeningUp+1"],"picked":"SKIP","floor":22},{"not_picked":["somnambulantmod: Cower+1","somnambulantmod: Overshare","somnambulantmod: HeavyLids"],"picked":"SKIP","floor":24},{"not_picked":["somnambulantmod: PourItOut+1","somnambulantmod: Stumble"],"picked":"somnambulantmod: DarkeningMind+1","floor":27},{"not_picked":["somnambulantmod: Sleepyhead+1","somnambulantmod: Blink","somnambulantmod: Bloom"],"picked":"SKIP","floor":28},{"not_picked":["somnambulantmod: Unknow+1","somnambulantmod: TrepanningBlow","somnambulantmod: RecurringDream"],"picked":"SKIP","floor":28},{"not_picked":["StuffTheSpire:Brawn","StuffTheSpire:Innocence"],"picked":"StuffTheSpire:CelestialWarden","floor":29},{"not_picked":["somnambulantmod: Stumble+1","somnambulantmod: HappyThoughts"],"picked":"somnambulantmod: LightSleeper","floor":31},{"not_picked":["somnambulantmod: Ignorance","somnambulantmod: SickeningSwathe+1","somnambulantmod: Blink+1"],"picked":"SKIP","floor":31},{"not_picked":["somnambulantmod: Inspiration","somnambulantmod: Withdraw"],"picked":"somnambulantmod: Reinterpret","floor":33},{"not_picked":["somnambulantmod: HorrificThought","somnambulantmod: BadIdea+1","somnambulantmod: Sleepyhead"],"picked":"SKIP","floor":35},{"not_picked":["somnambulantmod: PourItOut","somnambulantmod: DreamBig+1","somnambulantmod: Reject+1"],"picked":"SKIP","floor":35}],"player_experience":389397,"relics_obtained":[{"floor":6,"key":"Strawberry"},{"floor":8,"key":"infinitespire:PuzzleCube"},{"floor":9,"key":"StuffTheSpire:EmeraldSignet"},{"floor":11,"key":"Gremlin Horn"},{"floor":24,"key":"ReplayTheSpireMod:TigerMarble"},{"floor":26,"key":"Iron Hammer"},{"floor":27,"key":"hubris:ToyBattleship"}],"event_choices":[{"damage_healed":0,"gold_gain":0,"player_choice":"Grow","damage_taken":0,"max_hp_gain":0,"max_hp_loss":0,"event_name":"Living Wall","floor":2,"gold_loss":0,"cards_upgraded":["somnambulantmod: Stimulus"]},{"cards_removed":["somnambulantmod: Defend_Somnambulant"],"damage_healed":0,"gold_gain":0,"player_choice":"Offered Basic","damage_taken":0,"max_hp_gain":0,"max_hp_loss":0,"event_name":"Bonfire Elementals","floor":7,"gold_loss":0},{"damage_healed":0,"gold_gain":0,"player_choice":"Bet on Murderer","damage_taken":0,"max_hp_gain":0,"max_hp_loss":0,"event_name":"The Joust","floor":30,"gold_loss":50},{"damage_healed":0,"gold_gain":0,"player_choice":"Paid","damage_taken":0,"relics_obtained":["Red Mask"],"max_hp_gain":0,"max_hp_loss":0,"event_name":"Tomb of Lord Red Mask","floor":36,"gold_loss":285}],"is_beta":false,"boss_relics":[{"not_picked":["ReplayTheSpireMod:DimensionalGlitch","hubris:RunicObelisk"],"picked":"Replay:Grab Bag"},{"not_picked":["Sozu","aspiration:FutureDiary"],"picked":"Fusion Hammer"},{"not_picked":["Philosopher\u0027s Stone","Runic Dome"],"picked":"ReplayTheSpireMod:Onyx Gauntlets"},{"not_picked":["Kintsugi","Runic Pyramid"],"picked":"Astrolabe"},{"not_picked":["Tiny House","ReplayTheSpireMod:SealedPack"],"picked":"SacredBark"}],"items_purged_floors":[],"is_endless":true,"potions_floor_spawned":[1,10,11,13,18,22,31,35],"killed_by":"Nightmare_Alpha","ascension_level":1}}