{"host":"6jrnojxwearbrjzo","time":1610569078,"event":{"mods":["BaseMod","Colored Map","Conspire","Highlight Path","Minty Spire (QoL Compilation)","Quick Restart","Replay The Spire","Shop Mod","Spicy Shops","StSLib","The Servant 0.9.4"],"gold_per_floor":[116,126,22,21,21,21,49,49,49,62,62,62,14,45,45,45,45],"floor_reached":16,"language":"ZHS","playtime":629,"items_purged":["Regret"],"score":106,"play_id":"5413f5d7-a93a-4c76-892d-200b522725b8","local_time":"20210114041758","is_ascension_mode":false,"campfire_choices":[{"data":"Multi-Cast","floor":6,"key":"SMITH"},{"floor":8,"key":"REST"},{"data":"Panic Button","floor":11,"key":"SMITH"},{"floor":15,"key":"REST"}],"circlet_count":0,"master_deck":["Strike_B","Strike_B","Strike_B","Strike_B","Defend_B","Defend_B","Defend_B","Defend_B","Zap","Dualcast","Multi-Cast+1","Turbo+1","Cold Snap","Voices","Seek","Genetic Algorithm+1","Panic Button+1","Parasite"],"relics":["Cracked Core","Quantum Egg","ReplayTheSpireMod:CursedCoin","Replay:Wax Seal","War Paint","conspire:Dentures","Durian"],"acts_visited":["Exordium"],"potions_floor_usage":[14,14,16],"damage_taken":[{"damage":0,"enemies":"Cultist","floor":1,"turns":2},{"damage":2,"enemies":"Small Slimes","floor":2,"turns":4},{"damage":35,"enemies":"3 Sentries","floor":7,"turns":9},{"damage":5,"enemies":"2 Louse","floor":10,"turns":2},{"damage":37,"enemies":"Lagavulin","floor":14,"turns":8},{"damage":64,"enemies":"Fading Forest","floor":16,"turns":11}],"seed_played":"7746924937031651128","potions_obtained":[{"floor":7,"key":"SteroidPotion"},{"floor":14,"key":"Energy Potion"}],"is_trial":false,"path_per_floor":["M","M","$","$","?","R","E","R","T","M","R","?","$","E","R","B"],"character_chosen":"DEFECT","items_purchased":["Quantum Egg","ReplayTheSpireMod:CursedCoin","Seek","Swift Potion"],"campfire_rested":2,"item_purchase_floors":[3,4,4,13],"current_hp_per_floor":[75,73,73,73,61,61,26,48,48,43,43,61,61,29,53,0,0],"gold":45,"neow_bonus":"ONE_RANDOM_RARE_CARD","is_daily":false,"chose_seed":false,"campfire_upgraded":2,"win_rate":0.0,"timestamp":1610569078,"path_taken":["M","M","?","$","?","R","E","R","T","M","R","?","$","E","R","BOSS"],"items_purchased_type":["Relic","Relic","Card","Potion"],"build_version":"2020-12-22","purchased_purges":1,"victory":false,"max_hp_per_floor":[75,75,75,75,75,75,75,75,75,75,75,75,75,80,80,80,80],"card_choices":[{"not_picked":["Cold Snap","Leap"],"picked":"Turbo","floor":1},{"not_picked":["Turbo","Compile Driver"],"picked":"Cold Snap","floor":2},{"not_picked":["Panic Button","Hello World"],"picked":"Genetic Algorithm","floor":7},{"not_picked":["Compile Driver","Streamline"],"picked":"Panic Button","floor":10},{"not_picked":["Sunder","Steam","Undo"],"picked":"SKIP","floor":14}],"player_experience":73990,"relics_obtained":[{"floor":7,"key":"War Paint"},{"floor":9,"key":"conspire:Dentures"},{"floor":14,"key":"Durian"}],"event_choices":[{"damage_healed":0,"gold_gain":0,"player_choice":"Success","damage_taken":12,"relics_obtained":["Replay:Wax Seal"],"max_hp_gain":0,"max_hp_loss":0,"event_name":"Scrap Ooze","floor":5,"gold_loss":0},{"damage_healed":18,"gold_gain":0,"player_choice":"Healed and dodged fight","damage_taken":0,"max_hp_gain":0,"max_hp_loss":0,"event_name":"Mushrooms","floor":12,"gold_loss":0,"cards_obtained":["Parasite"]}],"is_beta":false,"boss_relics":[],"items_purged_floors":[4],"is_endless":false,"potions_floor_spawned":[7,14],"killed_by":"Fading Forest","ascension_level":0}}