{"host":"v79nb9qnzs8cga96","time":1610561700,"event":{"mods":["2.2 Compatiblity","Ascension Reborn","Aspiration","Bard","BaseMod","Beaked The Cultist","Better Note","Block Reminder","Custom Start","GifTheSpireLib","Marked Mod","Minty Spire (QoL Compilation)","Quarter Circle Forward PUNCH!","SacredBarkPlus","Small Relic Pack","StSLib","Stuff the Spire","The Bladedancer","The Cursed","The Forsaken","The Necromancer","The Poker Player","The Runesmith","The Saiyan","The Showman","The Spell Scribe","TheFirefly","vexMod"],"gold_per_floor":[116,135,155,155,173,199,199,229,229,229,242,256,266,109,109,204,204,220,220,230,230,230],"floor_reached":21,"language":"ENG","playtime":1677,"items_purged":[],"score":218,"play_id":"5c46f090-623f-495f-a2dc-70e048292b76","local_time":"20210113201500","is_ascension_mode":true,"campfire_choices":[{"data":"beaked:BloodForTheGods","floor":10.0,"key":"SMITH"},{"data":"beaked:BloodRitual","floor":15.0,"key":"SMITH"}],"circlet_count":0,"master_deck":["beaked:Strike_Y","beaked:Strike_Y","beaked:Strike_Y","beaked:Strike_Y","beaked:Strike_Y","beaked:Strike_Y","beaked:Defend_Y","beaked:Defend_Y","beaked:Defend_Y","beaked:Defend_Y","beaked:Ceremony","beaked:Ceremony","beaked:Ceremony","beaked:BloodForTheGods+1","beaked:Ceremony","beaked:BloodRitual+1","beaked:Sacrifice","beaked:VigorBurst"],"relics":["beaked:MendingPlumage","qcfpunch:Not_Strongest_Fighting_Style_Guidebook","Runesmith:AutoHammer","MealTicket","Oddly Smooth Stone","beaked:FlawlessSticks"],"acts_visited":["Exordium","TheCity"],"potions_floor_usage":[21],"damage_taken":[{"damage":13.0,"enemies":"Jaw Worm","floor":1.0,"turns":5.0},{"damage":17.0,"enemies":"Cultist","floor":2.0,"turns":5.0},{"damage":19.0,"enemies":"2 Louse","floor":3.0,"turns":5.0},{"damage":68.0,"enemies":"Red Slaver","floor":5.0,"turns":8.0},{"damage":65.0,"enemies":"3 Sentries","floor":6.0,"turns":12.0},{"damage":56.0,"enemies":"Gremlin Nob","floor":8.0,"turns":6.0},{"damage":15.0,"enemies":"Exordium Wildlife","floor":11.0,"turns":6.0},{"damage":37.0,"enemies":"Gremlin Gang","floor":12.0,"turns":10.0},{"damage":62.0,"enemies":"Blue Slaver","floor":13.0,"turns":6.0},{"damage":137.0,"enemies":"Hexaghost","floor":16.0,"turns":9.0},{"damage":95.0,"enemies":"Chosen","floor":18.0,"turns":10.0},{"damage":81.0,"enemies":"Spheric Guardian","floor":20.0,"turns":9.0},{"damage":71,"enemies":"Cultist and Chosen","floor":21,"turns":8}],"seed_played":"2178855678838191095","potions_obtained":[{"floor":2.0,"key":"FearPotion"},{"floor":5.0,"key":"EssenceOfSteel"},{"floor":13.0,"key":"SpeedPotion"}],"is_trial":false,"path_per_floor":["M","M","M","?","M","E","?","E","T","R","M","M","M","$","R","B",null,"M","?","M","M"],"character_chosen":"BEAKED_THE_CULTIST","items_purchased":["Oddly Smooth Stone"],"campfire_rested":0,"item_purchase_floors":[14],"current_hp_per_floor":[52,55,55,55,55,52,52,9,9,9,14,55,55,55,55,32,55,58,58,33,0,0],"gold":230,"neow_bonus":"TEN_PERCENT_HP_BONUS","is_daily":false,"chose_seed":false,"campfire_upgraded":2,"win_rate":0.0,"timestamp":1610561700,"path_taken":["M","M","M","?","?","E","?","E","T","R","?","M","M","$","R","BOSS","M","?","M","M"],"items_purchased_type":["Relic"],"build_version":"2020-12-22","purchased_purges":0,"victory":false,"max_hp_per_floor":[55,55,55,55,55,55,55,55,55,55,55,55,55,55,55,55,55,58,58,66,69,69],"card_choices":[{"not_picked":["beaked:Poke","beaked:TuckingFeathers"],"picked":"beaked:BloodForTheGods","floor":1.0},{"not_picked":["beaked:SacrificialAttack","beaked:Hexing","beaked:MimicHuntress"],"picked":"SKIP","floor":2.0},{"not_picked":["beaked:Windmill","beaked:BraceForImpact","beaked:CursingBlood"],"picked":"SKIP","floor":3.0},{"not_picked":["beaked:MimicMachine","beaked:Cower","beaked:Resilience"],"picked":"SKIP","floor":5.0},{"not_picked":["beaked:RuinSticks","beaked:Daydream","beaked:Recite"],"picked":"SKIP","floor":6.0},{"not_picked":["beaked:Insight","beaked:Struggle"],"picked":"beaked:BloodRitual","floor":8.0},{"not_picked":["beaked:WarriorSpirit","beaked:Insight","beaked:MaddeningMurmurs"],"picked":"SKIP","floor":11.0},{"not_picked":["beaked:Roost","beaked:Overexert","beaked:Windmill"],"picked":"SKIP","floor":12.0},{"not_picked":["beaked:SacrificialAttack","beaked:SurvivalInstinct","beaked:Devastation"],"picked":"SKIP","floor":13.0},{"not_picked":["beaked:FakeOut","beaked:Caw"],"picked":"beaked:Sacrifice","floor":16.0},{"not_picked":["beaked:CursingBlood+1","beaked:CrazyRituals+1","beaked:Insight+1"],"picked":"SKIP","floor":18.0},{"not_picked":["beaked:Devastation","beaked:Windmill"],"picked":"beaked:VigorBurst","floor":20.0}],"player_experience":462764,"relics_obtained":[{"floor":6.0,"key":"qcfpunch:Not_Strongest_Fighting_Style_Guidebook"},{"floor":8.0,"key":"Runesmith:AutoHammer"},{"floor":9.0,"key":"MealTicket"}],"event_choices":[{"damage_healed":0.0,"max_hp_gain":0.0,"max_hp_loss":0.0,"gold_gain":0.0,"event_name":"Match and Keep!","player_choice":"1 cards matched","floor":4.0,"gold_loss":0.0,"damage_taken":0.0,"cards_obtained":["beaked:Ceremony"]},{"damage_healed":0.0,"max_hp_gain":0.0,"max_hp_loss":0.0,"gold_gain":0.0,"event_name":"Lab","player_choice":"Got Potions","floor":7.0,"gold_loss":0.0,"damage_taken":0.0},{"damage_healed":0.0,"max_hp_gain":0.0,"max_hp_loss":0.0,"gold_gain":0.0,"event_name":"The Woman in Blue","player_choice":"Bought 0 Potions","floor":19.0,"gold_loss":0.0,"damage_taken":0.0}],"is_beta":false,"boss_relics":[{"not_picked":["StuffTheSpire:ModemDavis","aspiration:RunicSpoon"],"picked":"beaked:FlawlessSticks"}],"items_purged_floors":[],"is_endless":false,"potions_floor_spawned":[2,5,6,13,16,18],"killed_by":"Cultist and Chosen","ascension_level":0}}