{"host":"alk2ftu785mujiir","time":1610550211,"event":{"mods":["BaseMod","Colored Map","Downfall","Minty Spire (QoL Compilation)","StSLib"],"gold_per_floor":[0,10,20,170,20,31,56,84,84,101,101,124,124,136,153,258,258,258,258,258,258,258,258,258,258,76,76,61,61,61,61,61,61,61],"floor_reached":33,"language":"ENG","playtime":1721,"items_purged":[],"score":269,"play_id":"154196b2-307b-4f38-a177-ecce96b9917c","local_time":"20210113100331","is_ascension_mode":false,"campfire_choices":[{"data":"hexamod:Float","floor":1.0,"key":"SMITH"},{"data":"hexamod:BurningTouch","floor":9.0,"key":"SMITH"},{"data":"hexamod:BurningTouch","floor":11.0,"key":"SMITH"},{"data":"hexamod:SuperheatedStrike","floor":18.0,"key":"SMITH"},{"floor":27.0,"key":"REST"},{"floor":29.0,"key":"REST"}],"circlet_count":0,"master_deck":["hexamod:Strike","hexamod:Strike","hexamod:Strike","hexamod:Strike","hexamod:Defend","hexamod:Defend","hexamod:Defend","hexamod:Defend","hexamod:Sear","hexamod:Float+1","hexamod:SearingWound","hexamod:FastForward","hexamod:BurningTouch+1","Slimebound:Icky","hexamod:FastForward","hexamod:BurningTouch+1","hexamod:SuperheatedStrike+1","hexamod:ShieldOfDarkness","hexamod:TimeWarp","hexamod:SecondSeal","hexamod:FlamesFromBeyond","hexamod:HauntingEcho+1","hexamod:TurnItUp","hexamod:ExtraCrispy","expansioncontent:Collect","hexamod:PhantomCloak","hexamod:BurningTouch+1","hexamod:ThermalTransfer","hexamod:FirstSeal","hexamod:GhostOfSpireFuture"],"relics":["hexamod:SpiritBrand","Juzu Bracelet","Darkstone Periapt","Odd Mushroom","downfall:Hecktoplasm","Potion Belt","Toxic Egg 2","downfall:HeartBlessingGreen"],"acts_visited":["Exordium","TheCity"],"potions_floor_usage":[31,33],"damage_taken":[{"damage":0.0,"enemies":"2 Louse","floor":2.0,"turns":2.0},{"damage":4.0,"enemies":"Small Slimes","floor":3.0,"turns":4.0},{"damage":0.0,"enemies":"Cultist","floor":6.0,"turns":3.0},{"damage":2.0,"enemies":"Gremlin Nob","floor":8.0,"turns":3.0},{"damage":6.0,"enemies":"3 Louse","floor":10.0,"turns":2.0},{"damage":13.0,"enemies":"The Mushroom Lair","floor":12.0,"turns":3.0},{"damage":3.0,"enemies":"2 Fungi Beasts","floor":14.0,"turns":4.0},{"damage":2.0,"enemies":"Exordium Wildlife","floor":15.0,"turns":4.0},{"damage":32.0,"enemies":"downfall:Ironclad","floor":16.0,"turns":7.0},{"damage":15.0,"enemies":"Shell Parasite","floor":19.0,"turns":5.0},{"damage":0.0,"enemies":"3 Byrds","floor":20.0,"turns":4.0},{"damage":6.0,"enemies":"Centurion and Healer","floor":22.0,"turns":5.0},{"damage":36.0,"enemies":"Book of Stabbing","floor":23.0,"turns":5.0},{"damage":0.0,"enemies":"downfall:FleeingMerchant","floor":26.0,"turns":4.0},{"damage":9.0,"enemies":"downfall:FleeingMerchant","floor":28.0,"turns":4.0},{"damage":6.0,"enemies":"Shelled Parasite and Fungi","floor":30.0,"turns":3.0},{"damage":18,"enemies":"Snake Plant","floor":31,"turns":4},{"damage":36,"enemies":"Sentry and Sphere","floor":32,"turns":7},{"damage":10,"enemies":"downfall:Silent","floor":33,"turns":2}],"seed_played":"-3711934584444944494","potions_obtained":[{"floor":2.0,"key":"BlessingOfTheForge"},{"floor":8.0,"key":"Fire Potion"},{"floor":10.0,"key":"Slimebound:ThreeZeroPotion"},{"floor":16.0,"key":"Fire Potion"},{"floor":19.0,"key":"Explosive Potion"},{"floor":20.0,"key":"BlessingOfTheForge"},{"floor":32,"key":"Dexterity Potion"}],"is_trial":false,"path_per_floor":["R","M","M","?","?","M","T","E","R","M","R","?","?","M","M","B",null,"R","M","M","?","M","E","T","?","$","R","$","R","M","M","M","B"],"character_chosen":"THE_SPIRIT","items_purchased":["expansioncontent:Collect","hexamod:PhantomCloak"],"campfire_rested":2,"item_purchase_floors":[26,26],"current_hp_per_floor":[70,70,66,66,80,80,80,78,78,72,72,59,59,56,54,22,80,80,65,65,65,59,23,23,23,23,47,38,62,56,38,9,0,0,0],"gold":61,"neow_bonus":"THREE_RARE_CARDS","is_daily":false,"chose_seed":false,"campfire_upgraded":4,"win_rate":0.0,"timestamp":1610550211,"path_taken":["R","M","M","?","?","M","T","E","R","M","R","?","?","M","M","BOSS","R","M","M","?","M","E","T","?","$","R","?","R","M","M","M","BOSS"],"items_purchased_type":["Card","Card"],"build_version":"2020-12-22","purchased_purges":0,"victory":false,"max_hp_per_floor":[70,70,70,70,80,80,80,80,80,80,80,80,80,80,80,80,80,80,80,80,80,80,80,80,80,80,80,80,80,80,80,80,80,80,80],"card_choices":[{"not_picked":["hexamod:TurnItUp","hexamod:ApocalypseNow"],"picked":"hexamod:SearingWound","floor":0.0},{"not_picked":["hexamod:FlamesFromBeyond","hexamod:InspiringFlames"],"picked":"hexamod:FastForward","floor":2.0},{"not_picked":["hexamod:ThermalTransfer","hexamod:HauntingEcho"],"picked":"hexamod:BurningTouch","floor":3.0},{"not_picked":["hexamod:InspiringFlames","hexamod:ApocalypticArmor"],"picked":"hexamod:FastForward","floor":6.0},{"not_picked":["hexamod:StepThrough","hexamod:NightmareStrike","hexamod:GhostLash"],"picked":"SKIP","floor":8.0},{"not_picked":["hexamod:AdvancingGuard","hexamod:Again"],"picked":"hexamod:BurningTouch","floor":10.0},{"not_picked":["hexamod:SwordOfDarkness","hexamod:SkipABeat"],"picked":"hexamod:SuperheatedStrike","floor":14.0},{"not_picked":["hexamod:SwordOfDarkness","hexamod:HauntingEcho"],"picked":"hexamod:ShieldOfDarkness","floor":15.0},{"not_picked":["hexamod:GiftsFromTheDead","hexamod:TurnItUp"],"picked":"hexamod:TimeWarp","floor":16.0},{"not_picked":["hexamod:BacktrackSmack","hexamod:GhostShield"],"picked":"hexamod:SecondSeal","floor":19.0},{"not_picked":["hexamod:SpectralAdrenaline+1","hexamod:SwordOfDarkness+1"],"picked":"hexamod:FlamesFromBeyond","floor":20.0},{"not_picked":["hexamod:RecurringNightmare","hexamod:Firestarter"],"picked":"hexamod:HauntingEcho+1","floor":22.0},{"not_picked":["hexamod:RecurringNightmare","hexamod:EmpoweringStance"],"picked":"hexamod:TurnItUp","floor":23.0},{"not_picked":["hexamod:EtherealExpedition+1","hexamod:Rewind+1"],"picked":"hexamod:ExtraCrispy","floor":26.0},{"not_picked":["hexamod:ChargedBarrage+1","hexamod:Hexaguard+1"],"picked":"hexamod:BurningTouch+1","floor":28.0},{"not_picked":["hexamod:SwordOfDarkness","hexamod:RainOfEmbers"],"picked":"hexamod:ThermalTransfer","floor":30.0},{"not_picked":["hexamod:AdvancingGuard+1","hexamod:BurningTouch+1"],"picked":"hexamod:FirstSeal","floor":31},{"not_picked":["hexamod:BurningTouch+1","hexamod:NightmareStrike"],"picked":"hexamod:GhostOfSpireFuture","floor":32}],"player_experience":1752768,"relics_obtained":[{"floor":7.0,"key":"Juzu Bracelet"},{"floor":8.0,"key":"Darkstone Periapt"},{"floor":12.0,"key":"Odd Mushroom"},{"floor":23.0,"key":"Potion Belt"},{"floor":24.0,"key":"Toxic Egg 2"}],"event_choices":[{"damage_healed":0.0,"max_hp_gain":0.0,"max_hp_loss":0.0,"gold_gain":0.0,"event_name":"Mushrooms","player_choice":"Fought Mushrooms","floor":12.0,"gold_loss":0.0,"damage_taken":0.0}],"is_beta":false,"boss_relics":[{"not_picked":["SacredBark","Busted Crown"],"picked":"downfall:Hecktoplasm"}],"items_purged_floors":[],"is_endless":false,"potions_floor_spawned":[2,8,10,16,19,20,32],"killed_by":"downfall:Silent","ascension_level":0}}