{"host":"qjv9b7mze4c73keh","time":1610549048,"event":{"mods":["BaseMod","Minty Spire (QoL Compilation)"],"gold_per_floor":[115,41,41,54,54,54,67,67,67,17,31,47,47,76,88,196,208,230,255,277,306,243,243,261,261,261,261,261],"floor_reached":27,"language":"RUS","playtime":2372,"items_purged":["Defend_R"],"score":215,"play_id":"27f41fbd-1d19-4b83-b267-0d70fc31f50c","local_time":"20210113194408","is_ascension_mode":false,"campfire_choices":[{"data":"Entrench","floor":6,"key":"SMITH"},{"data":"Seeing Red","floor":8,"key":"SMITH"},{"data":"True Grit","floor":15,"key":"SMITH"},{"data":"Body Slam","floor":23,"key":"SMITH"}],"circlet_count":0,"master_deck":["Strike_R","Defend_R","Defend_R","Defend_R","Bash+1","Seeing Red+1","Anger+1","Shrug It Off","Entrench+1","True Grit+1","Anger+1","Juggernaut","Body Slam+1","Sentinel","Iron Wave","Thunderclap","Shame"],"relics":["Black Blood","Whetstone","MawBank","InkBottle"],"acts_visited":["Exordium","TheCity"],"potions_floor_usage":[14,16,16,20,24,27],"damage_taken":[{"damage":7,"enemies":"Jaw Worm","floor":1,"turns":6},{"damage":1,"enemies":"Cultist","floor":4,"turns":4},{"damage":0,"enemies":"Small Slimes","floor":7,"turns":6},{"damage":0,"enemies":"Looter","floor":11,"turns":3},{"damage":2,"enemies":"Blue Slaver","floor":12,"turns":3},{"damage":13,"enemies":"Gremlin Nob","floor":14,"turns":5},{"damage":49,"enemies":"Hexaghost","floor":16,"turns":11},{"damage":11,"enemies":"Chosen","floor":18,"turns":8},{"damage":10,"enemies":"3 Byrds","floor":19,"turns":7},{"damage":16,"enemies":"Snecko","floor":20,"turns":5},{"damage":21,"enemies":"Centurion and Healer","floor":21,"turns":6},{"damage":34,"enemies":"Snake Plant","floor":24,"turns":6},{"damage":52,"enemies":"3 Cultists","floor":27,"turns":4}],"seed_played":"5417017832295633746","potions_obtained":[{"floor":11,"key":"Strength Potion"},{"floor":12,"key":"Block Potion"},{"floor":14,"key":"DuplicationPotion"},{"floor":16,"key":"Energy Potion"},{"floor":20,"key":"FearPotion"},{"floor":21,"key":"Dexterity Potion"}],"is_trial":false,"path_per_floor":["M","$","?","M","?","R","M","R","T","?","M","M","?","E","R","B",null,"M","M","M","M","$","R","M","?","T","M"],"character_chosen":"IRONCLAD","items_purchased":["Anger","Shrug It Off"],"campfire_rested":0,"item_purchase_floors":[2,2],"current_hp_per_floor":[79,79,79,80,73,73,79,79,79,79,80,80,80,73,73,30,80,80,80,76,67,67,67,45,45,45,0,0],"gold":261,"neow_bonus":"REMOVE_CARD","is_daily":false,"chose_seed":false,"campfire_upgraded":4,"win_rate":0.0,"timestamp":1610549048,"path_taken":["M","$","?","?","?","R","M","R","T","?","M","M","?","E","R","BOSS","M","M","M","M","$","R","M","?","T","M"],"items_purchased_type":["Card","Card"],"build_version":"2020-12-22","purchased_purges":1,"victory":false,"max_hp_per_floor":[80,80,80,80,80,80,80,80,80,80,80,80,80,80,80,80,80,80,80,80,80,80,80,80,80,80,80,80],"card_choices":[{"not_picked":["Havoc","Twin Strike"],"picked":"Seeing Red","floor":1},{"not_picked":["Heavy Blade","Thunderclap"],"picked":"Entrench","floor":4},{"not_picked":["Twin Strike","Disarm"],"picked":"True Grit","floor":7},{"not_picked":["Twin Strike","Headbutt"],"picked":"Anger","floor":11},{"not_picked":["Twin Strike","Headbutt","Dual Wield"],"picked":"SKIP","floor":12},{"not_picked":["Warcry","Carnage","Demon Form"],"picked":"SKIP","floor":14},{"not_picked":["Demon Form","Corruption"],"picked":"Juggernaut","floor":16},{"not_picked":["Rupture","Clothesline","Pommel Strike"],"picked":"SKIP","floor":18},{"not_picked":["Rage","True Grit"],"picked":"Body Slam","floor":19},{"not_picked":["Evolve","Sword Boomerang"],"picked":"Sentinel","floor":20},{"not_picked":["Heavy Blade+1","Searing Blow"],"picked":"Iron Wave","floor":21},{"not_picked":["Uppercut","Thunderclap+1","Twin Strike+1"],"picked":"SKIP","floor":24}],"player_experience":57482,"relics_obtained":[{"floor":9,"key":"Whetstone"},{"floor":14,"key":"MawBank"},{"floor":26,"key":"InkBottle"}],"event_choices":[{"cards_removed":["Strike_R"],"damage_healed":0,"gold_gain":0,"player_choice":"Offered Basic","damage_taken":0,"max_hp_gain":0,"max_hp_loss":0,"event_name":"Bonfire Elementals","floor":3,"gold_loss":0},{"cards_removed":["Strike_R"],"damage_healed":0,"gold_gain":0,"player_choice":"Card Removal","damage_taken":7,"max_hp_gain":0,"max_hp_loss":0,"event_name":"Golden Wing","floor":5,"gold_loss":0},{"cards_removed":["Strike_R"],"damage_healed":0,"gold_gain":0,"player_choice":"Card Removal","damage_taken":0,"max_hp_gain":0,"max_hp_loss":0,"event_name":"The Cleric","floor":10,"gold_loss":50},{"damage_healed":0,"gold_gain":0,"player_choice":"Grow","damage_taken":0,"max_hp_gain":0,"max_hp_loss":0,"event_name":"Living Wall","floor":13,"gold_loss":0,"cards_upgraded":["Anger"]},{"damage_healed":0,"gold_gain":0,"player_choice":"2 cards matched","damage_taken":0,"max_hp_gain":0,"max_hp_loss":0,"event_name":"Match and Keep!","floor":25,"gold_loss":0,"cards_obtained":["Thunderclap","Shame"]},{"damage_healed":0,"gold_gain":0,"player_choice":"2 cards matched","damage_taken":0,"max_hp_gain":0,"max_hp_loss":0,"event_name":"Match and Keep!","floor":25,"gold_loss":0,"cards_obtained":["Thunderclap","Shame"]}],"is_beta":false,"boss_relics":[{"not_picked":["Snecko Eye","SlaversCollar"],"picked":"Black Blood"}],"items_purged_floors":[22],"is_endless":false,"potions_floor_spawned":[11,12,14,16,20,21],"killed_by":"3 Cultists","ascension_level":0}}