{"host":"c2tmbcdsrrrc0yvf","time":1610519202,"event":{"mods":["AchievementEnabler","BaseMod","BetterRewards","Colored Map","DeckTracker","Minty Spire (QoL Compilation)","Quick Restart","Rare Cards Sparkle","StSLib","SuperFastMode"],"gold_per_floor":[109,109,109,121,121,121,121,137,137,171,183,183,195,212,212,317,317,336,383,333,348,361,361,386,404,404,404,432,432,432,432,432,530,530,546,546,546,546,546,546,546,580,649,649,663,260,260,280,280,280],"floor_reached":51,"language":"KOR","playtime":1633,"items_purged":["Strike_P","Strike_P"],"score":1566,"play_id":"51321664-1959-4253-971f-8623a0e9a3f0","local_time":"20210113152642","is_ascension_mode":true,"campfire_choices":[{"data":"1","floor":6,"key":"LIFT"},{"data":"Defend_P","floor":12,"key":"PURGE"},{"data":"Defend_P","floor":15,"key":"PURGE"},{"data":"Strike_P+1","floor":23,"key":"PURGE"},{"data":"Defend_P+1","floor":27,"key":"PURGE"},{"data":"Defend_P+1","floor":29,"key":"PURGE"},{"data":"Strike_P+1","floor":30,"key":"PURGE"},{"data":"MentalFortress","floor":32,"key":"SMITH"},{"data":"2","floor":40,"key":"LIFT"},{"data":"3","floor":41,"key":"LIFT"},{"floor":49,"key":"REST"}],"circlet_count":41,"master_deck":["Eruption+1","Apotheosis+1","Adaptation+1","FearNoEvil+1","MentalFortress+1"],"relics":["HolyWater","Peace Pipe","CloakClasp","OrangePellets","Happy Flower","Bag of Preparation","Ancient Tea Set","Melange","Lizard Tail","FossilizedHelix","Omamori","ClockworkSouvenir","Mango","Eternal Feather","Bag of Marbles","Ice Cream","Oddly Smooth Stone","Tiny Chest","Lee\u0027s Waffle","Dead Branch","Matryoshka","Molten Egg 2","HandDrill","Prayer Wheel","Medical Kit","StoneCalendar","Calipers","CaptainsWheel","Anchor","Sling","Toy Ornithopter","Centennial Puzzle","Ornamental Fan","Girya","Pen Nib","Bottled Lightning","WingedGreaves","PreservedInsect","Regal Pillow","Unceasing Top","Kunai","Damaru","TungstenRod","Pear","Frozen Eye","Bronze Scales","Incense Burner","GoldenEye","Du-Vu Doll","Thread and Needle","Whetstone","Ginger","Singing Bowl","Question Card","Cauldron","Gambling Chip","HornCleat","Bottled Tornado","Membership Card","Pocketwatch","Lantern","Shuriken","Bird Faced Urn","Boot","Mummified Hand","Strange Spoon","Torii","Circlet","Sundial","Frozen Egg 2","Letter Opener","Darkstone Periapt","MealTicket","TheAbacus","Art of War","Akabeko","Meat on the Bone","Orichalcum","Nunchaku","Toxic Egg 2","Chemical X","Juzu Bracelet","Vajra","Blood Vial","War Paint","CeramicFish","Blue Candle","Pantograph","Mercury Hourglass","StrikeDummy","Strawberry","Potion Belt","Bottled Flame","Dream Catcher","White Beast Statue","Yang","TeardropLocket","Gremlin Horn","InkBottle","SlaversCollar","Mark of the Bloom"],"acts_visited":["Exordium","TheCity","TheBeyond"],"potions_floor_usage":[],"damage_taken":[{"damage":0,"enemies":"Cultist","floor":1,"turns":1},{"damage":0,"enemies":"Jaw Worm","floor":4,"turns":1},{"damage":0,"enemies":"Lagavulin","floor":7,"turns":1},{"damage":0,"enemies":"2 Louse","floor":8,"turns":1},{"damage":0,"enemies":"Gremlin Nob","floor":10,"turns":1},{"damage":0,"enemies":"2 Fungi Beasts","floor":11,"turns":1},{"damage":0,"enemies":"Blue Slaver","floor":13,"turns":1},{"damage":0,"enemies":"Looter","floor":14,"turns":1},{"damage":0,"enemies":"Slime Boss","floor":16,"turns":1},{"damage":0,"enemies":"2 Thieves","floor":18,"turns":1},{"damage":0,"enemies":"Shell Parasite","floor":21,"turns":1},{"damage":0,"enemies":"Centurion and Healer","floor":22,"turns":1},{"damage":0,"enemies":"Slavers","floor":24,"turns":1},{"damage":0,"enemies":"3 Cultists","floor":25,"turns":3},{"damage":0,"enemies":"Book of Stabbing","floor":28,"turns":1},{"damage":0,"enemies":"Automaton","floor":33,"turns":4},{"damage":0,"enemies":"3 Darklings","floor":35,"turns":1},{"damage":0,"enemies":"Nemesis","floor":42,"turns":1},{"damage":0,"enemies":"Orb Walker","floor":45,"turns":1},{"damage":0,"enemies":"4 Shapes","floor":48,"turns":1},{"damage":0,"enemies":"Awakened One","floor":50,"turns":2}],"seed_played":"-3764738663827376816","potions_obtained":[{"floor":0,"key":"EntropicBrew"},{"floor":0,"key":"Energy Potion"},{"floor":0,"key":"Weak Potion"},{"floor":0,"key":"SkillPotion"},{"floor":0,"key":"ColorlessPotion"}],"is_trial":false,"path_per_floor":["M","?","?","M","?","R","E","M","T","E","M","R","M","M","R","B",null,"M","T","$","M","M","R","E","M","T","R","E","R","R","?","R","B",null,"M","?","?","$","T","R","R","E","T","?","M","$","?","M","R","B",null],"character_chosen":"WATCHER","items_purchased":["CloakClasp","OrangePellets","Happy Flower","Bag of Preparation","Ancient Tea Set","Melange","FossilizedHelix","Omamori","ClockworkSouvenir","Eternal Feather","Bag of Marbles","Apotheosis","Oddly Smooth Stone","Tiny Chest","Lee\u0027s Waffle","Matryoshka","Molten Egg 2","HandDrill","Adaptation","Medical Kit","StoneCalendar","Anchor","Sling","Toy Ornithopter","Centennial Puzzle","Ornamental Fan","Pen Nib","Bottled Lightning","PreservedInsect","Regal Pillow","Kunai","Damaru","Pear","Frozen Eye","Bronze Scales","GoldenEye","Thread and Needle","Whetstone","Singing Bowl","Question Card","Cauldron","FearNoEvil+1","HornCleat","Bottled Tornado","Membership Card","Lantern","Shuriken","MentalFortress","Boot","Mummified Hand","Strange Spoon","Circlet","Sundial","Frozen Egg 2","Letter Opener","Darkstone Periapt","MealTicket","TheAbacus","Circlet","Art of War","Akabeko","Circlet","Meat on the Bone","Orichalcum","Nunchaku","Toxic Egg 2","Chemical X","Juzu Bracelet","Vajra","Blood Vial","War Paint","CeramicFish","Blue Candle","Pantograph","Mercury Hourglass","StrikeDummy","Strawberry","Potion Belt","Bottled Flame","Dream Catcher","White Beast Statue","Yang","TeardropLocket","Circlet","Gremlin Horn","Circlet","InkBottle","Circlet","Circlet","Circlet","Circlet","Circlet","Circlet"],"campfire_rested":1,"item_purchase_floors":[0,0,0,0,0,0,0,0,0,0,0,0,0,0,0,0,0,0,0,0,0,0,0,0,0,0,0,0,0,0,0,0,0,0,0,0,0,0,0,0,0,0,0,0,0,0,0,0,0,0,0,0,0,0,0,0,0,0,0,0,0,0,0,0,0,0,0,0,0,0,0,0,0,0,0,0,0,0,0,0,0,0,0,0,0,0,0,0,0,0,0,46,46],"current_hp_per_floor":[114,108,113,121,97,103,109,117,117,123,131,135,139,143,143,145,145,149,149,149,153,157,157,159,163,163,163,165,165,165,165,165,167,167,171,162,164,164,164,164,164,166,166,166,166,166,166,166,166,166],"gold":280,"neow_bonus":"","is_daily":false,"chose_seed":false,"campfire_upgraded":1,"win_rate":0.0,"timestamp":1610519202,"path_taken":["M","?","?","M","?","R","E","M","T","E","M","R","M","M","R","BOSS","M","?","$","M","M","R","E","M","T","R","E","R","R","?","R","BOSS","M","?","?","$","?","R","R","E","T","?","M","?","?","M","R","BOSS"],"items_purchased_type":["Relic","Relic","Relic","Relic","Relic","Relic","Relic","Relic","Relic","Relic","Relic","Card","Relic","Relic","Relic","Relic","Relic","Relic","Card","Relic","Relic","Relic","Relic","Relic","Relic","Relic","Relic","Relic","Relic","Relic","Relic","Relic","Relic","Relic","Relic","Relic","Relic","Relic","Relic","Relic","Relic","Card","Relic","Relic","Relic","Relic","Relic","Card","Relic","Relic","Relic","Undefined","Relic","Relic","Relic","Relic","Relic","Relic","Undefined","Relic","Relic","Undefined","Relic","Relic","Relic","Relic","Relic","Relic","Relic","Relic","Relic","Relic","Relic","Relic","Relic","Relic","Relic","Relic","Relic","Relic","Relic","Relic","Relic","Undefined","Relic","Undefined","Relic","Undefined","Undefined","Undefined","Undefined","Undefined","Undefined"],"build_version":"2020-12-22","purchased_purges":2,"victory":true,"max_hp_per_floor":[114,114,119,123,123,123,125,129,129,131,135,135,139,143,143,145,145,149,149,149,153,157,157,159,163,163,163,165,165,165,165,165,167,167,171,162,164,164,164,164,164,166,166,166,170,170,170,174,176,176],"card_choices":[{"not_picked":["Consecrate+1","Perseverance+1","Crescendo+1","Prostrate+1"],"picked":"Singing Bowl","floor":1},{"not_picked":["Consecrate+1","ForeignInfluence+1","Protect+1","Crescendo+1"],"picked":"Singing Bowl","floor":1},{"not_picked":["FlurryOfBlows+1","Study+1","FearNoEvil+1","Prostrate+1"],"picked":"Singing Bowl","floor":4},{"not_picked":["Crescendo+1","Nirvana+1","Fasting2+1","Wallop+1"],"picked":"Singing Bowl","floor":4},{"not_picked":["Brilliance+1","EmptyFist+1","Evaluate+1","Crescendo+1"],"picked":"Singing Bowl","floor":7},{"not_picked":["CutThroughFate+1","FlyingSleeves+1","EmptyBody+1","Worship+1"],"picked":"Singing Bowl","floor":8},{"not_picked":["ClearTheMind+1","CarveReality+1","Halt+1","Prostrate+1"],"picked":"Singing Bowl","floor":8},{"not_picked":["Vengeance+1","Perseverance+1","ForeignInfluence+1","Adaptation+1"],"picked":"Singing Bowl","floor":10},{"not_picked":["WindmillStrike+1","Judgement+1","CutThroughFate+1","EmptyBody+1"],"picked":"Singing Bowl","floor":11},{"not_picked":["BowlingBash+1","FollowUp+1","CrushJoints+1","FlyingSleeves+1"],"picked":"Singing Bowl","floor":11},{"not_picked":["CutThroughFate+1","Halt+1","BattleHymn+1","Fasting2+1"],"picked":"Singing Bowl","floor":13},{"not_picked":["InnerPeace+1","Judgement+1","ThirdEye+1","Meditate+1"],"picked":"Singing Bowl","floor":13},{"not_picked":["WheelKick+1","Fasting2+1","LikeWater+1","WindmillStrike+1"],"picked":"Singing Bowl","floor":14},{"not_picked":["Evaluate+1","Consecrate+1","SashWhip+1","Collect+1"],"picked":"Singing Bowl","floor":14},{"not_picked":["Establishment+1","SpiritShield+1","Alpha+1","Scrawl+1"],"picked":"Singing Bowl","floor":16},{"not_picked":["PathToVictory+1","Wallop+1","Meditate+1","Prostrate+1"],"picked":"Singing Bowl","floor":18},{"not_picked":["FlyingSleeves+1","Study+1","MentalFortress+1","TalkToTheHand+1"],"picked":"Singing Bowl","floor":18},{"not_picked":["InnerPeace+1","FollowUp+1","ThirdEye+1","BowlingBash+1"],"picked":"Singing Bowl","floor":21},{"not_picked":["Swivel+1","JustLucky+1","SignatureMove+1","FlyingSleeves+1"],"picked":"Singing Bowl","floor":21},{"not_picked":["Evaluate+1","EmptyBody+1","FlyingSleeves+1","MasterReality+1"],"picked":"Singing Bowl","floor":22},{"not_picked":["ClearTheMind+1","EmptyBody+1","Vengeance+1","ReachHeaven+1"],"picked":"Singing Bowl","floor":22},{"not_picked":["FlurryOfBlows+1","DevaForm+1","SashWhip+1","EmptyBody+1"],"picked":"Singing Bowl","floor":24},{"not_picked":["Consecrate+1","JustLucky+1","Evaluate+1","EmptyBody+1"],"picked":"Singing Bowl","floor":25},{"not_picked":["FlurryOfBlows+1","WreathOfFlame+1","SpiritShield+1","BowlingBash+1"],"picked":"Singing Bowl","floor":25},{"not_picked":["JustLucky+1","BattleHymn+1","DeusExMachina+1","Wallop+1"],"picked":"Singing Bowl","floor":28},{"not_picked":["Establishment+1","Judgement+1","Wish+1","Omniscience+1"],"picked":"Singing Bowl","floor":33},{"not_picked":["Indignation+1","WreathOfFlame+1","SashWhip+1","LikeWater+1"],"picked":"Singing Bowl","floor":35},{"not_picked":["Adaptation+1","Wireheading+1","JustLucky+1","ThirdEye+1"],"picked":"Singing Bowl","floor":35},{"not_picked":["Transmutation+1","Blind+1","Finesse+1","Metamorphosis+1"],"picked":"Singing Bowl","floor":37},{"not_picked":["SashWhip+1","ReachHeaven+1","CrushJoints+1","MentalFortress+1"],"picked":"Singing Bowl","floor":42},{"not_picked":["CrushJoints+1","Tantrum+1","MasterReality+1","Protect+1"],"picked":"Singing Bowl","floor":45},{"not_picked":["Halt+1","ClearTheMind+1","Evaluate+1","Perseverance+1"],"picked":"Singing Bowl","floor":45},{"not_picked":["Protect+1","Prostrate+1","WreathOfFlame+1","DevaForm+1"],"picked":"Singing Bowl","floor":48},{"not_picked":["ClearTheMind+1","Nirvana+1","Swivel+1","FearNoEvil+1"],"picked":"Singing Bowl","floor":48},{"not_picked":["EmptyFist+1","FearNoEvil+1","Prostrate+1","FlurryOfBlows+1"],"picked":"Singing Bowl","floor":49}],"player_experience":169305,"relics_obtained":[{"floor":7,"key":"Circlet"},{"floor":9,"key":"Circlet"},{"floor":9,"key":"Circlet"},{"floor":10,"key":"Circlet"},{"floor":19,"key":"Circlet"},{"floor":19,"key":"Circlet"},{"floor":24,"key":"Circlet"},{"floor":26,"key":"Circlet"},{"floor":28,"key":"Circlet"},{"floor":39,"key":"Circlet"},{"floor":42,"key":"Circlet"},{"floor":43,"key":"Circlet"}],"event_choices":[{"cards_removed":["Vigilance"],"damage_healed":0,"gold_gain":0,"player_choice":"Card Removal","damage_taken":7,"max_hp_gain":0,"max_hp_loss":0,"event_name":"Golden Wing","floor":2,"gold_loss":0},{"damage_healed":0,"gold_gain":0,"player_choice":"Donut","damage_taken":0,"max_hp_gain":5,"max_hp_loss":0,"event_name":"Big Fish","floor":3,"gold_loss":0},{"damage_healed":0,"gold_gain":0,"player_choice":"Entered Light","damage_taken":25,"max_hp_gain":0,"max_hp_loss":0,"event_name":"Shining Light","floor":5,"gold_loss":0,"cards_upgraded":["Strike_P","Defend_P"]},{"damage_healed":54,"gold_gain":0,"player_choice":"Heal","damage_taken":0,"max_hp_gain":0,"max_hp_loss":0,"event_name":"The Library","floor":31,"gold_loss":0},{"damage_healed":0,"gold_gain":0,"player_choice":"Max HP","damage_taken":0,"max_hp_gain":0,"max_hp_loss":9,"event_name":"Winding Halls","floor":36,"gold_loss":0},{"damage_healed":0,"gold_gain":0,"player_choice":"Memory 1","damage_taken":0,"max_hp_gain":0,"max_hp_loss":0,"event_name":"SensoryStone","floor":37,"gold_loss":0},{"damage_healed":0,"gold_gain":0,"player_choice":"Upgrade","damage_taken":0,"relics_obtained":["Mark of the Bloom"],"max_hp_gain":0,"max_hp_loss":0,"event_name":"MindBloom","floor":44,"gold_loss":0,"cards_upgraded":["Adaptation"]},{"damage_healed":0,"gold_gain":0,"player_choice":"Ignored","damage_taken":0,"max_hp_gain":0,"max_hp_loss":0,"event_name":"Mysterious Sphere","floor":47,"gold_loss":0}],"is_beta":false,"boss_relics":[{"not_picked":["Runic Dome","Fusion Hammer"],"picked":"HolyWater"},{"not_picked":["Runic Pyramid","Calling Bell"],"picked":"SlaversCollar"}],"items_purged_floors":[0,20],"is_endless":false,"potions_floor_spawned":[1,4,7,8,10,11,13,14,16,18,21,22,24,25,28,33,35,42,45,48],"ascension_level":2}}