{"host":"9jj9tzo2iym4bpat","time":1610577893,"event":{"mods":["Act Like it!","BaseMod","CapriCore","Gensokyo","Luminous","Marisa????????","Minty Spire (QoL Compilation)","Permanent Neow","StSLib","Td1madao Mod","The Animator","The Immortal","The Marked","The Servant 0.9.4"],"gold_per_floor":[218,218,0,18,18,18,18,18],"floor_reached":7,"language":"ENG","playtime":351,"items_purged":[],"score":39,"play_id":"4e6feebd-23fa-4e0e-8cc4-7170da8ead13","local_time":"20210113164453","is_ascension_mode":false,"campfire_choices":[{"floor":6,"key":"REST"}],"circlet_count":0,"master_deck":["Luminous:Light_Flash_Shower","Luminous:Light_Flash_Shower","Luminous:Light_Flash_Shower","Luminous:Dark_Abyssal_Drop","Luminous:Dark_Abyssal_Drop","Luminous:Dark_Abyssal_Drop","Luminous:Defend_Luminous","Luminous:Defend_Luminous","Luminous:Defend_Luminous","Luminous:Defend_Luminous","Luminous:Switch_Luminous","Luminous:Dark_Pressure_Void","Luminous:Dark_Raid","Luminous:Accumulation_Luminous","Luminous:Date_of_Light_Luminous","Luminous:Light_Sylvan_Lance"],"relics":["Luminous:MirrorRelic","Golden Idol"],"acts_visited":["Exordium"],"potions_floor_usage":[1],"damage_taken":[{"damage":1,"enemies":"2 Louse","floor":1,"turns":3},{"damage":14,"enemies":"Jaw Worm","floor":4,"turns":5},{"damage":65,"enemies":"3 Sentries","floor":7,"turns":12}],"seed_played":"-4756793158103935934","potions_obtained":[{"floor":1,"key":"EntropicBrew"}],"is_trial":false,"path_per_floor":["M","?","$","M","$","R","E"],"character_chosen":"LuminousClass","items_purchased":["Luminous:Dark_Raid","Luminous:Accumulation_Luminous","Luminous:Date_of_Light_Luminous"],"campfire_rested":1,"item_purchase_floors":[3,3,3],"current_hp_per_floor":[74,56,56,42,42,64,0,0],"gold":18,"neow_bonus":"HUNDRED_GOLD","is_daily":false,"chose_seed":false,"campfire_upgraded":0,"win_rate":0.0,"timestamp":1610577893,"path_taken":["M","?","$","M","$","R","E"],"items_purchased_type":["Card","Card","Card"],"build_version":"2020-12-22","purchased_purges":0,"victory":false,"max_hp_per_floor":[75,75,75,75,75,75,75,75],"card_choices":[{"not_picked":["Luminous:Light_Sylvan_Lance","Luminous:Fast_Spell_Luminous"],"picked":"Luminous:Dark_Pressure_Void","floor":1},{"not_picked":["Luminous:Dark_Pressure_Void","Luminous:Light_Reflection"],"picked":"Luminous:Light_Sylvan_Lance","floor":4}],"player_experience":233988,"relics_obtained":[],"event_choices":[{"damage_healed":0,"gold_gain":0,"player_choice":"Take Damage","damage_taken":18,"relics_obtained":["Golden Idol"],"max_hp_gain":0,"max_hp_loss":0,"event_name":"Golden Idol","floor":2,"gold_loss":0}],"is_beta":false,"boss_relics":[],"items_purged_floors":[],"is_endless":false,"potions_floor_spawned":[1,4],"killed_by":"3 Sentries","ascension_level":0}}