{"host":"95i1gxnztdrdyvhi","time":1610529497,"event":{"mods":["100% Spire Juice","AchievementEnabler","Act Like it!","BaseMod","Minty Spire (QoL Compilation)","Quick Restart","StSLib"],"gold_per_floor":[119,137,153,153,153,188,188,198,78,78,78],"floor_reached":10,"language":"ENG","playtime":398,"items_purged":[],"score":68,"play_id":"726b35e5-7654-4210-803e-0462a5b05d17","local_time":"20210113091817","is_ascension_mode":false,"campfire_choices":[{"data":"Moonworks:JonathanRush","floor":7,"key":"SMITH"}],"circlet_count":0,"master_deck":["Moonworks:Strike","Moonworks:Strike","Moonworks:Defend","Moonworks:Defend","Moonworks:Defend","Moonworks:Defend","Moonworks:Ambush","Moonworks:LongDistanceShot","Moonworks:JonathanRush+1","Moonworks:Dash","Moonworks:CookingTime","Moonworks:DeployBits","Moonworks:SweetBattle"],"relics":["Moonworks:BrokenBomb","Moonworks:Homemark","NeowsBlessing","PreservedInsect"],"acts_visited":["Exordium"],"potions_floor_usage":[],"damage_taken":[{"damage":0,"enemies":"Small Slimes","floor":1,"turns":1},{"damage":0,"enemies":"Jaw Worm","floor":2,"turns":1},{"damage":0,"enemies":"Cultist","floor":3,"turns":1},{"damage":35,"enemies":"Lagavulin","floor":6,"turns":10},{"damage":6,"enemies":"Exordium Wildlife","floor":8,"turns":5},{"damage":11,"enemies":"Gremlin Nob","floor":10,"turns":4}],"seed_played":"-3644060168746108258","potions_obtained":[{"floor":8,"key":"Explosive Potion"}],"is_trial":false,"path_per_floor":["M","M","M","?","?","E","R","M","T","E"],"character_chosen":"THE_STARBREAKER","items_purchased":[],"campfire_rested":0,"item_purchase_floors":[],"current_hp_per_floor":[60,60,60,60,60,28,28,25,25,17,17],"gold":78,"neow_bonus":"THREE_ENEMY_KILL","is_daily":false,"chose_seed":false,"campfire_upgraded":1,"win_rate":0.0,"timestamp":1610529497,"path_taken":["M","M","M","?","?","E","R","M","T","E"],"items_purchased_type":[],"build_version":"2020-12-22","purchased_purges":0,"victory":false,"max_hp_per_floor":[60,60,60,60,60,60,60,60,60,60,60],"card_choices":[{"not_picked":["Moonworks:CloudOfSeagulls","Moonworks:BigBangBell"],"picked":"Moonworks:JonathanRush","floor":1},{"not_picked":["Moonworks:CompletionReward","Moonworks:LulusLuckyEgg"],"picked":"Moonworks:Dash","floor":2},{"not_picked":["Moonworks:NicePresent","Moonworks:BigMagnum"],"picked":"Moonworks:CookingTime","floor":3},{"not_picked":["Moonworks:Bloodlust","Moonworks:RagingMadness"],"picked":"Moonworks:SweetBattle","floor":6},{"not_picked":["Moonworks:SakisCookie","Moonworks:LulusLuckyEgg","Moonworks:NicePresent"],"picked":"SKIP","floor":8}],"player_experience":643106,"relics_obtained":[{"floor":6,"key":"PreservedInsect"}],"event_choices":[{"damage_healed":0,"gold_gain":0,"cards_transformed":["Moonworks:Strike"],"player_choice":"Change","damage_taken":0,"max_hp_gain":0,"max_hp_loss":0,"event_name":"Living Wall","floor":4,"gold_loss":0,"cards_obtained":["Moonworks:DeployBits"]},{"cards_removed":["Moonworks:Strike"],"damage_healed":0,"gold_gain":0,"player_choice":"Purged","damage_taken":0,"max_hp_gain":0,"max_hp_loss":0,"event_name":"Purifier","floor":5,"gold_loss":0}],"is_beta":false,"boss_relics":[],"items_purged_floors":[],"is_endless":false,"potions_floor_spawned":[8],"killed_by":"Gremlin Nob","ascension_level":0}}