{"host":"wqsqub3crsxqknzv","time":1610558214,"event":{"mods":["BaseMod","Colored Powertips","Downfall","Minty Spire (QoL Compilation)","StSLib"],"gold_per_floor":[99,117,567,567,580,580,580,595,619,619,638,280,280,315,329,427,427,427,427,277,277,287,16,84,103,116,116,135,145,160,260,260,260],"floor_reached":32,"playtime":1585,"items_purged":["Slimebound:Icky","Slimebound:Icky"],"score":292,"play_id":"da459dfc-8bdb-496c-b79e-ed2b8e7a2db3","local_time":"20210113191654","is_ascension_mode":false,"campfire_choices":[{"data":"sneckomod:Unknown","floor":1,"key":"SMITH"},{"data":"sneckomod:SerpentIdol","floor":6,"key":"SMITH"},{"data":"sneckomod:UnknownRareSkill","floor":10,"key":"SMITH"},{"data":"sneckomod:TailWhip","floor":13,"key":"SMITH"},{"data":"sneckomod:UnknownRareAttack","floor":18,"key":"SMITH"}],"circlet_count":0,"master_deck":["sneckomod:TailWhip+1","sneckomod:SnekBite","sneckomod:Unknown+1","sneckomod:Unknown","sneckomod:SerpentIdol+1","sneckomod:UnknownRareSkill+1","sneckomod:Unknown0Cost","sneckomod:CheapStock","sneckomod:UnknownRarePower","sneckomod:UnknownRareAttack+1","Ghostly","sneckomod:Unknown0Cost","sneckomod:UnknownExhaust","sneckomod:Unknown1Cost","sneckomod:UnknownClassPURPLE","sneckomod:UnknownClassHEXA_GHOST_PURPLE","sneckomod:UnknownCommonSkill","sneckomod:IronFang","Regret","sneckomod:MasterEye+1","Writhe","sneckomod:SoulExchange","hexamod:SixthSeal"],"relics":["sneckomod:SneckoSoul","Pantograph","Odd Mushroom","Strange Spoon","Question Card","Cursed Key","OrangePellets","Sundial","Shuriken","Potion Belt"],"acts_visited":["Exordium","TheCity"],"potions_floor_usage":[9,16,29,30,32],"damage_taken":[{"damage":0,"enemies":"Small Slimes","floor":2,"turns":3},{"damage":6,"enemies":"Jaw Worm","floor":5,"turns":3},{"damage":3,"enemies":"2 Louse","floor":8,"turns":2},{"damage":25,"enemies":"The Mushroom Lair","floor":9,"turns":5},{"damage":6,"enemies":"Blue Slaver","floor":11,"turns":3},{"damage":15,"enemies":"downfall:FleeingMerchant","floor":12,"turns":4},{"damage":26,"enemies":"3 Sentries","floor":14,"turns":11},{"damage":23,"enemies":"Exordium Thugs","floor":15,"turns":6},{"damage":28,"enemies":"downfall:Ironclad","floor":16,"turns":5},{"damage":4,"enemies":"Spheric Guardian","floor":22,"turns":7},{"damage":0,"enemies":"downfall:FleeingMerchant","floor":23,"turns":4},{"damage":11,"enemies":"Shell Parasite","floor":25,"turns":6},{"damage":15,"enemies":"Cultist and Chosen","floor":26,"turns":6},{"damage":16,"enemies":"Snecko","floor":28,"turns":5},{"damage":31,"enemies":"Shelled Parasite and Fungi","floor":29,"turns":4},{"damage":22,"enemies":"Centurion and Healer","floor":30,"turns":6},{"damage":26,"enemies":"downfall:LadyInBlue","floor":31,"turns":6},{"damage":4,"enemies":"Chosen and Byrds","floor":32,"turns":1}],"seed_played":"-757841301501015021","potions_obtained":[{"floor":2,"key":"Weak Potion"},{"floor":8,"key":"SkillPotion"},{"floor":9,"key":"PowerPotion"},{"floor":11,"key":"SpeedPotion"},{"floor":25,"key":"sneckomod:DiceRollPotion"},{"floor":31,"key":"DistilledChaos"},{"floor":31,"key":"hexamod:EctoCoolerPotion"},{"floor":31,"key":"SpeedPotion"}],"is_trial":false,"path_per_floor":["R","M","?","?","M","R","T","M","?","R","M","$","R","E","M","B",null,"R","?","?","?","M","$","T","M","M","T","M","M","M","?","M"],"character_chosen":"THE_SNECKO","items_purchased":["sneckomod:Unknown0Cost","sneckomod:CheapStock","Strange Spoon","OrangePellets"],"campfire_rested":0,"item_purchase_floors":[12,12,12,23],"current_hp_per_floor":[99,99,99,99,93,93,93,90,66,66,64,65,65,40,17,15,103,103,103,103,109,109,109,109,101,90,90,74,48,30,4,0,0],"gold":260,"neow_bonus":"TEN_PERCENT_HP_BONUS","is_daily":false,"chose_seed":false,"campfire_upgraded":5,"win_rate":0.0,"timestamp":1610558214,"path_taken":["R","M","?","?","M","R","T","M","?","R","?","$","R","E","M","BOSS","R","?","?","?","M","$","T","M","M","?","M","M","M","?","M"],"items_purchased_type":["Card","Card","Relic","Relic"],"build_version":"2020-11-29","purchased_purges":2,"victory":false,"max_hp_per_floor":[99,99,99,99,99,99,99,99,100,100,100,101,101,102,102,103,103,103,103,103,109,113,113,113,113,113,113,113,113,113,113,113,113],"card_choices":[{"not_picked":["sneckomod:RainOfDice","sneckomod:SoulRoll"],"picked":"sneckomod:SerpentIdol","floor":2},{"not_picked":["sneckomod:UnknownClassPURPLE","sneckomod:QuickBite","sneckomod:SoulRoll"],"picked":"SKIP","floor":5},{"not_picked":["sneckomod:SerpentIdol","sneckomod:UnknownVulnerable","sneckomod:Unknown1Cost"],"picked":"SKIP","floor":8},{"not_picked":["sneckomod:UnknownCommonSkill","sneckomod:UnknownStrike"],"picked":"sneckomod:UnknownRareSkill","floor":9},{"not_picked":["sneckomod:QuickBite","sneckomod:SnekBeam","sneckomod:SoulCleanse"],"picked":"SKIP","floor":11},{"not_picked":["sneckomod:Nope","sneckomod:SerpentIdol","sneckomod:RainOfDice"],"picked":"SKIP","floor":12},{"not_picked":["sneckomod:Unknown2Cost","sneckomod:DiceBlock"],"picked":"sneckomod:UnknownRarePower","floor":14},{"not_picked":["sneckomod:Unknown0Cost","sneckomod:CheapStock","sneckomod:UnknownWeak","sneckomod:UnknownUncommonAttack"],"picked":"SKIP","floor":15},{"not_picked":["sneckomod:MorePower","sneckomod:UnknownRareSkill","sneckomod:UnlimitedRolls"],"picked":"sneckomod:UnknownRareAttack","floor":16},{"not_picked":["sneckomod:DiceCrush","sneckomod:Unknown1Cost+1","sneckomod:Unknown0Cost","sneckomod:UnknownStrike"],"picked":"SKIP","floor":22},{"not_picked":["sneckomod:SlitherStrike","sneckomod:UnknownStrike+1","sneckomod:SnekBeam"],"picked":"sneckomod:IronFang","floor":23},{"not_picked":["sneckomod:WideSting","sneckomod:SoulRoll","sneckomod:UnknownClassSLIMEBOUND+1"],"picked":"sneckomod:MasterEye+1","floor":25},{"not_picked":["sneckomod:DiceCrush","sneckomod:ImprovisedGuard","sneckomod:RainOfDice","sneckomod:UnknownWeak"],"picked":"SKIP","floor":26},{"not_picked":["sneckomod:UnknownCommonAttack","sneckomod:Nope","sneckomod:UnknownVulnerable","sneckomod:UnknownWeak"],"picked":"SKIP","floor":28},{"not_picked":["sneckomod:UnknownWeak+1","sneckomod:UnknownCommonSkill+1","sneckomod:Unknown0Cost"],"picked":"sneckomod:SoulExchange","floor":29},{"not_picked":["sneckomod:RainOfDice","sneckomod:QuickBite+1","sneckomod:UnknownClassPURPLE","sneckomod:UnknownCommonAttack"],"picked":"SKIP","floor":30},{"not_picked":["hexamod:SecondSeal","hexamod:ThirdSeal","hexamod:FourthSeal"],"picked":"hexamod:SixthSeal","floor":31}],"player_experience":19334,"relics_obtained":[{"floor":7,"key":"Pantograph"},{"floor":9,"key":"Odd Mushroom"},{"floor":14,"key":"Question Card"},{"floor":24,"key":"Sundial"},{"floor":27,"key":"Shuriken"},{"floor":31,"key":"Potion Belt"}],"event_choices":[{"damage_healed":0,"gold_gain":0,"player_choice":"Fought Mushrooms","damage_taken":0,"max_hp_gain":0,"max_hp_loss":0,"event_name":"Mushrooms","floor":9,"gold_loss":0}],"is_beta":false,"boss_relics":[{"not_picked":["Velvet Choker","Empty Cage"],"picked":"Cursed Key"}],"items_purged_floors":[12,23],"is_endless":false,"potions_floor_spawned":[2,8,9,11,15,25],"killed_by":"Chosen and Byrds","ascension_level":0}}