{"host":"jvd5k9mqzerszifx","time":1610552105,"event":{"mods":["AchievementEnabler","Act Like it!","BaseMod","Better Note","Better Third Choice","Colored Map","Colored Powertips","Conspire","Gensokyo","Hallownest","Hermit","Hubris","Infinite Spire","Lobotomy","Minty Spire (QoL Compilation)","MostiFishMod","Replay The Spire","Reworked Bosses","Spicy Shops","StSLib","The Administrix","The Bug Knight","The Cursed","The Factory","The Jungle","【功能Mod】聪明的最终Boss"],"gold_per_floor":[160,158,194,236,281,281,323,419,419,452,512,512,602,644,644,932,932,971,971,1049,577,631,631,664,760,895,895,991,991,991,1099,1099,1423,1423,1507,1573,1603,1684,3,3,69,69,309,309,438,438,525,567,567,567,567,567,198,306,306],"floor_reached":56,"language":"ZHS","playtime":4936,"items_purged":[],"score":1599,"play_id":"a0db4c1d-cd40-411c-be13-c6219527a73e","local_time":"20210113233505","is_ascension_mode":false,"campfire_choices":[{"data":"AdministrixMod:Strike_Administrix","floor":6.0,"key":"PURGE"},{"data":"AdministrixMod:Strike_Administrix","floor":6.0,"key":"PURGE"},{"data":"AdministrixMod:Defend_Administrix","floor":6.0,"key":"PURGE"},{"data":"AdministrixMod:Defend_Administrix","floor":6.0,"key":"PURGE"},{"data":"AdministrixMod:RedCloak","floor":6.0,"key":"SMITH"},{"data":"AdministrixMod:Strike_Administrix","floor":6.0,"key":"SMITH"},{"data":"AdministrixMod:Strike_Administrix","floor":6.0,"key":"SMITH"},{"data":"AdministrixMod:Defend_Administrix","floor":6.0,"key":"SMITH"},{"data":"AdministrixMod:Defend_Administrix","floor":6.0,"key":"SMITH"},{"data":"AdministrixMod:BlueCloak","floor":6.0,"key":"SMITH"},{"data":"Survivor","floor":6.0,"key":"SMITH"},{"data":"Bash","floor":6.0,"key":"SMITH"},{"data":"AdministrixMod:CrackingPangu","floor":6.0,"key":"SMITH"},{"data":"AdministrixMod:PlateOfAntiquity","floor":6.0,"key":"SMITH"},{"data":"AdministrixMod:TrickOfTheLight","floor":6.0,"key":"SMITH"},{"data":"AdministrixMod:CenturiesAscent","floor":6.0,"key":"SMITH"},{"floor":6.0,"key":"RECALL"},{"floor":6.0,"key":"REST"},{"data":"AdministrixMod:NoblePath","floor":15.0,"key":"SMITH"},{"data":"AdministrixMod:HiddenPower","floor":15.0,"key":"SMITH"},{"data":"AdministrixMod:RebukeDesires","floor":15.0,"key":"SMITH"},{"data":"AdministrixMod:RegentEdict","floor":15.0,"key":"SMITH"},{"data":"AdministrixMod:NoblePath","floor":15.0,"key":"SMITH"},{"data":"AdministrixMod:RisingSunPrince","floor":15.0,"key":"SMITH"},{"data":"AdministrixMod:Strike_Administrix+1","floor":15.0,"key":"PURGE"},{"data":"AdministrixMod:Defend_Administrix+1","floor":15.0,"key":"PURGE"},{"floor":15.0,"key":"REST"},{"data":"AdministrixMod:HaveItAll","floor":23,"key":"SMITH"},{"data":"ReplayTheSpireMod:Echoes of Time","floor":23,"key":"SMITH"},{"data":"AdministrixMod:GuanyinBlessing","floor":23,"key":"SMITH"},{"data":"AdministrixMod:NoblePath","floor":23,"key":"SMITH"},{"floor":23,"key":"REST"},{"data":"AdministrixMod:NoblePath","floor":27,"key":"SMITH"},{"floor":27,"key":"REST"},{"data":"AdministrixMod:HiddenPower","floor":32,"key":"SMITH"},{"data":"AdministrixMod:PlateOfAntiquity","floor":32,"key":"SMITH"},{"floor":32,"key":"REST"},{"data":"AdministrixMod:StarSwordSoul","floor":40,"key":"SMITH"},{"data":"ReplayTheSpireMod:Trickstab","floor":40,"key":"SMITH"},{"data":"Replay:Bootleg Shield Generator","floor":40,"key":"SMITH"},{"data":"ReplayTheSpireMod:Private Reserves","floor":40,"key":"SMITH"},{"data":"AdministrixMod:StarSwordSoul+1","floor":40,"key":"PURGE"},{"data":"1","floor":40,"key":"LIFT"},{"data":"2","floor":44,"key":"LIFT"},{"data":"3","floor":49,"key":"LIFT"},{"floor":52,"key":"REST"}],"circlet_count":0,"master_deck":["AdministrixMod:RedCloak+1","AdministrixMod:Defend_Administrix+1","AdministrixMod:BlueCloak+1","Survivor+1","Bash+1","AdministrixMod:CrackingPangu+1","AdministrixMod:PlateOfAntiquity+1","AdministrixMod:TrickOfTheLight+1","AdministrixMod:CenturiesAscent+1","AdministrixMod:NoblePath+1","AdministrixMod:HiddenPower+1","AdministrixMod:RebukeDesires+1","AdministrixMod:RegentEdict+1","AdministrixMod:NoblePath+1","AdministrixMod:RisingSunPrince+1","AdministrixMod:HaveItAll+1","AdministrixMod:GuanyinBlessing+1","ReplayTheSpireMod:Echoes of Time+1","AdministrixMod:GuanyinBlessing+1","AdministrixMod:NoblePath+1","AdministrixMod:HarmonicReverence+1","AdministrixMod:NoblePath+1","AdministrixMod:HiddenPower+1","AdministrixMod:PlateOfAntiquity+1","AdministrixMod:HiddenPower+1","AdministrixMod:BishamonBlessing+1","AdministrixMod:TrickOfTheLight+1","ReplayTheSpireMod:Trickstab+1","Replay:Bootleg Shield Generator+1","ReplayTheSpireMod:Private Reserves+1","AdministrixMod:LightOfYourLife+1","AdministrixMod:NoblePath+1","AdministrixMod:HiddenPower+1","AdministrixMod:FaithfulFlames"],"relics":["AdministrixMod:ConductorRitualBaton","Peace Pipe","Ginger","Turnip","Unceasing Top","Omamori","Ice Cream","The Courier","Medical Kit","WingedGreaves","HandDrill","Frozen Eye","Blue Candle","DaveBox","ShadowXiaoBlade","SynthV:TestCard","ReplayTheSpireMod:Shallot","InkBottle","Lizard Tail","Replay:Mystery Machine","conspire:RoyalGoblet","DaCapo","Red Mask","MostiFishMod:AdaptiveDefenses","Civilization","Garlic","hubris:TinFlute","Replay:Bottled Snecko","conspire:TopHat","CeramicFish","SlaversCollar","BirthdayGift-Tetrahedron","Toxic Egg 2","Blue Doll","Girya","Replay:Rubber Ducky","HollowMod:PaleOreRelic","hubris:CuriousFeather","Ying","CombinedTypeHook","Orichalcum","Pocketwatch"],"acts_visited":[],"potions_floor_usage":[28],"damage_taken":[{"damage":1.0,"enemies":"Gensokyo:2_Kodama","floor":1.0,"turns":2.0},{"damage":7.0,"enemies":"Gensokyo:Gryphon","floor":3.0,"turns":2.0},{"damage":0.0,"enemies":"Gensokyo:3_Fairies","floor":4.0,"turns":3.0},{"damage":0.0,"enemies":"Gensokyo:LivingMonolith","floor":5.0,"turns":2.0},{"damage":8.0,"enemies":"Gensokyo:CorruptedTreant","floor":7.0,"turns":2.0},{"damage":6.0,"enemies":"Gensokyo:Aya","floor":8.0,"turns":3.0},{"damage":0.0,"enemies":"Gensokyo:Python_and_Kodama","floor":10.0,"turns":2.0},{"damage":0.0,"enemies":"Gensokyo:LivingMonolith","floor":11.0,"turns":1.0},{"damage":0.0,"enemies":"Gensokyo:Cirno","floor":13.0,"turns":5.0},{"damage":0.0,"enemies":"Gensokyo:3_Kodama","floor":14.0,"turns":3.0},{"damage":32.0,"enemies":"Gensokyo:Yukari","floor":16.0,"turns":9.0},{"damage":7.0,"enemies":"3 Byrds","floor":18.0,"turns":2.0},{"damage":0.0,"enemies":"Masked Bandits","floor":20.0,"turns":2.0},{"damage":0,"enemies":"Shell Parasite","floor":22,"turns":2},{"damage":0,"enemies":"Snecko","floor":24,"turns":1},{"damage":0,"enemies":"Book of Stabbing","floor":25,"turns":2},{"damage":0,"enemies":"Gremlin Leader","floor":28,"turns":2},{"damage":0,"enemies":"HollowMod:Nosk","floor":31,"turns":2},{"damage":0,"enemies":"bossMod:newChamp","floor":33,"turns":4},{"damage":0,"enemies":"3 Darklings","floor":35,"turns":3},{"damage":0,"enemies":"Orb Walker","floor":36,"turns":1},{"damage":0,"enemies":"Writhing Mass","floor":37,"turns":3},{"damage":0,"enemies":"Spire Growth","floor":41,"turns":1},{"damage":0,"enemies":"Reptomancer","floor":45,"turns":1},{"damage":0,"enemies":"Jaw Worm Horde","floor":47,"turns":1},{"damage":0,"enemies":"Sphere and 2 Shapes","floor":48,"turns":1},{"damage":8,"enemies":"infinitespire:MassOfShapes","floor":50,"turns":2},{"damage":0,"enemies":"Shield and Spear","floor":54,"turns":2},{"damage":2,"enemies":"The Heart","floor":55,"turns":1}],"seed_played":"3626997446517496099","potions_obtained":[{"floor":1.0,"key":"DistilledChaos"},{"floor":13.0,"key":"Weak Potion"},{"floor":14.0,"key":"LiquidBronze"},{"floor":16.0,"key":"Fire Potion"},{"floor":18.0,"key":"BlessingOfTheForge"},{"floor":36,"key":"Doom Potion"},{"floor":54,"key":"SpeedPotion"}],"is_trial":false,"path_per_floor":["M","?","M","M","M","R","M","E","T","M","M","?","E","M","R","B",null,"M","AVR","?","$","M","R","M","E","T","R","E","?","?","E","R","B",null,"M","M","M","?","$","R","M","?","T","R","E","AVR","M","M","R","B",null,"R","$","E","B",null],"character_chosen":"TheAdministrix","items_purchased":["MostiFishMod:AdaptiveDefenses","Civilization","Garlic","hubris:TinFlute","BirthdayGift-Tetrahedron","Toxic Egg 2","Blue Doll","Girya","Replay:Rubber Ducky","HollowMod:PaleOreRelic","CombinedTypeHook","Orichalcum"],"campfire_rested":6,"item_purchase_floors":[21,21,21,21,39,39,39,39,39,39,53,53],"current_hp_per_floor":[76,77,70,70,70,77,69,63,63,63,63,63,63,63,77,45,77,70,70,70,70,71,78,80,83,83,83,88,91,91,97,97,104,104,117,131,146,136,136,136,152,152,152,152,171,171,193,218,218,242,260,260,260,294,327],"gold":306,"neow_bonus":"TWENTY_PERCENT_HP_BONUS","is_daily":false,"chose_seed":false,"campfire_upgraded":29,"win_rate":0.0,"timestamp":1610552105,"path_taken":["M","?","M","M","M","R","M","E","T","M","M","?","E","?","R","BOSS","M","AVR","?","$","M","R","M","E","T","R","E","?","?","E","R","BOSS","M","M","M","?","$","R","M","?","T","R","E","AVR","M","M","R","BOSS","R","$","E","BOSS"],"items_purchased_type":["Relic","Relic","Relic","Relic","Relic","Relic","Relic","Relic","Relic","Relic","Relic","Relic"],"build_version":"2020-12-22","purchased_purges":0,"victory":true,"max_hp_per_floor":[77,77,77,77,77,77,77,77,77,77,77,77,77,77,77,77,77,77,77,77,77,78,78,80,83,83,83,88,91,91,97,97,104,104,117,131,146,146,146,146,162,162,162,162,181,181,203,228,228,260,260,260,260,294,329],"card_choices":[{"not_picked":["AdministrixMod:FuneraryRites","AdministrixMod:FeastOfDew"],"picked":"AdministrixMod:CrackingPangu","floor":1.0},{"not_picked":["AdministrixMod:MixOfMercury","AdministrixMod:DreamsMausoleum","AdministrixMod:WickedPunishment","AdministrixMod:RisingSunPrince"],"picked":"AdministrixMod:PlateOfAntiquity","floor":3.0},{"not_picked":["AdministrixMod:CenturiesAscent","AdministrixMod:ShadowPlay","AdministrixMod:FuneraryRites","AdministrixMod:QuietConspiracy"],"picked":"AdministrixMod:TrickOfTheLight","floor":4.0},{"not_picked":["AdministrixMod:TouchOfCinnabar","AdministrixMod:SipOfSparks","AdministrixMod:ImmortalGrace","AdministrixMod:BishamonBlessing"],"picked":"AdministrixMod:CenturiesAscent","floor":5.0},{"not_picked":["AdministrixMod:MixOfMercury","AdministrixMod:SeventeenArticleLaser","AdministrixMod:StarSwordSoul","AdministrixMod:Katabasis"],"picked":"AdministrixMod:NoblePath","floor":7.0},{"not_picked":["AdministrixMod:BegetEternity","AdministrixMod:ShadowPlay","AdministrixMod:RegentEdict","AdministrixMod:SeventeenArticleLaser"],"picked":"AdministrixMod:HiddenPower","floor":8.0},{"not_picked":["AdministrixMod:FeastOfDew","AdministrixMod:CastOffRegrets","AdministrixMod:ChooseYourEnd","AdministrixMod:TouchOfCinnabar"],"picked":"AdministrixMod:RebukeDesires","floor":10.0},{"not_picked":["AdministrixMod:FuneraryRites","AdministrixMod:ExtolVirtue","AdministrixMod:SealAway","AdministrixMod:Transition"],"picked":"AdministrixMod:RegentEdict","floor":11.0},{"not_picked":["AdministrixMod:DiversionaryTactic","AdministrixMod:ImmortalGrace","AdministrixMod:BattleforgedBonds","AdministrixMod:SeventeenArticleLaser"],"picked":"AdministrixMod:NoblePath","floor":13.0},{"not_picked":["AdministrixMod:DiversionaryTactic","AdministrixMod:Katabasis","AdministrixMod:ImmortalPurity","AdministrixMod:DreamsMausoleum"],"picked":"AdministrixMod:RisingSunPrince","floor":14.0},{"not_picked":["AdministrixMod:LuminaryPath","AdministrixMod:LifeforceNet","AdministrixMod:Schism","AdministrixMod:AmassedMasks"],"picked":"AdministrixMod:HaveItAll","floor":16.0},{"not_picked":["AdministrixMod:TrickOfTheLight+1","AdministrixMod:PlateOfAntiquity","AdministrixMod:CenturiesAscent","AdministrixMod:QuietConspiracy"],"picked":"AdministrixMod:GuanyinBlessing+1","floor":18.0},{"not_picked":["AdministrixMod:ImmortalPurity","AdministrixMod:NewWardrobe+1","AdministrixMod:RebukeDesires+1","AdministrixMod:PlateOfAntiquity"],"picked":"AdministrixMod:GuanyinBlessing","floor":20.0},{"not_picked":["AdministrixMod:SipOfSparks+1","AdministrixMod:CenturiesAscent","AdministrixMod:DreamsMausoleum","AdministrixMod:PassageOfAges"],"picked":"AdministrixMod:NoblePath","floor":22},{"not_picked":["AdministrixMod:ImmortalPurity","AdministrixMod:SealAway+1","AdministrixMod:ExtolVirtue+1","AdministrixMod:DreamsMausoleum"],"picked":"AdministrixMod:HarmonicReverence+1","floor":24},{"not_picked":["AdministrixMod:ShadowPlay+1","AdministrixMod:ImmortalGrace+1","AdministrixMod:ChooseYourEnd","AdministrixMod:BrewingCloister"],"picked":"AdministrixMod:NoblePath","floor":25},{"not_picked":["AdministrixMod:GuanyinBlessing","AdministrixMod:RebukeDesires+1","AdministrixMod:CrackingPangu+1","AdministrixMod:TouchOfCinnabar+1"],"picked":"AdministrixMod:HiddenPower","floor":28},{"not_picked":["AdministrixMod:PlateOfAntiquity","AdministrixMod:ArmillarySphere","AdministrixMod:QuietConspiracy+1","AdministrixMod:BloodlessSapphire"],"picked":"AdministrixMod:HiddenPower+1","floor":31},{"not_picked":["AdministrixMod:Schism","AdministrixMod:FaithfulFlames","AdministrixMod:FearOfDeath","AdministrixMod:DeathByGlamour"],"picked":"AdministrixMod:StarSwordSoul","floor":33},{"not_picked":["AdministrixMod:RisingSunPrince","AdministrixMod:ImmortalGrace","AdministrixMod:SipOfSparks+1","AdministrixMod:PlateOfAntiquity"],"picked":"AdministrixMod:BishamonBlessing+1","floor":35},{"not_picked":["AdministrixMod:RegentEdict+1","AdministrixMod:ChooseYourEnd","AdministrixMod:ShadowPlay+1","AdministrixMod:LightOfYourLife"],"picked":"AdministrixMod:TrickOfTheLight+1","floor":36},{"not_picked":["AdministrixMod:Overdrive+1","AdministrixMod:LightOfYourLife","AdministrixMod:JustRewards","AdministrixMod:Metempsychosis","AdministrixMod:ImmortalPurity+1"],"picked":"SKIP","floor":37},{"not_picked":["Replay:BasicMightCard","Enlightenment","Flash of Steel","ReplayTheSpireMod:Uncanny Aura"],"picked":"ReplayTheSpireMod:Trickstab","floor":38},{"not_picked":["Impatience","Trip","Deep Breath","Finesse"],"picked":"Replay:Bootleg Shield Generator","floor":38},{"not_picked":["Sadistic Nature","PanicButton","ReplayTheSpireMod:Trickstab","MostiFishMod:Mottled"],"picked":"ReplayTheSpireMod:Private Reserves","floor":38},{"not_picked":["AdministrixMod:Katabasis+1","AdministrixMod:XianArts","AdministrixMod:RisingSunPrince","AdministrixMod:CrackingPangu"],"picked":"AdministrixMod:LightOfYourLife+1","floor":41},{"not_picked":["AdministrixMod:BloodlessSapphire+1","AdministrixMod:Wuji+1","AdministrixMod:SealAway+1","AdministrixMod:Katabasis+1"],"picked":"AdministrixMod:NoblePath+1","floor":45},{"not_picked":["AdministrixMod:RisingSunPrince","AdministrixMod:QuietConspiracy+1","AdministrixMod:ImmortalPurity+1","AdministrixMod:ChooseYourEnd"],"picked":"AdministrixMod:HiddenPower+1","floor":47},{"not_picked":["AdministrixMod:ImmortalPurity+1","AdministrixMod:ChooseYourEnd","AdministrixMod:ImmortalGrace+1","AdministrixMod:DreamsMausoleum+1","AdministrixMod:SeventeenArticleLaser"],"picked":"SKIP","floor":48},{"not_picked":["AdministrixMod:ShadowPlay","AdministrixMod:Transition+1","AdministrixMod:SealAway+1","AdministrixMod:TrickOfTheLight"],"picked":"AdministrixMod:FaithfulFlames","floor":54}],"player_experience":232583,"relics_obtained":[{"floor":1.0,"key":"SynthV:TestCard"},{"floor":8.0,"key":"ReplayTheSpireMod:Shallot"},{"floor":9.0,"key":"InkBottle"},{"floor":13.0,"key":"Replay:Mystery Machine"},{"floor":20.0,"key":"Red Mask"},{"floor":25,"key":"Replay:Bottled Snecko"},{"floor":26,"key":"conspire:TopHat"},{"floor":31,"key":"CeramicFish"},{"floor":45,"key":"hubris:CuriousFeather"},{"floor":54,"key":"Pocketwatch"}],"event_choices":[{"damage_healed":0.0,"max_hp_gain":0.0,"max_hp_loss":0.0,"gold_gain":0.0,"event_name":"Masked Bandits","player_choice":"Fought Bandits","floor":20.0,"gold_loss":0.0,"damage_taken":0.0},{"damage_healed":0,"gold_gain":0,"player_choice":"Read","damage_taken":0,"max_hp_gain":0,"max_hp_loss":0,"event_name":"The Library","floor":30,"gold_loss":0,"cards_obtained":["AdministrixMod:PlateOfAntiquity"]},{"damage_healed":0,"gold_gain":0,"player_choice":"Memory 3","damage_taken":10,"max_hp_gain":0,"max_hp_loss":0,"event_name":"SensoryStone","floor":38,"gold_loss":0},{"cards_removed":["AdministrixMod:Strike_Administrix"],"damage_healed":0,"gold_gain":0,"player_choice":"Removed Attack","damage_taken":0,"max_hp_gain":0,"max_hp_loss":0,"event_name":"Falling","floor":42,"gold_loss":0}],"is_beta":false,"boss_relics":[{"not_picked":["ReplayTheSpireMod:SealedPack","GuanYuAspect"],"picked":"conspire:RoyalGoblet"},{"not_picked":["Cursed Key","Abe\u0027s Treasure"],"picked":"SlaversCollar"}],"items_purged_floors":[],"is_endless":false,"potions_floor_spawned":[1,13,14,16,18,22,36,37,45,54],"ascension_level":0}}