{"host":"4udtejx3ummmwg8f","time":1610536364,"event":{"mods":["BaseMod","Minty Spire (QoL Compilation)"],"gold_per_floor":[418,429,144,319,244,271,304,304,304,304,304,338,338,350,350,449,449,459,479,328,343,442,468,500,523,549,579,591,603,615,655,667,776,788,812,824,422,435,449,449,483,514,514,614,388,404,404,62,62,62],"floor_reached":51,"language":"ENG","playtime":5197,"items_purged":["Doubt","Decay"],"score":952,"play_id":"03cd69e3-38b4-4348-b733-f3b35c73bbe6","local_time":"20210113214244","daily_mods":["Shiny","Heirloom","Time Dilation","Flight"],"is_ascension_mode":false,"campfire_choices":[{"data":"Feed","floor":11,"key":"SMITH"},{"data":"Berserk","floor":13,"key":"SMITH"},{"data":"Barricade","floor":15,"key":"SMITH"},{"data":"Demon Form","floor":28,"key":"SMITH"},{"data":"Demon Form","floor":29,"key":"SMITH"},{"floor":32,"key":"REST"},{"floor":40,"key":"REST"},{"floor":49,"key":"REST"}],"circlet_count":0,"master_deck":["Double Tap","Demon Form+1","Bludgeon","Feed+1","Limit Break","Corruption","Barricade+1","Fiend Fire","Berserk+1","Impervious","Juggernaut","Reaper","Exhume+1","Offering","Immolate+1","Entrench+1","Impervious","Demon Form+1","Heavy Blade+1","Infernal Blade+1","Reckless Charge+1","Juggernaut","Pummel","Armaments+1"],"relics":["Burning Blood","Old Coin","Ginger","Bottled Tornado","Dead Branch","Gremlin Horn","Centennial Puzzle","Busted Crown","Strange Spoon","Vajra","Toxic Egg 2","War Paint","MawBank","Calipers","Red Skull","SacredBark","Torii","Whetstone","Anchor","Incense Burner","Pen Nib","Oddly Smooth Stone","Chemical X"],"acts_visited":["Exordium","TheCity","TheBeyond"],"potions_floor_usage":[16,24,31,39,39,42,42,50,50],"damage_taken":[{"damage":6,"enemies":"2 Louse","floor":1,"turns":2},{"damage":10,"enemies":"Small Slimes","floor":2,"turns":4},{"damage":22,"enemies":"Gremlin Nob","floor":6,"turns":4},{"damage":10,"enemies":"Lagavulin","floor":7,"turns":5},{"damage":50,"enemies":"3 Sentries","floor":12,"turns":5},{"damage":0,"enemies":"Cultist","floor":14,"turns":6},{"damage":6,"enemies":"The Guardian","floor":16,"turns":7},{"damage":16,"enemies":"3 Byrds","floor":18,"turns":6},{"damage":0,"enemies":"Chosen","floor":19,"turns":5},{"damage":6,"enemies":"Shelled Parasite and Fungi","floor":21,"turns":7},{"damage":6,"enemies":"Gremlin Leader","floor":23,"turns":5},{"damage":49,"enemies":"Book of Stabbing","floor":24,"turns":5},{"damage":12,"enemies":"Cultist and Chosen","floor":27,"turns":5},{"damage":42,"enemies":"Slavers","floor":31,"turns":4},{"damage":10,"enemies":"Collector","floor":33,"turns":5},{"damage":27,"enemies":"3 Darklings","floor":35,"turns":3},{"damage":21,"enemies":"Orb Walker","floor":38,"turns":3},{"damage":63,"enemies":"Transient","floor":39,"turns":5},{"damage":6,"enemies":"Giant Head","floor":41,"turns":6},{"damage":23,"enemies":"Nemesis","floor":42,"turns":7},{"damage":27,"enemies":"4 Shapes","floor":46,"turns":4},{"damage":10,"enemies":"Donu and Deca","floor":50,"turns":6}],"seed_played":"-379430557694094243","potions_obtained":[{"floor":7,"key":"Block Potion"},{"floor":12,"key":"SpeedPotion"},{"floor":23,"key":"GamblersBrew"},{"floor":24,"key":"Weak Potion"},{"floor":27,"key":"EntropicBrew"},{"floor":35,"key":"PowerPotion"},{"floor":42,"key":"Swift Potion"},{"floor":47,"key":"LiquidMemories"},{"floor":47,"key":"HeartOfIron"}],"is_trial":true,"path_per_floor":["M","M","$","?","$","E","E","?","T","?","R","E","R","M","R","B",null,"M","M","$","M","?","E","E","T","T","M","R","R","?","E","R","B",null,"M","?","$","M","M","R","E","E","T","?","$","M","?","$","R","B",null],"character_chosen":"IRONCLAD","items_purchased":["Ginger","Strange Spoon","Torii","Pen Nib","Pummel","Oddly Smooth Stone","Chemical X","Armaments+1"],"campfire_rested":3,"item_purchase_floors":[3,20,37,45,45,48,48,48],"current_hp_per_floor":[80,83,83,83,83,67,63,56,56,56,56,83,83,83,83,83,83,78,91,91,91,91,91,64,64,64,76,76,76,76,71,101,97,103,94,94,94,85,28,58,58,42,42,42,42,55,55,55,87,104],"gold":62,"neow_bonus":"","is_daily":false,"chose_seed":false,"campfire_upgraded":5,"win_rate":0.0,"timestamp":1610536364,"path_taken":["M","M","$","?","$","E","E","?","T","?","R","E","R","M","R","BOSS","M","?","$","?","?","E","E","?","T","?","R","R","?","E","R","BOSS","M","?","?","?","M","R","E","E","T","?","$","?","?","$","R","BOSS"],"items_purchased_type":["Relic","Relic","Relic","Relic","Card","Relic","Relic","Card"],"build_version":"2020-12-22","purchased_purges":2,"victory":true,"max_hp_per_floor":[80,83,83,83,83,83,83,83,83,83,83,83,83,83,83,83,83,87,91,91,91,91,91,95,95,95,99,99,99,99,103,103,103,103,103,103,103,103,103,103,103,103,103,103,103,107,107,107,107,107],"card_choices":[{"not_picked":["Havoc","Twin Strike"],"picked":"Cleave","floor":1},{"not_picked":["Pommel Strike","Second Wind"],"picked":"Entrench","floor":2},{"not_picked":["Warcry","Shrug It Off","Combust"],"picked":"SKIP","floor":6},{"not_picked":["Shrug It Off","Thunderclap","Armaments"],"picked":"SKIP","floor":7},{"not_picked":["Headbutt","Pummel"],"picked":"Impervious","floor":12},{"not_picked":["Havoc","Perfected Strike","Clash"],"picked":"SKIP","floor":14},{"not_picked":["Limit Break","Offering"],"picked":"Demon Form","floor":16},{"not_picked":["Armaments"],"picked":"SKIP","floor":18},{"not_picked":["Ghostly Armor"],"picked":"SKIP","floor":19},{"not_picked":["Cleave"],"picked":"SKIP","floor":21},{"not_picked":["True Grit"],"picked":"SKIP","floor":23},{"not_picked":["Body Slam"],"picked":"SKIP","floor":24},{"not_picked":[],"picked":"Heavy Blade","floor":27},{"not_picked":[],"picked":"Infernal Blade+1","floor":31},{"not_picked":["Clothesline"],"picked":"SKIP","floor":35},{"not_picked":["Shrug It Off+1"],"picked":"SKIP","floor":38},{"not_picked":[],"picked":"Reckless Charge+1","floor":39},{"not_picked":["Anger+1"],"picked":"SKIP","floor":41},{"not_picked":[],"picked":"Juggernaut","floor":42},{"not_picked":["Shrug It Off+1"],"picked":"SKIP","floor":46}],"player_experience":65319,"relics_obtained":[{"floor":6,"key":"Bottled Tornado"},{"floor":7,"key":"Dead Branch"},{"floor":9,"key":"Gremlin Horn"},{"floor":12,"key":"Centennial Puzzle"},{"floor":23,"key":"Vajra"},{"floor":24,"key":"Toxic Egg 2"},{"floor":25,"key":"War Paint"},{"floor":26,"key":"MawBank"},{"floor":31,"key":"Red Skull"},{"floor":41,"key":"Whetstone"},{"floor":42,"key":"Anchor"},{"floor":43,"key":"Incense Burner"}],"event_choices":[{"damage_healed":0,"gold_gain":175,"player_choice":"AGREE","damage_taken":0,"max_hp_gain":0,"max_hp_loss":0,"event_name":"Liars Game","floor":4,"gold_loss":0,"cards_obtained":["Doubt"]},{"cards_removed":["Brutality"],"damage_healed":0,"gold_gain":0,"player_choice":"Card Removal","damage_taken":7,"max_hp_gain":0,"max_hp_loss":0,"event_name":"Golden Wing","floor":8,"gold_loss":0},{"cards_removed":["Cleave"],"damage_healed":0,"gold_gain":0,"player_choice":"Purged","damage_taken":0,"max_hp_gain":0,"max_hp_loss":0,"event_name":"Purifier","floor":10,"gold_loss":0},{"damage_healed":0,"gold_gain":99,"player_choice":"Stole From Cult","damage_taken":0,"max_hp_gain":0,"max_hp_loss":0,"event_name":"Nest","floor":22,"gold_loss":0},{"damage_healed":0,"gold_gain":0,"player_choice":"Opened","damage_taken":0,"relics_obtained":["Calipers"],"max_hp_gain":0,"max_hp_loss":0,"event_name":"The Mausoleum","floor":30,"gold_loss":0},{"damage_healed":0,"gold_gain":0,"player_choice":"Cursed","damage_taken":0,"max_hp_gain":0,"max_hp_loss":0,"event_name":"Wheel of Change","floor":36,"gold_loss":0,"cards_obtained":["Decay"]},{"damage_healed":0,"gold_gain":100,"player_choice":"Pray","damage_taken":0,"max_hp_gain":0,"max_hp_loss":0,"event_name":"Golden Shrine","floor":44,"gold_loss":0},{"damage_healed":0,"gold_gain":0,"player_choice":"Got Potions","damage_taken":0,"max_hp_gain":0,"max_hp_loss":0,"event_name":"Lab","floor":47,"gold_loss":0}],"is_beta":false,"boss_relics":[{"not_picked":["Sozu","Mark of Pain"],"picked":"Busted Crown"},{"not_picked":["Velvet Choker","Tiny House"],"picked":"SacredBark"}],"items_purged_floors":[5,37],"is_endless":false,"potions_floor_spawned":[7,12,23,24,27,35,38,42],"ascension_level":0}}