{"host":"43pogpu2c981a0zh","time":1610504362,"event":{"mods":["100% Spire Juice","ATMod(∞¢Ë™Mod)","AchievementEnabler","Act Like it!","Astrologer","BaseMod","Better Altar","Better Match","Better Sensory Stone","CapriCore","Colored Powertips","Custom Start","Downfall","Friendly Minions","Gensokyo","Highlight Path","HololiveMod","Hubris","KinomotoSakuraMod(ƒæ÷Æ±æ”£)","Kiyohime£®«Âºß£©","Koishi","KomeijiMod","Minty Spire (QoL Compilation)","MostiFishMod","Pale of the Ancients","Permanent Neow","Prisma Mod","Quarter Circle Forward PUNCH!","Quick Restart","Reimu£®≤©¿ˆ¡È√Œ£©","Replay The Spire","Spicy Shops","StSLib","TestMod","The Administrix","The Animator","The Immortal","Waifu the Spire","WarShipGirlsR/’ΩΩ¢…Ÿ≈ÆR mod","Yakumo Yukari mod","°æ“≈ŒÔø®≈∆°øREMEMod"],"gold_per_floor":[99,116,116,128,151,160,160,186,214,239,182,249,249,34,62,226,226,226,290,358,30,282,291,291,329,329,381,381,381,435,194,259,399,399,399,433,455,555,614,632,686,732,775,416,452,377,474,507,523,537],"floor_reached":51,"language":"ZHS","playtime":2759,"items_purged":["hexamod:Strike","hexamod:Sear","Decay"],"score":927,"play_id":"d7debd74-f60c-4324-a193-c5a27895b198","local_time":"20210113101922","is_ascension_mode":false,"campfire_choices":[{"data":"hexamod:Defend","floor":1,"key":"PURGE"},{"data":"REME_CopyPotion","floor":13,"key":"SMITH"},{"data":"AT_FamilyPortrait","floor":18,"key":"SMITH"},{"data":"hexamod:GhostflameInferno","floor":29,"key":"SMITH"},{"floor":35,"key":"RECALL"},{"data":"expansioncontent:DefensiveStance","floor":46,"key":"SMITH"}],"circlet_count":0,"master_deck":["hexamod:Strike+1","hexamod:Defend+1","hexamod:Defend+1","hexamod:Defend+1","hexamod:Float+1","AT_FamilyPortrait+1","REME_CopyPotion+1","hexamod:SuperheatedStrike+1","hexamod:EmpoweredFlame+1","hexamod:InspiringFlames+1","hexamod:CrushingStance+1","hexamod:SpectralSpark+1","hexamod:RecurringNightmare+1","hexamod:HeatMetal+1","hexamod:GhostOfSpireFuture+1","hexamod:PowerFromBeyond+1","hexamod:ThirdSeal","hexamod:GhostflameInferno+1","hexamod:VolcanoVisage+1","hexamod:WildfireWeapon+1","hexamod:SpectralSpark+1","hexamod:CrushingStance+1","hexamod:GiftsFromTheDead+1","hexamod:EmpoweredFlame+1","hexamod:Hexaguard","hexamod:InspiringFlames+1","hexamod:SixthSeal","hexamod:GiftsFromTheDead+1","hexamod:SpectralSpark","hexamod:GhostOfSpirePresent+1","hexamod:EmpoweredFlame+1","hexamod:NightmareGuise","hexamod:HexaLevel+1","hexamod:HexaLevel+1","hexamod:ThermalTransfer+1","Dark Shackles","expansioncontent:DefensiveStance+1","hexamod:HeatShield+1","hexamod:DynamicBlow+1","hexamod:EtherealExpedition+1","hexamod:GhostOfSpirePresent+1","hexamod:Hexaguard+1"],"relics":["hexamod:SpiritBrand","AT_ATBox","DaveBox","testmod-TestBox","REME_ComplimentaryCards","RhineCircuit","testmod-ArcanaOfDestiny","hubris:Towel","CeramicFish","Matryoshka","SynthV","testmod-DeterminationOfClimber","AT_TimeSand","hexamod:JarOfFuel","Golden Egg","qcfpunch:Chain_With_Nametags","Smiling Mask","Eternal Feather","AT_DeathDance","Chemical X","testmod-ConstraintPeriapt","hexamod:TheBrokenSeal","Philosopher\u0027s Stone","Toxic Egg 2","Oddly Smooth Stone","Meat on the Bone","Torii","hubris:FunFungus","downfall:HeartBlessingRed","Replay:Arrowhead"],"acts_visited":["Gensokyo:Gensokyo","Gensokyo:Gensokyoer","TheBeyond"],"potions_floor_usage":[19,33],"damage_taken":[{"damage":0,"enemies":"Gensokyo:Python","floor":2,"turns":3},{"damage":7,"enemies":"Gensokyo:Gryphon","floor":4,"turns":3},{"damage":0,"enemies":"Gensokyo:3_Fairies","floor":8,"turns":4},{"damage":0,"enemies":"Gensokyo:LivingMonolith","floor":9,"turns":2},{"damage":0,"enemies":"Gensokyo:CorruptedTreant","floor":10,"turns":2},{"damage":5,"enemies":"Gensokyo:3_Kodama","floor":12,"turns":6},{"damage":9,"enemies":"Gensokyo:Kitsune","floor":15,"turns":3},{"damage":12,"enemies":"downfall:Watcher","floor":16,"turns":7},{"damage":15,"enemies":"Gensokyo:AngelMirror","floor":19,"turns":1},{"damage":0,"enemies":"Gensokyo:CosmicMonolith","floor":20,"turns":3},{"damage":0,"enemies":"Gensokyo:Slime_Group","floor":22,"turns":3},{"damage":0,"enemies":"Gensokyo:3_Gloops","floor":25,"turns":2},{"damage":20,"enemies":"Gensokyo:Wraith","floor":27,"turns":4},{"damage":4,"enemies":"Gensokyo:Slime_Group","floor":30,"turns":5},{"damage":0,"enemies":"downfall:FleeingMerchant","floor":31,"turns":4},{"damage":16,"enemies":"Gensokyo:3_Gloops","floor":32,"turns":5},{"damage":6,"enemies":"downfall:Silent","floor":33,"turns":5},{"damage":0,"enemies":"3 Darklings","floor":36,"turns":2},{"damage":0,"enemies":"3 Shapes","floor":37,"turns":3},{"damage":0,"enemies":"Transient","floor":39,"turns":5},{"damage":1,"enemies":"Writhing Mass","floor":42,"turns":3},{"damage":0,"enemies":"R_Hoarder","floor":43,"turns":2},{"damage":0,"enemies":"4 Shapes","floor":45,"turns":1},{"damage":1,"enemies":"Mind Bloom Boss Battle","floor":47,"turns":3},{"damage":0,"enemies":"Jaw Worm Horde","floor":48,"turns":2},{"damage":0,"enemies":"Sphere and 2 Shapes","floor":49,"turns":2},{"damage":0,"enemies":"downfall:Ironclad","floor":50,"turns":3}],"seed_played":"-8761932779225260817","potions_obtained":[{"floor":8,"key":"FearPotion"},{"floor":10,"key":"REME_GoldPotion"},{"floor":16,"key":"Weak Potion"},{"floor":22,"key":"SmokeBomb"},{"floor":25,"key":"Dexterity Potion"},{"floor":27,"key":"Venom Potion"},{"floor":31,"key":"Strength Potion"},{"floor":32,"key":"LifebloodPotion"},{"floor":32,"key":"Fire Potion"},{"floor":42,"key":"Strength Potion"}],"is_trial":false,"path_per_floor":["R","M","?","M","T","?","T","M","M","M","?","M","R","COS","M","B",null,"R","M","M","COS","M","?","T","M","?","M","?","R","M","$","M","B",null,"R","M","M","?","M","?","T","M","E","$","M","R","?","M","M","B",null],"character_chosen":"THE_SPIRIT","items_purchased":["Eternal Feather","AT_DeathDance","hexamod:EmpoweredFlame","Chemical X","Torii","hubris:FunFungus"],"campfire_rested":0,"item_purchase_floors":[31,31,31,31,44,44],"current_hp_per_floor":[70,70,70,63,63,63,63,63,63,63,63,58,58,58,49,37,70,70,62,69,69,70,70,70,70,70,54,54,54,59,70,54,80,80,80,80,80,80,80,80,80,80,80,80,80,80,80,80,80,80],"gold":537,"neow_bonus":"REMOVE_CARD","is_daily":false,"chose_seed":false,"campfire_upgraded":4,"win_rate":0.0,"timestamp":1610504362,"path_taken":["R","M","?","M","?","?","T","M","M","M","?","M","R","COS","M","BOSS","R","M","M","COS","M","?","T","M","?","?","?","R","M","$","M","BOSS","R","M","M","?","?","?","T","M","E","$","M","R","?","M","M","BOSS"],"items_purchased_type":["Relic","Relic","Card","Relic","Relic","Relic"],"build_version":"2020-12-22","purchased_purges":3,"victory":true,"max_hp_per_floor":[70,70,70,70,70,70,70,70,70,70,70,70,70,70,70,70,70,70,70,70,70,70,70,70,70,70,70,70,70,70,70,70,80,80,80,80,80,80,80,80,80,80,80,80,80,80,80,80,80,80],"card_choices":[{"not_picked":["hexamod:NecessarySacrifice","hexamod:BurningTouch"],"picked":"hexamod:SuperheatedStrike","floor":2},{"not_picked":["hexamod:NightmareStrike","hexamod:EtherealExpedition"],"picked":"hexamod:EmpoweredFlame","floor":4},{"not_picked":["hexamod:StepThrough","hexamod:GhostflameBarrier"],"picked":"hexamod:CrushingStance","floor":8},{"not_picked":["hexamod:Again","hexamod:SpectersWail"],"picked":"hexamod:SpectralSpark","floor":9},{"not_picked":["hexamod:ThermalTransfer","hexamod:FastForward"],"picked":"hexamod:ThirdSeal","floor":10},{"not_picked":["hexamod:SpectralSpark","hexamod:HeatCrush"],"picked":"hexamod:RecurringNightmare","floor":11},{"not_picked":["hexamod:GiftsFromTheDead","hexamod:Toasty"],"picked":"hexamod:FifthSeal","floor":11},{"not_picked":["hexamod:FirstSeal","hexamod:ThirdSeal"],"picked":"hexamod:SixthSeal","floor":12},{"not_picked":["hexamod:AdvancingGuard","hexamod:RainOfEmbers"],"picked":"hexamod:HeatMetal","floor":12},{"not_picked":["hexamod:CatchUp","hexamod:Firestarter"],"picked":"hexamod:GhostOfSpireFuture","floor":12},{"not_picked":["hexamod:AdvancingGuard+1","hexamod:FastForward+1"],"picked":"hexamod:PowerFromBeyond+1","floor":15},{"not_picked":["hexamod:FlamesFromBeyond","hexamod:ParanormalForm"],"picked":"hexamod:ThirdSeal","floor":15},{"not_picked":["hexamod:ApocalypseNow","hexamod:UnlimitedPower"],"picked":"hexamod:GhostflameInferno","floor":16},{"not_picked":["hexamod:GhostflameInferno","hexamod:CrushingStance"],"picked":"hexamod:VolcanoVisage","floor":16},{"not_picked":["hexamod:ThirdSeal","hexamod:SixthSeal"],"picked":"hexamod:SecondSeal","floor":16},{"not_picked":["hexamod:UnlimitedPower","hexamod:VolcanoVisage"],"picked":"hexamod:WildfireWeapon","floor":16},{"not_picked":["hexamod:GhostOfSpireFuture","hexamod:ThermalTransfer"],"picked":"hexamod:SpectralSpark","floor":19},{"not_picked":["hexamod:SwordOfDarkness","hexamod:NightmareStrike"],"picked":"hexamod:FourthSeal","floor":20},{"not_picked":["hexamod:SpectersWail","hexamod:AdvancingGuard","hexamod:RainOfEmbers"],"picked":"SKIP","floor":20},{"not_picked":["hexamod:ShieldOfDarkness","hexamod:AdvancingGuard+1","hexamod:SpectersWail"],"picked":"SKIP","floor":20},{"not_picked":["hexamod:Firestarter","hexamod:DynamicBlow","hexamod:RainOfEmbers"],"picked":"SKIP","floor":22},{"not_picked":["hexamod:CrushingStance","hexamod:PhantomCloak+1","hexamod:EtherealExpedition"],"picked":"SKIP","floor":22},{"not_picked":["hexamod:Toasty","hexamod:UnleashSpirits"],"picked":"hexamod:CrushingStance","floor":23},{"not_picked":["hexamod:SpectersWail+1","hexamod:GhostOfSpirePresent+1"],"picked":"hexamod:GiftsFromTheDead+1","floor":25},{"not_picked":["hexamod:SpectralSpark","hexamod:Haunt"],"picked":"hexamod:EmpoweredFlame+1","floor":25},{"not_picked":["hexamod:BurningTouch+1","hexamod:FastForward+1","hexamod:SwordOfDarkness"],"picked":"SKIP","floor":25},{"not_picked":["hexamod:SecondSeal","hexamod:CatchUp"],"picked":"hexamod:Hexaguard","floor":27},{"not_picked":["hexamod:HeatCrush","hexamod:FastForward+1"],"picked":"hexamod:InspiringFlames","floor":27},{"not_picked":["hexamod:BurningTouch","hexamod:SpectersWail"],"picked":"hexamod:SixthSeal","floor":27},{"not_picked":["hexamod:ApocalypticArmor","hexamod:TurnItUp"],"picked":"hexamod:GiftsFromTheDead","floor":30},{"not_picked":["hexamod:ThirdSeal","hexamod:HauntingEcho"],"picked":"hexamod:SpectralSpark","floor":30},{"not_picked":["hexamod:AdvancingGuard","hexamod:SkipABeat","hexamod:ThermalTransfer+1"],"picked":"SKIP","floor":30},{"not_picked":["hexamod:BurningTouch+1","hexamod:GhostflameBarrier","hexamod:ThermalTransfer"],"picked":"SKIP","floor":30},{"not_picked":["hexamod:FourthSeal","hexamod:SecondSeal","hexamod:ThirdSeal"],"picked":"SKIP","floor":30},{"not_picked":["hexamod:SecondSeal","hexamod:SixthSeal"],"picked":"hexamod:FirstSeal","floor":31},{"not_picked":["hexamod:PhantomFireball","hexamod:RadiantFlame"],"picked":"hexamod:GhostOfSpirePresent","floor":31},{"not_picked":["hexamod:GhostShield","hexamod:InspiringFlames","hexamod:HauntingEcho"],"picked":"SKIP","floor":31},{"not_picked":["hexamod:GhostLash+1","hexamod:Rewind","hexamod:ShieldOfDarkness"],"picked":"SKIP","floor":31},{"not_picked":["hexamod:RainOfEmbers","hexamod:Firestarter"],"picked":"hexamod:NightmareGuise","floor":32},{"not_picked":["hexamod:FastForward","hexamod:InspiringFlames","hexamod:GhostOfSpireFuture"],"picked":"SKIP","floor":32},{"not_picked":["hexamod:InspiringFlames","hexamod:ChargedBarrage","hexamod:SwordOfDarkness"],"picked":"SKIP","floor":32},{"not_picked":["hexamod:GhostflameInferno","hexamod:SearingWound"],"picked":"hexamod:HexaLevel","floor":33},{"not_picked":["hexamod:Toasty","hexamod:GhostflameInferno"],"picked":"hexamod:HexaLevel","floor":33},{"not_picked":["hexamod:TurnItUp","hexamod:HauntingEcho+1"],"picked":"hexamod:ThermalTransfer+1","floor":36},{"not_picked":["hexamod:SpectersWail+1","hexamod:NightmareGuise+1","hexamod:Firestarter+1"],"picked":"SKIP","floor":36},{"not_picked":["hexamod:PhantomFireball+1","hexamod:ChargedBarrage","hexamod:ShieldOfDarkness"],"picked":"SKIP","floor":37},{"not_picked":["hexamod:StepThrough+1","hexamod:BurningTouch+1","hexamod:SpectersWail+1"],"picked":"SKIP","floor":39},{"not_picked":["hexamod:SpectersWail+1","hexamod:InspiringFlames+1","hexamod:ChargedBarrage+1"],"picked":"SKIP","floor":39},{"not_picked":["MostiFishMod:SupremeArchaeology","expansioncontent:PolyBeam"],"picked":"Dark Shackles","floor":40},{"not_picked":["hubris:Ssssneak","Replay:SS_forest_2"],"picked":"expansioncontent:DefensiveStance","floor":40},{"not_picked":["hexamod:SpectersWail+1","hexamod:RainOfEmbers"],"picked":"hexamod:HeatShield+1","floor":42},{"not_picked":["hexamod:ShieldOfDarkness+1","hexamod:InspiringFlames+1"],"picked":"hexamod:DynamicBlow+1","floor":42},{"not_picked":["hexamod:AdvancingGuard+1","hexamod:EtherealExpedition+1","hexamod:Firestarter+1"],"picked":"SKIP","floor":43},{"not_picked":["hexamod:FirstSeal","hexamod:SwordOfDarkness+1"],"picked":"hexamod:EtherealExpedition+1","floor":45},{"not_picked":["hexamod:SecondSeal","hexamod:Rewind+1","hexamod:HauntingEcho"],"picked":"SKIP","floor":45},{"not_picked":["hexamod:Rewind+1","hexamod:AdvancingGuard+1"],"picked":"hexamod:GhostOfSpirePresent+1","floor":47},{"not_picked":["hexamod:FastForward+1","hexamod:PhantomCloak+1"],"picked":"hexamod:Hexaguard+1","floor":48},{"not_picked":["hexamod:RecurringNightmare+1","hexamod:DynamicBlow","hexamod:BurningTouch+1"],"picked":"SKIP","floor":49},{"not_picked":["hexamod:SwordOfDarkness+1","hexamod:HauntingEcho","hexamod:GhostflameBarrier+1"],"picked":"SKIP","floor":49}],"player_experience":265833,"relics_obtained":[{"floor":5,"key":"CeramicFish"},{"floor":7,"key":"Matryoshka"},{"floor":24,"key":"Golden Egg"},{"floor":24,"key":"qcfpunch:Chain_With_Nametags"},{"floor":41,"key":"Toxic Egg 2"},{"floor":41,"key":"Oddly Smooth Stone"},{"floor":43,"key":"Meat on the Bone"},{"floor":47,"key":"Replay:Arrowhead"}],"event_choices":[{"damage_healed":0,"gold_gain":0,"player_choice":"1","damage_taken":0,"max_hp_gain":0,"max_hp_loss":0,"event_name":"betterMatch:BetterMatch","floor":11,"gold_loss":0,"cards_obtained":["betterMatch:UncommonCard","betterMatch:RareCard"]},{"damage_healed":0,"gold_gain":0,"player_choice":"1","damage_taken":0,"max_hp_gain":0,"max_hp_loss":0,"event_name":"betterMatch:BetterMatch","floor":23,"gold_loss":0,"cards_obtained":["betterMatch:RareCard"]},{"damage_healed":0,"gold_gain":3,"player_choice":"1","damage_taken":0,"max_hp_gain":0,"max_hp_loss":0,"event_name":"betterStone:BetterStone","floor":40,"gold_loss":0}],"is_beta":false,"boss_relics":[{"not_picked":["Runic Pyramid","Honey Jar"],"picked":"testmod-DeterminationOfClimber"},{"not_picked":["SynthV:MejaisSoulstealer","Empty Cage"],"picked":"Philosopher\u0027s Stone"}],"items_purged_floors":[31,44,44],"is_endless":false,"potions_floor_spawned":[8,10,12,16,25,30,32,33,36,42,43,48],"ascension_level":0}}