{"host":"rewczy2ihmzhwqlt","time":1610582382,"event":{"mods":["2.2 Compatiblity","Act Like it!","BaseMod","Gensokyo","Minty Spire (QoL Compilation)","Permanent Neow","Quick Restart","Rare Cards Sparkle","StSLib","The Marked"],"gold_per_floor":[116,116,116,126,126,155,173,253,276,303,313,329,364,364,364,468,468,484,225,225,225,225,225,150,50,50,150,150,197,197,197,197,293,293,504,504,521,537,549,549,562,562,562,596,119,119,119,134,134,134],"floor_reached":51,"language":"ZHS","playtime":4875,"items_purged":["Shame","theMarked:Strike","Doubt"],"score":689,"play_id":"08deb9a6-830b-4b52-8932-268619e1a497","local_time":"20210114075942","is_ascension_mode":false,"campfire_choices":[{"data":"theMarked:HeritageOfTheMarked","floor":15.0,"key":"SMITH"},{"data":"theMarked:TunnelVision","floor":23.0,"key":"SMITH"},{"data":"theMarked:SoldierOfQuellstein","floor":28.0,"key":"SMITH"},{"data":"theMarked:BanishingStrike","floor":30.0,"key":"SMITH"},{"data":"theMarked:Indomitable","floor":32.0,"key":"SMITH"},{"data":"Gensokyo:GreaterSplit","floor":40,"key":"SMITH"},{"data":"theMarked:TakeCover","floor":46,"key":"SMITH"},{"data":"theMarked:ChannelForce","floor":49,"key":"SMITH"}],"circlet_count":0,"master_deck":["theMarked:Strike","theMarked:Strike+1","theMarked:Defend+1","theMarked:Defend+1","theMarked:Defend","theMarked:Defend+1","theMarked:SoldierOfQuellstein+1","theMarked:BanishingStrike+1","theMarked:TurnInvisible+1","theMarked:Indomitable+1","theMarked:HeritageOfTheMarked+1","theMarked:BindingBlade+1","theMarked:TunnelVision+1","LessonLearned+1","theMarked:RepellingDischarge+1","Gensokyo:ShootingStar","theMarked:Abjuration+1","theMarked:TwofoldDefense+1","Gensokyo:GreaterSplit+1","theMarked:TakeCover+1","theMarked:ChannelForce+1","theMarked:StartUp+1","Gensokyo:ShootingStar"],"relics":["theMarked:ArtifactOfAir","Bag of Preparation","Gensokyo:CelestialsFlawlessClothing","Gensokyo:OccultBall","Mango","Art of War","Orichalcum","Potion Belt","theMarked:Gun","theMarked:Eyepatch","theMarked:Winder","Centennial Puzzle","Thread and Needle","Lizard Tail","Vajra","Gensokyo:RedStar","Cursed Key","Ornamental Fan","Oddly Smooth Stone","Bag of Marbles","DollysMirror","Gensokyo:EmptyGrave"],"acts_visited":["Exordium","Gensokyo:Gensokyo","Gensokyo:Gensokyoer"],"potions_floor_usage":[41,50,50,50,50],"damage_taken":[{"damage":0.0,"enemies":"Gensokyo:3_Fairies","floor":1.0,"turns":3.0},{"damage":1.0,"enemies":"Gensokyo:Python","floor":4.0,"turns":3.0},{"damage":8.0,"enemies":"Gensokyo:Mamizou","floor":6.0,"turns":9.0},{"damage":0.0,"enemies":"Gensokyo:2_Kodama","floor":7.0,"turns":1.0},{"damage":14.0,"enemies":"Gensokyo:Cirno","floor":10.0,"turns":5.0},{"damage":0.0,"enemies":"Gensokyo:LivingMonolith","floor":11.0,"turns":4.0},{"damage":3.0,"enemies":"Gensokyo:CorruptedTreant","floor":12.0,"turns":4.0},{"damage":0.0,"enemies":"Gensokyo:Mamizou","floor":13.0,"turns":5.0},{"damage":8.0,"enemies":"Gensokyo:Yukari","floor":16.0,"turns":9.0},{"damage":20.0,"enemies":"Gensokyo:3_Dogs","floor":18.0,"turns":6.0},{"damage":13.0,"enemies":"Gensokyo:3_Dogs","floor":27.0,"turns":8.0},{"damage":35.0,"enemies":"Gensokyo:Kaguya","floor":33.0,"turns":12.0},{"damage":1,"enemies":"Gensokyo:AncientGuardian","floor":35,"turns":4},{"damage":0,"enemies":"Gensokyo:3_Boulders","floor":37,"turns":5},{"damage":0,"enemies":"Gensokyo:Rafflesia","floor":38,"turns":7},{"damage":0,"enemies":"Gensokyo:SeedOfUnknown","floor":39,"turns":5},{"damage":0,"enemies":"Gensokyo:Dusk_and_Dawn","floor":41,"turns":4},{"damage":5,"enemies":"Gensokyo:Doremy","floor":44,"turns":7},{"damage":1,"enemies":"Gensokyo:Rafflesia","floor":48,"turns":4},{"damage":54,"enemies":"Gensokyo:Shinki","floor":50,"turns":17}],"seed_played":"-8968488818533960901","potions_obtained":[{"floor":4.0,"key":"Strength Potion"},{"floor":6.0,"key":"Energy Potion"},{"floor":10.0,"key":"FearPotion"},{"floor":11.0,"key":"AttackPotion"},{"floor":16.0,"key":"Dexterity Potion"},{"floor":27.0,"key":"Strength Potion"},{"floor":35,"key":"Swift Potion"},{"floor":44,"key":"AttackPotion"},{"floor":48,"key":"SpeedPotion"}],"is_trial":false,"path_per_floor":["M","?","?","M","?","E","M","?","T","E","M","M","E","?","R","B",null,"M","COS","?","?","?","R","$","$","T","?","R","T","R","?","R","B",null,"M","?","M","M","M","R","M","?","T","E","$","R","?","M","R","B",null],"character_chosen":"THE_DEFAULT","items_purchased":["Block Potion","Bag of Marbles","DollysMirror"],"campfire_rested":0,"item_purchase_floors":[45,45,45],"current_hp_per_floor":[70,53,53,52,45,37,37,37,37,23,23,20,20,20,20,12,84,64,64,64,64,64,64,64,64,64,51,51,51,51,51,51,49,84,83,83,83,83,83,83,83,83,83,78,78,78,78,77,77,24],"gold":134,"neow_bonus":"RANDOM_COMMON_RELIC","is_daily":false,"chose_seed":false,"campfire_upgraded":8,"win_rate":0.0,"timestamp":1610582382,"path_taken":["M","?","?","?","?","E","?","?","T","E","?","M","E","?","R","BOSS","M","COS","?","?","?","R","?","$","T","?","R","?","R","?","R","BOSS","M","?","?","M","M","R","M","?","T","E","?","R","?","M","R","BOSS"],"items_purchased_type":["Potion","Relic","Relic"],"build_version":"2020-12-22","purchased_purges":3,"victory":true,"max_hp_per_floor":[70,70,70,70,84,84,84,84,84,84,84,84,84,84,84,84,84,84,84,84,84,84,84,84,84,84,84,84,84,84,84,84,84,84,84,84,84,84,84,84,84,84,84,84,84,84,78,78,78,78],"card_choices":[{"not_picked":["theMarked:WastefulDefense","theMarked:WardOff"],"picked":"theMarked:HeritageOfTheMarked","floor":1.0},{"not_picked":["theMarked:Overthink","theMarked:Frustration"],"picked":"theMarked:BanishingStrike","floor":4.0},{"not_picked":["theMarked:RepellingDischarge","theMarked:Aftermath"],"picked":"theMarked:TurnInvisible","floor":6.0},{"not_picked":["theMarked:Frustration","theMarked:TwofoldDefense","theMarked:HeightenedSenses"],"picked":"SKIP","floor":7.0},{"not_picked":["theMarked:LightningStrikesTwice","theMarked:ElementalBlade"],"picked":"theMarked:Indomitable","floor":10.0},{"not_picked":["theMarked:Parry","theMarked:SwordAndMagic","theMarked:Static"],"picked":"SKIP","floor":11.0},{"not_picked":["theMarked:TwofoldDefense","theMarked:RepellingDischarge","theMarked:Opportunist"],"picked":"SKIP","floor":12.0},{"not_picked":["theMarked:Opportunist","theMarked:KeepCalmAndFightOn"],"picked":"theMarked:HeritageOfTheMarked","floor":13.0},{"not_picked":["theMarked:ChannelForce","theMarked:Challenge"],"picked":"theMarked:BindingBlade","floor":16.0},{"not_picked":["theMarked:ElectricStrings","theMarked:TwofoldDefense+1"],"picked":"theMarked:TunnelVision","floor":18.0},{"not_picked":["theMarked:GodGivenPower","theMarked:BanishingStrike+1"],"picked":"theMarked:RepellingDischarge+1","floor":27.0},{"not_picked":[],"picked":"Gensokyo:ShootingStar","floor":33.0},{"not_picked":["theMarked:SummonStrength","theMarked:Levitate"],"picked":"theMarked:Abjuration","floor":33.0},{"not_picked":["theMarked:Parkour","theMarked:TwofoldDefense+1","theMarked:Improvise+1"],"picked":"SKIP","floor":35},{"not_picked":["theMarked:Parkour","theMarked:Improvise+1"],"picked":"theMarked:TwofoldDefense+1","floor":35},{"not_picked":["theMarked:EmpowerWeapon","theMarked:Static+1","theMarked:WastefulAttack"],"picked":"SKIP","floor":37},{"not_picked":["theMarked:TwofoldDefense+1","theMarked:Parkour+1"],"picked":"theMarked:TakeCover","floor":38},{"not_picked":["theMarked:TunnelVision","theMarked:ElectricStrings","theMarked:TurnInvisible"],"picked":"SKIP","floor":39},{"not_picked":["theMarked:WardOff","theMarked:Frustration","theMarked:SwordAndMagic+1"],"picked":"SKIP","floor":41},{"not_picked":["theMarked:ResourceFulStrike","theMarked:TwofoldDefense+1"],"picked":"theMarked:StartUp+1","floor":44},{"not_picked":["theMarked:HeightenedSenses+1","theMarked:ShockingTouch","theMarked:ResourceFulStrike"],"picked":"SKIP","floor":48}],"player_experience":584919,"relics_obtained":[{"floor":6.0,"key":"Art of War"},{"floor":9.0,"key":"Orichalcum"},{"floor":10.0,"key":"Gensokyo:OccultBall"},{"floor":10.0,"key":"Potion Belt"},{"floor":13.0,"key":"theMarked:Gun"},{"floor":16.0,"key":"Gensokyo:OccultBall"},{"floor":26.0,"key":"Centennial Puzzle"},{"floor":27.0,"key":"Thread and Needle"},{"floor":27.0,"key":"Lizard Tail"},{"floor":29.0,"key":"Vajra"},{"floor":33.0,"key":"Gensokyo:OccultBall"},{"floor":37,"key":"Gensokyo:OccultBall"},{"floor":44,"key":"Oddly Smooth Stone"}],"event_choices":[],"is_beta":false,"boss_relics":[{"not_picked":["Tiny House","Ectoplasm"],"picked":"theMarked:Eyepatch"},{"not_picked":["Astrolabe","Empty Cage"],"picked":"Cursed Key"}],"items_purged_floors":[24,25,45],"is_endless":false,"potions_floor_spawned":[4,6,10,11,16,27,35,44,48],"ascension_level":0}}