{"host":"07e1k1rk6c4zn0bu","time":1610566478,"event":{"mods":["AchievementEnabler","BaseMod","Bestiary","Colored Map","Colored Powertips","DeckTracker","Minty Spire (QoL Compilation)","StSLib"],"gold_per_floor":[114,189,204,204,223,261,261,280,280,280,32,51,51,89,89,214,214,233,233,252,116,116,154,173,173,173,98,136,155,200,219,219,362,434,453,453,480,53,125,172,172,0,59,106,41,41,374,389,389,398],"floor_reached":51,"language":"ENG","playtime":1849,"items_purged":["Shame"],"score":974,"play_id":"7ba30973-b95e-4fa6-afa3-b8ecbf2d8664","local_time":"20210113143438","daily_mods":["Cursed Run","Vintage","Lethality"],"is_ascension_mode":false,"campfire_choices":[{"data":"Halt","floor":7,"key":"SMITH"},{"data":"Eruption","floor":10,"key":"SMITH"},{"floor":15,"key":"REST"},{"data":"Ragnarok","floor":25,"key":"SMITH"},{"floor":32,"key":"REST"},{"floor":41,"key":"REST"},{"floor":46,"key":"REST"},{"data":"BattleHymn","floor":49,"key":"SMITH"}],"circlet_count":0,"master_deck":["Defend_P","Defend_P+1","Defend_P","Defend_P","Eruption+1","Vigilance+1","Halt+1","EmptyBody+1","SashWhip","Ragnarok+1","ForeignInfluence","Consecrate","EmptyFist+1","Injury","Bite","Bite","Bite","Bite","Bite","Blasphemy","Worship+1","Forethought","Dark Shackles","Magnetism","Secret Weapon","Protect","FlyingSleeves+1","Clumsy","Vengeance","BattleHymn+1","Pain"],"relics":["Cursed Key","Darkstone Periapt","Du-Vu Doll","Pen Nib","Happy Flower","PreservedInsect","Potion Belt","Meat on the Bone","White Beast Statue","ClockworkSouvenir","Orichalcum","Question Card","Empty Cage","Smiling Mask","War Paint","Blue Candle","WarpedTongs","Pantograph","Gremlin Horn","CeramicFish","Centennial Puzzle","Bronze Scales","Tiny House","Juzu Bracelet","TeardropLocket","Ginger","Dream Catcher","Red Mask","Bag of Marbles","Akabeko","InkBottle"],"acts_visited":["Exordium","TheCity","TheBeyond"],"potions_floor_usage":[16,16,44,44,50],"damage_taken":[{"damage":0,"enemies":"Cultist","floor":1,"turns":2},{"damage":0,"enemies":"Jaw Worm","floor":3,"turns":2},{"damage":0,"enemies":"2 Louse","floor":5,"turns":3},{"damage":0,"enemies":"Gremlin Nob","floor":6,"turns":1},{"damage":4,"enemies":"Exordium Thugs","floor":8,"turns":2},{"damage":4,"enemies":"Exordium Wildlife","floor":12,"turns":3},{"damage":19,"enemies":"Lagavulin","floor":14,"turns":3},{"damage":0,"enemies":"Slime Boss","floor":16,"turns":3},{"damage":0,"enemies":"Shell Parasite","floor":18,"turns":1},{"damage":0,"enemies":"Spheric Guardian","floor":20,"turns":2},{"damage":36,"enemies":"Slavers","floor":23,"turns":2},{"damage":4,"enemies":"Snecko","floor":24,"turns":3},{"damage":16,"enemies":"Gremlin Leader","floor":28,"turns":4},{"damage":0,"enemies":"Snake Plant","floor":29,"turns":1},{"damage":3,"enemies":"Centurion and Healer","floor":31,"turns":4},{"damage":65,"enemies":"Collector","floor":33,"turns":4},{"damage":1,"enemies":"Orb Walker","floor":35,"turns":3},{"damage":38,"enemies":"Mind Bloom Boss Battle","floor":39,"turns":3},{"damage":7,"enemies":"Reptomancer","floor":40,"turns":3},{"damage":9,"enemies":"Giant Head","floor":44,"turns":3},{"damage":0,"enemies":"3 Darklings","floor":48,"turns":2},{"damage":52,"enemies":"Donu and Deca","floor":50,"turns":6}],"seed_played":"-4624312993155624390","potions_obtained":[{"floor":3,"key":"Ambrosia"},{"floor":5,"key":"Fire Potion"},{"floor":6,"key":"LiquidBronze"},{"floor":12,"key":"PowerPotion"},{"floor":16,"key":"Ancient Potion"},{"floor":18,"key":"Weak Potion"},{"floor":29,"key":"BottledMiracle"},{"floor":39,"key":"DistilledChaos"},{"floor":44,"key":"DuplicationPotion"},{"floor":48,"key":"Ancient Potion"}],"is_trial":false,"path_per_floor":["M","?","M","?","M","E","R","M","T","R","$","M","$","E","R","B",null,"M","?","M","$","?","E","M","R","T","?","E","M","?","M","R","B",null,"M","?","?","$","?","E","R","?","T","E","$","R","?","M","R","B",null],"character_chosen":"WATCHER","items_purchased":["EmptyBody","ClockworkSouvenir","PowerPotion","ForeignInfluence","Consecrate","TeardropLocket","Secret Weapon","BattleHymn"],"campfire_rested":4,"item_purchase_floors":[11,11,11,21,21,38,38,45],"current_hp_per_floor":[72,61,61,61,61,61,61,57,63,63,63,59,59,40,61,67,79,79,85,85,85,91,55,51,51,57,57,55,57,57,63,92,59,108,107,107,97,97,72,70,102,102,108,107,107,114,114,114,114,73],"gold":398,"neow_bonus":"","is_daily":true,"chose_seed":false,"campfire_upgraded":4,"win_rate":0.0,"timestamp":1610566478,"path_taken":["M","?","M","?","M","E","R","M","T","R","$","M","?","E","R","BOSS","M","?","M","$","?","E","?","R","T","?","E","M","?","M","R","BOSS","M","?","?","$","?","E","R","?","T","E","?","R","?","M","R","BOSS"],"items_purchased_type":["Card","Relic","Potion","Card","Card","Relic","Card","Card"],"build_version":"2020-12-22","purchased_purges":1,"victory":true,"max_hp_per_floor":[72,72,72,67,67,67,67,67,73,73,73,73,73,73,73,79,79,79,85,85,85,91,91,91,91,97,97,97,97,97,97,97,103,108,108,108,108,108,108,108,108,108,114,114,114,114,114,114,114,120],"card_choices":[{"not_picked":["ClearTheMind","BowlingBash"],"picked":"Halt","floor":6},{"not_picked":["WaveOfTheHand","Worship"],"picked":"SashWhip","floor":14},{"not_picked":["Scrawl","Wish","MasterReality"],"picked":"Ragnarok","floor":16},{"not_picked":["Protect+1","JustLucky","BowlingBash"],"picked":"EmptyFist+1","floor":23},{"not_picked":["SashWhip","Collect","EmptyFist","Sanctity"],"picked":"SKIP","floor":28},{"not_picked":["MasterReality","Vault","LessonLearned"],"picked":"Blasphemy","floor":33},{"not_picked":["Evaluate","EmptyBody","Protect+1"],"picked":"Worship+1","floor":34},{"not_picked":["Flash of Steel","Swift Strike","Discovery"],"picked":"Forethought","floor":37},{"not_picked":["Discovery","Impatience","Panacea"],"picked":"Dark Shackles","floor":37},{"not_picked":["Panacea","Sadistic Nature","Purity"],"picked":"Magnetism","floor":37},{"not_picked":["SashWhip+1","Weave","PathToVictory"],"picked":"Protect","floor":39},{"not_picked":["Wireheading","Wish","BowlingBash"],"picked":"FlyingSleeves+1","floor":40},{"not_picked":["SpiritShield","EmptyBody","Pray+1"],"picked":"Vengeance","floor":44}],"player_experience":43372,"relics_obtained":[{"floor":1,"key":"Pen Nib"},{"floor":3,"key":"Happy Flower"},{"floor":5,"key":"PreservedInsect"},{"floor":6,"key":"Potion Belt"},{"floor":8,"key":"Meat on the Bone"},{"floor":9,"key":"White Beast Statue"},{"floor":12,"key":"Orichalcum"},{"floor":14,"key":"Question Card"},{"floor":18,"key":"Smiling Mask"},{"floor":20,"key":"Blue Candle"},{"floor":23,"key":"Pantograph"},{"floor":24,"key":"Blood Vial"},{"floor":26,"key":"Gremlin Horn"},{"floor":28,"key":"CeramicFish"},{"floor":29,"key":"Centennial Puzzle"},{"floor":31,"key":"Bronze Scales"},{"floor":35,"key":"Juzu Bracelet"},{"floor":39,"key":"Ginger"},{"floor":40,"key":"Dream Catcher"},{"floor":43,"key":"Bag of Marbles"},{"floor":44,"key":"Akabeko"},{"floor":48,"key":"InkBottle"}],"event_choices":[{"damage_healed":0,"gold_gain":75,"player_choice":"Gather Gold","damage_taken":11,"max_hp_gain":0,"max_hp_loss":0,"event_name":"World of Goop","floor":2,"gold_loss":0},{"damage_healed":0,"gold_gain":0,"player_choice":"Lose Max HP","damage_taken":0,"relics_obtained":["Golden Idol"],"max_hp_gain":0,"max_hp_loss":5,"event_name":"Golden Idol","floor":4,"gold_loss":0},{"damage_healed":0,"gold_gain":0,"player_choice":"Stole Relic","damage_taken":0,"relics_obtained":["War Paint"],"max_hp_gain":0,"max_hp_loss":0,"event_name":"Addict","floor":19,"gold_loss":0,"cards_obtained":["Shame"]},{"damage_healed":0,"gold_gain":0,"player_choice":"Rummage","damage_taken":0,"relics_obtained":["WarpedTongs"],"max_hp_gain":0,"max_hp_loss":0,"event_name":"Accursed Blacksmith","floor":22,"gold_loss":0,"cards_obtained":["Pain"]},{"cards_removed":["Pain"],"damage_healed":0,"gold_gain":0,"player_choice":"Gave Gold","damage_taken":0,"max_hp_gain":0,"max_hp_loss":0,"event_name":"Beggar","floor":27,"gold_loss":75},{"damage_healed":0,"gold_gain":0,"player_choice":"Became a vampire (Vial)","damage_taken":0,"max_hp_gain":0,"max_hp_loss":0,"event_name":"Vampires","floor":30,"relics_lost":["Blood Vial"],"gold_loss":0,"cards_obtained":["Bite","Bite","Bite","Bite","Bite"]},{"cards_removed":["Normality"],"damage_healed":0,"gold_gain":0,"player_choice":"Purged","damage_taken":0,"max_hp_gain":0,"max_hp_loss":0,"event_name":"Purifier","floor":36,"gold_loss":0},{"damage_healed":0,"gold_gain":0,"player_choice":"Memory 3","damage_taken":10,"max_hp_gain":0,"max_hp_loss":0,"event_name":"SensoryStone","floor":37,"gold_loss":0},{"damage_healed":0,"gold_gain":0,"player_choice":"Fight","damage_taken":0,"max_hp_gain":0,"max_hp_loss":0,"event_name":"MindBloom","floor":39,"gold_loss":0},{"damage_healed":0,"gold_gain":0,"player_choice":"Paid","damage_taken":0,"relics_obtained":["Red Mask"],"max_hp_gain":0,"max_hp_loss":0,"event_name":"Tomb of Lord Red Mask","floor":42,"gold_loss":172},{"damage_healed":0,"gold_gain":333,"player_choice":"Gave Idol","damage_taken":0,"max_hp_gain":0,"max_hp_loss":0,"event_name":"The Moai Head","floor":47,"relics_lost":["Golden Idol"],"gold_loss":0}],"is_beta":false,"boss_relics":[{"not_picked":["SacredBark","Ectoplasm"],"picked":"Empty Cage"},{"not_picked":["Black Star","Velvet Choker"],"picked":"Tiny House"}],"items_purged_floors":[21],"is_endless":false,"potions_floor_spawned":[3,5,6,12,14,16,18,20,23,24,28,29,31,33,35,39,40,44,48],"ascension_level":0}}