{"host":"e2uqnaep9nhbuq3z","time":1610556931,"event":{"mods":["AchievementEnabler","Act Like it!","Aspiration","BaseMod","Better Altar","Better Note","Better Skull","Better Third Choice","ChefMod","Colored Map","Colored Powertips","Dark Map","Disable Question Mark Monsters","Energized Spire","Fox Events","Gensokyo","Hallownest","Hermit","Hubris","Infinite Spire","Minty Spire (QoL Compilation)","Pale of the Ancients","Rare Cards Sparkle","Replay The Spire","Retaliation","Shade Mod","Spikes Relics","StSLib","The Blue Laboratory","The Cursed","The Disciple","The Hierophant","The IronCluck","The Marked"],"gold_per_floor":[117,134,134,134,152,187,206,232,256,274,274,274,274,290,290,390,390,410,410,425,111,124,158,158,98,124,159,159,173,153,180,180,281,281,281,281,128,88,88,88,88,88],"floor_reached":41,"language":"ENG","playtime":5245,"items_purged":["Strike_Br","Defend_Br","Defend_Br"],"score":508,"play_id":"2fe2a390-6118-483e-8626-e72d4321ab53","local_time":"20210113175531","is_ascension_mode":true,"campfire_choices":[{"floor":11.0,"key":"REST"},{"data":"Moderato","floor":13.0,"key":"SMITH"},{"floor":15.0,"key":"DIG"},{"data":"SecondHand","floor":28.0,"key":"SMITH"},{"data":"SecondHand","floor":32,"key":"SMITH"},{"data":"HandsUpB","floor":40,"key":"SMITH"}],"circlet_count":0,"master_deck":["Strike_Br","Strike_Br","Defend_Br","SecondHand+1","PatternShift","SlimeSpray","BlueShift","Engulf+1","LockedWarPaint","Moderato+1","PrimeTime","LockedBlood","HandsUpB+1","ExoVibe+2","SecondHand+1","ReapSow+10","Echoward+1","HandsUpC+1","BlueShift","LockedWhetstone+1","MasterKey+1","WindUp"],"relics":["Chronometer","Ancient Tea Set","Pen Nib","Matryoshka","Replay:Wax Seal","Strawberry","aspiration:TomeofQuesting","infinitespire:FocusingShard","PreservedInsect","energizedSpire:EnergizedDie","hubris:CrystalStatue","MealTicket","Boot","White Beast Statue","infinitespire:Lychee Nut","infinitespire:WardingShard"],"acts_visited":["Exordium","TheCity","TheBeyond"],"potions_floor_usage":[33,41],"damage_taken":[{"damage":0.0,"enemies":"Small Slimes","floor":1.0,"turns":5.0},{"damage":1.0,"enemies":"Jaw Worm","floor":2.0,"turns":4.0},{"damage":0.0,"enemies":"Cultist","floor":5.0,"turns":4.0},{"damage":9.0,"enemies":"Gremlin Nob","floor":6.0,"turns":5.0},{"damage":0.0,"enemies":"Blue Slaver","floor":7.0,"turns":4.0},{"damage":14.0,"enemies":"Lagavulin","floor":8.0,"turns":6.0},{"damage":3.0,"enemies":"Exordium Thugs","floor":10.0,"turns":9.0},{"damage":3.0,"enemies":"Large Slime","floor":14.0,"turns":6.0},{"damage":12.0,"enemies":"Hexaghost","floor":16.0,"turns":11.0},{"damage":4.0,"enemies":"Shell Parasite","floor":18.0,"turns":6.0},{"damage":6.0,"enemies":"Spheric Guardian","floor":20.0,"turns":5.0},{"damage":4.0,"enemies":"Shelled Parasite and Fungi","floor":22.0,"turns":5.0},{"damage":8.0,"enemies":"Replay:Snechameleon","floor":23.0,"turns":6.0},{"damage":4.0,"enemies":"Sentry and Sphere","floor":24.0,"turns":9.0},{"damage":17.0,"enemies":"Gremlin Leader","floor":27.0,"turns":8.0},{"damage":5.0,"enemies":"Snecko","floor":29.0,"turns":6.0},{"damage":0,"enemies":"Replay:Snechameleon","floor":31,"turns":5},{"damage":17,"enemies":"Automaton","floor":33,"turns":12},{"damage":4,"enemies":"3 Darklings","floor":35,"turns":6},{"damage":67,"enemies":"Nightmare","floor":41,"turns":7}],"seed_played":"9218793784428176653","potions_obtained":[{"floor":1.0,"key":"LifebloodPotion"},{"floor":2.0,"key":"blueLaboratory:NullPotion"},{"floor":8.0,"key":"DDmod:CleansePotion"},{"floor":10.0,"key":"blueLaboratory:HeartbeatPotion"},{"floor":14.0,"key":"CultistPotion"},{"floor":23.0,"key":"blueLaboratory:BubblePotion"},{"floor":29.0,"key":"blueLaboratory:ExaltedPotion"},{"floor":30.0,"key":"blueLaboratory:EnragingPotion"},{"floor":31,"key":"blueLaboratory:LouseDecoction"},{"floor":35,"key":"Elixir"}],"is_trial":false,"path_per_floor":["M","M","?","?","M","E","M","E","T","M","R","T","R","M","R_BF","B",null,"M","?","M","$","M","E","M","?","T","E","R","M","?","E","R_BF","B",null,"M","?","$","?","AVR","R","NM"],"character_chosen":"CHRONO_CLASS","items_purchased":["hubris:CrystalStatue","WindUp"],"campfire_rested":1,"item_purchase_floors":[21,37],"current_hp_per_floor":[65,64,57,57,57,48,48,34,41,44,65,65,65,68,68,60,72,72,72,66,66,64,62,64,64,64,53,53,50,50,54,54,44,54,53,53,54,54,54,54,0,0],"gold":88,"neow_bonus":"REMOVE_CARD","is_daily":false,"chose_seed":false,"campfire_upgraded":4,"win_rate":0.0,"timestamp":1610556931,"path_taken":["M","M","?","?","?","E","M","E","T","M","R","?","R","M","R_BF","BOSS","M","?","M","$","M","E","?","?","T","E","R","M","?","E","R_BF","BOSS","M","?","$","?","AVR","R","NM"],"items_purchased_type":["Relic","Card"],"build_version":"2020-12-22","purchased_purges":3,"victory":false,"max_hp_per_floor":[65,65,65,65,65,65,65,65,72,72,72,72,72,72,72,72,72,72,72,72,72,72,72,72,72,72,72,72,72,72,54,54,54,54,54,54,54,54,54,54,54,54],"card_choices":[{"not_picked":["VestedLegacy","LockedUrn"],"picked":"SlimeSpray","floor":1.0},{"not_picked":["WatchCommand","CrunchTime"],"picked":"BlueShift","floor":2.0},{"not_picked":["LockedScales","CrunchTime"],"picked":"LockedWarPaint","floor":5.0},{"not_picked":["PrimeTime","LockedAnchor"],"picked":"Tempo","floor":6.0},{"not_picked":["BlueShift","LockedAnchor"],"picked":"PrimeTime","floor":7.0},{"not_picked":["CrunchTime","Chronoelasticity"],"picked":"LockedBlood","floor":8.0},{"not_picked":["LockedAnchor","CrunchTime"],"picked":"HandsUpB","floor":10.0},{"not_picked":["SlimeSpray","PrimeTime","Recurrance"],"picked":"SKIP","floor":14.0},{"not_picked":["Parity","AlternateTimeline+1"],"picked":"ExoVibe","floor":18.0},{"not_picked":["LockedWarPaint","LockedTornado"],"picked":"ReapSow+1","floor":20.0},{"not_picked":["Engulf","Facsimile"],"picked":"Echoward+1","floor":22.0},{"not_picked":["VestedLegacy+1","ReapSow+1"],"picked":"HandsUpC","floor":23.0},{"not_picked":["LockedMedicine","HandsUpC+1","ExoVibe"],"picked":"SKIP","floor":24.0},{"not_picked":["HandsUpB+1","DaylightSavings"],"picked":"BlueShift","floor":27.0},{"not_picked":["Facsimile+1","BlueShift"],"picked":"LockedWhetstone+1","floor":29.0},{"not_picked":["RageCommand","DaylightSavings+1","CrunchTime"],"picked":"SKIP","floor":31},{"not_picked":["Fragmentalize","LockedLightning"],"picked":"MasterKey","floor":33},{"not_picked":["LockedMawBank+1","LockedBlood+1","CrunchTime+1"],"picked":"SKIP","floor":35}],"player_experience":517279,"relics_obtained":[{"floor":6.0,"key":"Pen Nib"},{"floor":8.0,"key":"Matryoshka"},{"floor":9.0,"key":"Replay:Wax Seal"},{"floor":9.0,"key":"Strawberry"},{"floor":12.0,"key":"aspiration:TomeofQuesting"},{"floor":12.0,"key":"infinitespire:FocusingShard"},{"floor":15.0,"key":"PreservedInsect"},{"floor":23.0,"key":"MealTicket"},{"floor":26.0,"key":"Boot"},{"floor":27.0,"key":"White Beast Statue"},{"floor":31,"key":"infinitespire:Lychee Nut"}],"event_choices":[{"damage_healed":0.0,"max_hp_gain":0.0,"max_hp_loss":0.0,"gold_gain":1.0,"event_name":"betterThird:BetterScrap","player_choice":"Relic ","floor":3.0,"gold_loss":0.0,"damage_taken":7.0,"cards_obtained":["Bloodletting"]},{"damage_healed":0.0,"max_hp_gain":0.0,"max_hp_loss":0.0,"gold_gain":0.0,"event_name":"Match and Keep!","player_choice":"1 cards matched","floor":19.0,"gold_loss":0.0,"damage_taken":0.0,"cards_obtained":["SecondHand"]},{"damage_healed":0.0,"max_hp_gain":0.0,"max_hp_loss":0.0,"gold_gain":0.0,"event_name":"The Woman in Blue","player_choice":"Bought 1 Potion","floor":30.0,"gold_loss":0.0,"damage_taken":0.0},{"damage_healed":0,"gold_gain":0,"player_choice":"Upgraded Two","damage_taken":0,"max_hp_gain":0,"max_hp_loss":0,"event_name":"Designer","floor":38,"gold_loss":40,"cards_upgraded":["MasterKey","ExoVibe"]}],"is_beta":false,"boss_relics":[{"not_picked":["aspiration:SilentSkillbook","aspiration:RitualDagger"],"picked":"energizedSpire:EnergizedDie"},{"not_picked":["Calling Bell","Replay:Grab Bag","Coffee Dripper"]}],"items_purged_floors":[21,37,39],"is_endless":false,"potions_floor_spawned":[1,2,8,10,14,22,23,29,31,33,35],"killed_by":"Nightmare","ascension_level":1}}