{"host":"56ghxnzsglgdq727","time":1610575656,"event":{"mods":["AchievementEnabler","BaseMod","Downfall","Duelist Mod","Minty Spire (QoL Compilation)","Rare Cards Sparkle","StSLib","The Bug Knight","The Exalted","The Senshi","The Wild Card"],"gold_per_floor":[142,154,154,26,26,26,51,77,103,112,131,200,200,209,209,315,365,390,345,345],"floor_reached":19,"language":"ENG","playtime":734,"items_purged":["theDuelist:CastleWalls"],"score":187,"play_id":"971c3edd-e289-44c6-8d8d-1feb7bdf5a45","local_time":"20210113170736","is_ascension_mode":true,"campfire_choices":[{"data":"theDuelist:Wildfire","floor":6,"key":"SMITH"},{"floor":15,"key":"REST"}],"circlet_count":0,"master_deck":["theDuelist:Relinkuriboh","theDuelist:ArchfiendSoldier+1","theDuelist:ArchfiendSoldier","theDuelist:ArchfiendSoldier","theDuelist:CastleWalls","theDuelist:FiendMegacyber","theDuelist:Sparks","theDuelist:Sparks","theDuelist:SummonedSkull","theDuelist:Wildfire+1","theDuelist:FabledAshenveil","theDuelist:SummoningCurse","theWildCard:Scathach","theDuelist:FabledAshenveil","Parasite","theDuelist:DarkMasterZorc","theDuelist:DoomDonuts"],"relics":["theDuelist:MillenniumPuzzle","theDuelist:CardPoolRelic","theDuelist:CardPoolBasicRelic","theDuelist:BoosterPackPoolRelic","theDuelist:CardPoolAddRelic","theDuelist:CardPoolMinusRelic","theDuelist:CardPoolSaveRelic","theDuelist:CardPoolOptionsRelic","theDuelist:MillenniumPeriapt","theDuelist:MerchantPendant","Toolbox","theDuelist:MillenniumRod","PreservedInsect","CeramicFish","Art of War","Bag of Preparation","Tiny House"],"acts_visited":["Exordium","TheCity"],"potions_floor_usage":[16,19,19],"damage_taken":[{"damage":10,"enemies":"Small Slimes","floor":1,"turns":3},{"damage":7,"enemies":"2 Louse","floor":2,"turns":2},{"damage":25,"enemies":"Lagavulin","floor":8,"turns":5},{"damage":12,"enemies":"Jaw Worm","floor":11,"turns":2},{"damage":10,"enemies":"3 Sentries","floor":12,"turns":3},{"damage":45,"enemies":"Hexaghost","floor":16,"turns":10},{"damage":60,"enemies":"3 Byrds","floor":18,"turns":5},{"damage":29,"enemies":"2 Thieves","floor":19,"turns":2}],"seed_played":"-3394593553611766190","potions_obtained":[{"floor":11,"key":"theDuelist:ExtraOrbsBottle"},{"floor":16,"key":"LiquidBronze"},{"floor":17,"key":"theDuelist:FusionPotion"},{"floor":18,"key":"theDuelist:CoolBottle"}],"is_trial":false,"path_per_floor":["M","M","?","$","?","R","T","E","T","?","M","?","?","?","R","B",null,"M","M"],"character_chosen":"THE_DUELIST","items_purchased":["theDuelist:MerchantPendant","theDuelist:FabledAshenveil","Toolbox"],"campfire_rested":1,"item_purchase_floors":[4,4,4],"current_hp_per_floor":[70,63,57,57,57,57,57,32,32,32,20,10,10,30,54,9,85,25,0,0],"gold":345,"neow_bonus":"ONE_RANDOM_RARE_CARD","is_daily":false,"chose_seed":false,"campfire_upgraded":1,"win_rate":0.0,"timestamp":1610575656,"path_taken":["M","M","?","$","?","R","?","E","T","?","?","?","?","?","R","BOSS","M","M"],"items_purchased_type":["Relic","Card","Relic"],"build_version":"2020-12-22","purchased_purges":1,"victory":false,"max_hp_per_floor":[80,80,80,80,80,80,80,80,80,80,80,80,80,80,80,80,85,85,85,85],"card_choices":[{"not_picked":["theDuelist:UmbralHorrorGhost","theDuelist:CyberArchfiend","theDuelist:Pumpking","theDuelist:TerraTerrible","theDuelist:KingYami"],"picked":"SKIP","floor":1},{"not_picked":["theDuelist:Pumpking","theDuelist:SummonedSkull","theDuelist:FlyingSaucer","theDuelist:AmbitiousGofer","theDuelist:DoomsdayHorror"],"picked":"SKIP","floor":2},{"not_picked":["theDuelist:BeastTalwar","theDuelist:SummonedSkull","theDuelist:Pumprincess","theDuelist:MsJudge","theDuelist:UmbralHorrorGhoul"],"picked":"SKIP","floor":8},{"not_picked":["theDuelist:TwinHeadedWolf","theDuelist:PortraitSecret","theDuelist:FlyingSaucer","theDuelist:DarkFusion","theDuelist:ArchfiendSoldier"],"picked":"SKIP","floor":11},{"not_picked":[],"picked":"theDuelist:FabledAshenveil","floor":12},{"not_picked":["theDuelist:ArchfiendCommander","theDuelist:CallGrave","theDuelist:Tierra","theDuelist:FabledGallabas"],"picked":"theDuelist:DarkMasterZorc","floor":16},{"not_picked":["theDuelist:DarknessNeosphere","theDuelist:RedMirror","theDuelist:Doomdog"],"picked":"theDuelist:DoomDonuts","floor":18}],"player_experience":240627,"relics_obtained":[{"floor":7,"key":"PreservedInsect"},{"floor":8,"key":"CeramicFish"},{"floor":9,"key":"Art of War"},{"floor":12,"key":"Bag of Preparation"}],"event_choices":[{"damage_healed":0,"gold_gain":0,"player_choice":"Dig - random Duelist relic","duelist":true,"damage_taken":0,"max_hp_gain":0,"max_hp_loss":0,"event_name":"Aknamkanon\u0027s Tomb","floor":3,"gold_loss":0},{"damage_healed":0,"gold_gain":0,"player_choice":"Took item - Received: Millennium Rod","duelist":true,"damage_taken":0,"max_hp_gain":0,"max_hp_loss":0,"event_name":"Millennium Items","floor":5,"gold_loss":0},{"damage_healed":0,"gold_gain":30,"player_choice":"Searched \u00272\u0027 times","damage_taken":0,"max_hp_gain":0,"max_hp_loss":0,"event_name":"Dead Adventurer","floor":12,"gold_loss":0},{"damage_healed":0,"gold_gain":0,"player_choice":"Traded Castle Walls for Relinkuriboh","duelist":true,"damage_taken":0,"max_hp_gain":0,"max_hp_loss":0,"event_name":"Card Trader","floor":13,"gold_loss":0},{"damage_healed":20,"gold_gain":0,"player_choice":"Healed and dodged fight","damage_taken":0,"max_hp_gain":0,"max_hp_loss":0,"event_name":"Mushrooms","floor":14,"gold_loss":0,"cards_obtained":["Parasite"]}],"is_beta":false,"boss_relics":[{"not_picked":["Runic Cube","Philosopher\u0027s Stone"],"picked":"Tiny House"}],"items_purged_floors":[4],"is_endless":false,"potions_floor_spawned":[11,16,18],"killed_by":"2 Thieves","ascension_level":3}}