{"host":"9n6i2vl93jt4o42q","time":1610545732,"event":{"mods":["BaseMod","Minty Spire (QoL Compilation)","Relic Stats"],"gold_per_floor":[109,121,3,3,3,41,41,41,66,66,89,164,185,210,210,210,210],"floor_reached":16,"language":"ENG","playtime":506,"items_purged":[],"score":250,"play_id":"a42c4268-8469-4eab-9621-5d426c6ee5aa","local_time":"20210113144852","is_ascension_mode":true,"campfire_choices":[{"data":"Cloak And Dagger","floor":7,"key":"SMITH"},{"data":"Finisher","floor":10,"key":"SMITH"},{"floor":15,"key":"REST"}],"circlet_count":0,"master_deck":["AscendersBane","Strike_G","Strike_G","Strike_G","Strike_G","Strike_G","Defend_G","Defend_G","Defend_G","Defend_G","Defend_G","Survivor","Neutralize","Flying Knee","Cloak And Dagger+1","Finisher+1","All Out Attack","Unload","Tactician","Acrobatics"],"relics":["Ring of the Snake","NeowsBlessing","Golden Idol","Boot","Happy Flower","Blood Vial"],"acts_visited":["Exordium"],"potions_floor_usage":[13,16],"damage_taken":[{"damage":0,"enemies":"Cultist","floor":1,"turns":1},{"damage":0,"enemies":"2 Louse","floor":2,"turns":1},{"damage":0,"enemies":"Lagavulin","floor":6,"turns":1},{"damage":14,"enemies":"Small Slimes","floor":11,"turns":3},{"damage":0,"enemies":"Blue Slaver","floor":13,"turns":1},{"damage":0,"enemies":"Large Slime","floor":14,"turns":5},{"damage":37,"enemies":"Slime Boss","floor":16,"turns":7}],"seed_played":"5955265410210518984","potions_obtained":[{"floor":2,"key":"AttackPotion"},{"floor":6,"key":"Weak Potion"},{"floor":13,"key":"Poison Potion"}],"is_trial":false,"path_per_floor":["M","M","$","?","?","E","R","$","T","R","M","?","M","M","R","B"],"character_chosen":"THE_SILENT","items_purchased":["Finisher","All Out Attack"],"campfire_rested":1,"item_purchase_floors":[3,3],"current_hp_per_floor":[59,59,59,36,31,31,31,31,31,31,19,8,10,12,31,0,0],"gold":210,"neow_bonus":"THREE_ENEMY_KILL","is_daily":false,"chose_seed":false,"campfire_upgraded":2,"win_rate":0.0,"timestamp":1610545732,"path_taken":["M","?","$","?","?","E","R","?","T","R","M","?","M","?","R","BOSS"],"items_purchased_type":["Card","Card"],"build_version":"2020-12-22","purchased_purges":0,"victory":false,"max_hp_per_floor":[66,66,66,66,66,66,66,66,66,66,66,66,66,66,66,66,66],"relic_stats":{"Blood Vial":8,"Happy Flower":[5],"counters":[7,19],"Golden Idol":22,"Boot":[26],"obtain_stats":[{"Blood Vial":9,"NeowsBlessing":0,"Happy Flower":6,"Golden Idol":4,"Boot":5,"Ring of the Snake":0},{"Blood Vial":3,"NeowsBlessing":0,"Happy Flower":3,"Golden Idol":2,"Boot":2,"Ring of the Snake":0},{"Blood Vial":3,"NeowsBlessing":0,"Happy Flower":3,"Golden Idol":2,"Boot":2,"Ring of the Snake":0}],"Ring of the Snake":[14]},"card_choices":[{"not_picked":["Calculated Gamble","Dodge and Roll"],"picked":"Flying Knee","floor":1},{"not_picked":["Riddle With Holes","Setup"],"picked":"Cloak And Dagger","floor":2},{"not_picked":["Underhanded Strike","PiercingWail"],"picked":"Unload","floor":6},{"not_picked":["Well Laid Plans","Acrobatics"],"picked":"Tactician","floor":11},{"not_picked":["Noxious Fumes","Skewer","Dodge and Roll"],"picked":"SKIP","floor":13},{"not_picked":["Deflect","Deadly Poison"],"picked":"Acrobatics","floor":14}],"player_experience":2063269,"relics_obtained":[{"floor":6,"key":"Happy Flower"},{"floor":9,"key":"Blood Vial"}],"event_choices":[{"damage_healed":0,"gold_gain":0,"player_choice":"Take Damage","damage_taken":23,"relics_obtained":["Golden Idol"],"max_hp_gain":0,"max_hp_loss":0,"event_name":"Golden Idol","floor":4,"gold_loss":0},{"damage_healed":0,"gold_gain":0,"player_choice":"Success","damage_taken":5,"relics_obtained":["Boot"],"max_hp_gain":0,"max_hp_loss":0,"event_name":"Scrap Ooze","floor":5,"gold_loss":0},{"damage_healed":0,"gold_gain":75,"player_choice":"Gather Gold","damage_taken":11,"max_hp_gain":0,"max_hp_loss":0,"event_name":"World of Goop","floor":12,"gold_loss":0}],"is_beta":false,"boss_relics":[],"items_purged_floors":[],"is_endless":false,"potions_floor_spawned":[2,6,13,14],"killed_by":"Slime Boss","ascension_level":20}}