{"host":"khm4we1ijduz33xh","time":1610546063,"event":{"mods":["AchievementEnabler","BaseMod","Colored Map","Minty Spire (QoL Compilation)","Rare Cards Sparkle","StSLib","SuperFastMode"],"gold_per_floor":[118,42,54,69,86,120,154,154,202,75,75,75,89,123,123,228,228,245,160,160,18,18,52,52,52,52,10,24,24,24,39,39,143,143,159,159,159,169,219,219,219,0,0,14,43,60,60,60,60,60],"floor_reached":51,"language":"KOR","playtime":2347,"items_purged":["Strike_B","Writhe"],"score":775,"play_id":"e633c4df-38ca-466f-b53b-efa16f29a272","local_time":"20210113225423","is_ascension_mode":true,"campfire_choices":[{"floor":8.0,"key":"REST"},{"data":"Static Discharge","floor":12.0,"key":"SMITH"},{"floor":15.0,"key":"REST"},{"floor":25,"key":"REST"},{"data":"Electrodynamics","floor":29,"key":"SMITH"},{"floor":32,"key":"REST"},{"floor":40,"key":"REST"},{"floor":47,"key":"REST"},{"floor":49,"key":"REST"}],"circlet_count":0,"master_deck":["Zap+1","Dualcast","Coolheaded","Leap","Redo","Tempest","Hologram","Static Discharge+1","Ball Lightning","Buffer","Core Surge","Electrodynamics+1","Glacier","Thunder Strike","Reinforced Body","FTL","Cold Snap+1","Conserve Battery","Fusion+1","Machine Learning","Sunder","Turbo","Rainbow","Rebound+1","Forethought","Undo+1","Loop+1","Barrage","Defragment","Conserve Battery+1"],"relics":["Cracked Core","NeowsBlessing","WingedGreaves","The Courier","Juzu Bracelet","PreservedInsect","Whetstone","Pandora\u0027s Box","Centennial Puzzle","Regal Pillow","Torii","Inserter","Lizard Tail","Turnip","Red Mask","Incense Burner","Oddly Smooth Stone"],"acts_visited":["Exordium","TheCity","TheBeyond"],"potions_floor_usage":[44,50,50],"damage_taken":[{"damage":0.0,"enemies":"2 Louse","floor":1.0,"turns":1.0},{"damage":0.0,"enemies":"Cultist","floor":3.0,"turns":1.0},{"damage":0.0,"enemies":"Small Slimes","floor":4.0,"turns":1.0},{"damage":8.0,"enemies":"3 Louse","floor":5.0,"turns":4.0},{"damage":28.0,"enemies":"Gremlin Nob","floor":6.0,"turns":5.0},{"damage":23.0,"enemies":"3 Sentries","floor":7.0,"turns":6.0},{"damage":4.0,"enemies":"Large Slime","floor":13.0,"turns":3.0},{"damage":16.0,"enemies":"Gremlin Nob","floor":14.0,"turns":3.0},{"damage":35.0,"enemies":"Slime Boss","floor":16.0,"turns":9.0},{"damage":12,"enemies":"Chosen","floor":18,"turns":4},{"damage":34,"enemies":"Slavers","floor":23,"turns":3},{"damage":23,"enemies":"2 Thieves","floor":28,"turns":3},{"damage":15,"enemies":"Shelled Parasite and Fungi","floor":31,"turns":6},{"damage":1,"enemies":"Automaton","floor":33,"turns":9},{"damage":39,"enemies":"3 Shapes","floor":35,"turns":3},{"damage":10,"enemies":"Orb Walker","floor":38,"turns":4},{"damage":0,"enemies":"Mind Bloom Boss Battle","floor":39,"turns":5},{"damage":17,"enemies":"Jaw Worm Horde","floor":44,"turns":5},{"damage":22,"enemies":"Giant Head","floor":45,"turns":9},{"damage":23,"enemies":"Spire Growth","floor":46,"turns":6},{"damage":64,"enemies":"Time Eater","floor":50,"turns":14}],"seed_played":"5269110705074899837","potions_obtained":[{"floor":4.0,"key":"LiquidBronze"},{"floor":5.0,"key":"Fire Potion"},{"floor":6.0,"key":"Weak Potion"},{"floor":16.0,"key":"FearPotion"},{"floor":23,"key":"DistilledChaos"},{"floor":45,"key":"GamblersBrew"}],"is_trial":false,"path_per_floor":["M","?","M","M","M","E","E","R","T","$","?","R","M","E","R","B",null,"M","?","?","$","?","E","?","R","T","$","M","R","?","M","R","B",null,"M","?","T","M","?","R","?","?","T","M","E","M","R","$","R","B",null],"character_chosen":"DEFECT","items_purchased":["Static Discharge","Ball Lightning","FTL","Conserve Battery"],"campfire_rested":7,"item_purchase_floors":[10,10,21,27],"current_hp_per_floor":[75,75,75,75,67,39,16,38,38,38,38,38,34,18,40,5,75,63,63,63,63,49,15,15,54,54,54,31,31,31,16,55,54,80,41,41,41,31,31,70,70,70,70,53,31,8,47,47,80,16],"gold":60,"neow_bonus":"THREE_ENEMY_KILL","is_daily":false,"chose_seed":false,"campfire_upgraded":2,"win_rate":0.0,"timestamp":1610546063,"path_taken":["M","?","M","M","M","E","E","R","T","$","?","R","M","E","R","BOSS","M","?","?","$","?","E","?","R","T","$","M","R","?","M","R","BOSS","M","?","?","M","?","R","?","?","T","M","E","M","R","$","R","BOSS"],"items_purchased_type":["Card","Card","Card","Card"],"build_version":"2020-12-22","purchased_purges":2,"victory":true,"max_hp_per_floor":[75,75,75,75,75,75,75,75,75,75,75,75,75,75,75,75,75,75,75,75,75,80,80,80,80,80,80,80,80,80,80,80,80,80,80,80,80,80,80,80,80,80,80,80,80,80,80,80,80,80],"card_choices":[{"not_picked":["Rebound","Doom and Gloom"],"picked":"Coolheaded","floor":1.0},{"not_picked":["Go for the Eyes","Fusion"],"picked":"Leap","floor":3.0},{"not_picked":["Coolheaded","Leap","Compile Driver"],"picked":"SKIP","floor":4.0},{"not_picked":["Compile Driver","Doom and Gloom"],"picked":"Redo","floor":5.0},{"not_picked":["Go for the Eyes","Reboot"],"picked":"Tempest","floor":6.0},{"not_picked":["Heatsinks","Coolheaded"],"picked":"Hologram","floor":7.0},{"not_picked":["Barrage","Aggregate","Rip and Tear"],"picked":"SKIP","floor":13.0},{"not_picked":["Scrape","Ball Lightning"],"picked":"Heatsinks","floor":14.0},{"not_picked":["Fission","Hyperbeam"],"picked":"Buffer","floor":16.0},{"not_picked":["Chaos","Barrage"],"picked":"Reinforced Body","floor":18},{"not_picked":["Machine Learning","Rebound"],"picked":"Cold Snap+1","floor":23},{"not_picked":["Barrage","Go for the Eyes"],"picked":"Fusion+1","floor":28},{"not_picked":["Double Energy","Coolheaded"],"picked":"Turbo","floor":31},{"not_picked":["All For One","Thunder Strike"],"picked":"Rainbow","floor":33},{"not_picked":["Streamline+1","Gash+1"],"picked":"Rebound+1","floor":35},{"not_picked":["Blind","Madness"],"picked":"Forethought","floor":36},{"not_picked":["Coolheaded+1","Steam+1"],"picked":"Undo+1","floor":38},{"not_picked":["Heatsinks","Fusion+1"],"picked":"Loop+1","floor":39},{"not_picked":["Beam Cell+1","Steam"],"picked":"Barrage","floor":44},{"not_picked":["Rebound","Turbo"],"picked":"Defragment","floor":45},{"not_picked":["Compile Driver","Fusion+1"],"picked":"Conserve Battery+1","floor":46}],"player_experience":222592,"relics_obtained":[{"floor":6.0,"key":"The Courier"},{"floor":7.0,"key":"Juzu Bracelet"},{"floor":9.0,"key":"PreservedInsect"},{"floor":14.0,"key":"Whetstone"},{"floor":23,"key":"Torii"},{"floor":37,"key":"Lizard Tail"},{"floor":39,"key":"Turnip"},{"floor":43,"key":"Incense Burner"},{"floor":45,"key":"Oddly Smooth Stone"}],"event_choices":[{"damage_healed":0.0,"max_hp_gain":0.0,"max_hp_loss":0.0,"gold_gain":0.0,"event_name":"WeMeetAgain","player_choice":"Paid Gold","floor":2.0,"gold_loss":76.0,"damage_taken":0.0,"relics_obtained":["WingedGreaves"]},{"damage_healed":0.0,"max_hp_gain":0.0,"max_hp_loss":0.0,"gold_gain":0.0,"event_name":"Living Wall","player_choice":"Grow","floor":11.0,"gold_loss":0.0,"damage_taken":0.0,"cards_upgraded":["Zap"]},{"damage_healed":0,"gold_gain":0,"player_choice":"Obtained Relic","damage_taken":0,"relics_obtained":["Centennial Puzzle"],"max_hp_gain":0,"max_hp_loss":0,"event_name":"Addict","floor":19,"gold_loss":85},{"damage_healed":0,"gold_gain":0,"player_choice":"Opened","damage_taken":0,"relics_obtained":["Regal Pillow"],"max_hp_gain":0,"max_hp_loss":0,"event_name":"The Mausoleum","floor":20,"gold_loss":0,"cards_obtained":["Writhe"]},{"damage_healed":0,"gold_gain":0,"player_choice":"Shed Blood","damage_taken":19,"max_hp_gain":5,"max_hp_loss":0,"event_name":"Forgotten Altar","floor":22,"gold_loss":0},{"cards_removed":["Electrodynamics"],"damage_healed":0,"gold_gain":0,"player_choice":"Elegance","damage_taken":0,"max_hp_gain":0,"max_hp_loss":0,"event_name":"Back to Basics","floor":24,"gold_loss":0},{"damage_healed":0,"gold_gain":0,"cards_transformed":["Heatsinks","Sweeping Beam"],"player_choice":"Became Test Subject","damage_taken":0,"max_hp_gain":0,"max_hp_loss":0,"event_name":"Drug Dealer","floor":30,"gold_loss":0,"cards_obtained":["Machine Learning","Sunder"]},{"damage_healed":0,"gold_gain":0,"player_choice":"Memory 1","damage_taken":0,"max_hp_gain":0,"max_hp_loss":0,"event_name":"SensoryStone","floor":36,"gold_loss":0},{"damage_healed":0,"gold_gain":0,"player_choice":"Fight","damage_taken":0,"max_hp_gain":0,"max_hp_loss":0,"event_name":"MindBloom","floor":39,"gold_loss":0},{"cards_removed":["Doom and Gloom"],"damage_healed":0,"gold_gain":0,"player_choice":"Removed Attack","damage_taken":0,"max_hp_gain":0,"max_hp_loss":0,"event_name":"Falling","floor":41,"gold_loss":0},{"damage_healed":0,"gold_gain":0,"player_choice":"Paid","damage_taken":0,"relics_obtained":["Red Mask"],"max_hp_gain":0,"max_hp_loss":0,"event_name":"Tomb of Lord Red Mask","floor":42,"gold_loss":219}],"is_beta":false,"boss_relics":[{"not_picked":["Fusion Hammer","Busted Crown"],"picked":"Pandora\u0027s Box"},{"not_picked":["Velvet Choker","Empty Cage"],"picked":"Inserter"}],"items_purged_floors":[10,21],"is_endless":false,"potions_floor_spawned":[4,5,6,16,23,38,45],"ascension_level":2}}