{"host":"mai03x2ekbjy4059","time":1610520046,"event":{"mods":["2.2 Compatiblity","BaseMod","DeckTracker","Highlight Path","Keyboard Shortcuts","Minty Spire (QoL Compilation)","Permanent Neow","Quick Restart","SuperFastMode","everything is the same but u backflip on backflip"],"gold_per_floor":[116,116,126,145,163,196,209,209,209],"floor_reached":8,"language":"KOR","playtime":247,"items_purged":[],"score":105,"play_id":"4e4d1045-c6fe-49b8-bbc8-e6eb7b7029b6","local_time":"20210113154046","is_ascension_mode":true,"campfire_choices":[],"circlet_count":0,"master_deck":["AscendersBane","Strike_P","Strike_P","Strike_P","Defend_P","Defend_P","Eruption","Vigilance","MentalFortress","FlurryOfBlows"],"relics":["PureWater","Yang"],"acts_visited":["Exordium"],"potions_floor_usage":[],"damage_taken":[{"damage":0.0,"enemies":"Cultist","floor":1.0,"turns":3.0},{"damage":2.0,"enemies":"Small Slimes","floor":3.0,"turns":5.0},{"damage":0.0,"enemies":"2 Louse","floor":4.0,"turns":1.0},{"damage":0.0,"enemies":"Large Slime","floor":5.0,"turns":4.0},{"damage":8.0,"enemies":"Lagavulin","floor":6.0,"turns":7.0},{"damage":24.0,"enemies":"Exordium Thugs","floor":7.0,"turns":5.0},{"damage":10,"enemies":"Gremlin Nob","floor":8,"turns":2}],"seed_played":"551763905729092029","potions_obtained":[{"floor":1.0,"key":"Swift Potion"}],"is_trial":false,"path_per_floor":["M","?","M","M","M","E","M","E"],"character_chosen":"WATCHER","items_purchased":[],"campfire_rested":0,"item_purchase_floors":[],"current_hp_per_floor":[43,43,41,41,41,33,9,0,0],"gold":209,"neow_bonus":"REMOVE_TWO","is_daily":false,"chose_seed":false,"campfire_upgraded":0,"win_rate":0.0,"timestamp":1610520046,"path_taken":["M","?","?","M","M","E","M","E"],"items_purchased_type":[],"build_version":"2020-12-22","purchased_purges":0,"victory":false,"max_hp_per_floor":[68,68,68,68,68,68,68,68,68],"card_choices":[{"not_picked":["WaveOfTheHand","EmptyFist","Protect"],"picked":"SKIP","floor":1.0},{"not_picked":["Protect","BowlingBash","PathToVictory"],"picked":"SKIP","floor":3.0},{"not_picked":["BowlingBash","Pray"],"picked":"MentalFortress","floor":4.0},{"not_picked":["Protect","Establishment","ClearTheMind"],"picked":"SKIP","floor":5.0},{"not_picked":["CrushJoints","JustLucky","Protect"],"picked":"SKIP","floor":6.0},{"not_picked":["Consecrate","Meditate"],"picked":"FlurryOfBlows","floor":7.0}],"player_experience":1076856,"relics_obtained":[{"floor":6.0,"key":"Yang"}],"event_choices":[{"cards_removed":["Defend_P"],"damage_healed":0.0,"max_hp_gain":0.0,"max_hp_loss":0.0,"gold_gain":0.0,"event_name":"Purifier","player_choice":"Purged","floor":2.0,"gold_loss":0.0,"damage_taken":0.0}],"is_beta":false,"boss_relics":[],"items_purged_floors":[],"is_endless":false,"potions_floor_spawned":[1],"killed_by":"Gremlin Nob","ascension_level":15}}