{"host":"bw00wb7p5bw58om7","time":1610542619,"event":{"mods":["Act Like it!","BaseMod","Downfall","Gensokyo","Koishi","KomeijiMod","Luminous","Marisa????????","Minty Spire (QoL Compilation)","Onozuka Komachi Mod","Permanent Neow","Prisma Mod","Reimu??????","Remilia??????","StSLib","The Animator","The Druid","The Exalted","The Jungle","The Mystic","The Problem Sleuth","The Senshi","The Servant 0.9.4","The Wild Card","TheArtist","Wandering Minibosses"],"gold_per_floor":[116,116,116,134,154,154,208,208,208,226,280,280,294,306,306,407,407,361,64,0,11,11,306,306],"floor_reached":23,"language":"ENG","playtime":1369,"items_purged":[],"score":181,"play_id":"76955dc8-3c54-4d2c-a5ec-81356f29621b","local_time":"20210113125659","is_ascension_mode":false,"campfire_choices":[{"data":"ChargingUp","floor":6,"key":"SMITH"},{"data":"GalacticHalo","floor":8,"key":"SMITH"},{"data":"DC","floor":12,"key":"SMITH"},{"data":"UltimateShortwave","floor":15,"key":"SMITH"}],"circlet_count":0,"master_deck":["Strike_MRS","Strike_MRS","Strike_MRS","Defend_MRS+1","Defend_MRS","Defend_MRS","Defend_MRS","UpSweep","ChargingUp+1","DC+1","GalacticHalo+1","GrandCross","PulseMagic","UltimateShortwave+1","MillisecondPulsars","Gensokyo:MissMary","Gensokyo:ScrapIron","AsteroidBelt+1","RefractionSpark","MaximisePower"],"relics":["MiniHakkero","Happy Flower","Gensokyo:OccultBall","Nunchaku","theSenshi:SuperSailorFukuRelic","Blood Vial","Sozu"],"acts_visited":["Gensokyo:Gensokyo","Gensokyo:Gensokyoer"],"potions_floor_usage":[14],"damage_taken":[{"damage":3,"enemies":"Gensokyo:2_Kodama","floor":1,"turns":3},{"damage":1,"enemies":"Gensokyo:3_Fairies","floor":4,"turns":3},{"damage":0,"enemies":"Gensokyo:Python","floor":5,"turns":3},{"damage":0,"enemies":"Gensokyo:VengefulSpirit","floor":10,"turns":4},{"damage":0,"enemies":"Gensokyo:Gryphon_and_Rabbit","floor":13,"turns":4},{"damage":0,"enemies":"Gensokyo:LivingMonolith","floor":14,"turns":3},{"damage":11,"enemies":"Gensokyo:Kokoro","floor":16,"turns":6},{"damage":0,"enemies":"Gensokyo:Chomper","floor":18,"turns":5},{"damage":47,"enemies":"Gensokyo:3_Dogs","floor":21,"turns":6},{"damage":40,"enemies":"Gensokyo:Tenshi","floor":23,"turns":3}],"seed_played":"4494404259858545147","potions_obtained":[{"floor":5,"key":"GrandPatriotsElixir:ReiMu"},{"floor":10,"key":"GrandPatriotsElixir:ReiMu"},{"floor":14,"key":"Fruit Juice"}],"is_trial":false,"path_per_floor":["M","?","?","M","M","R","T","R","T","M","T","R","M","M","R","B",null,"M","COS","?","M","?","E"],"character_chosen":"MARISA","items_purchased":[],"campfire_rested":0,"item_purchase_floors":[],"current_hp_per_floor":[72,72,72,71,71,71,71,71,71,71,71,71,73,80,80,69,80,80,80,80,33,33,0,0],"gold":306,"neow_bonus":"TRANSFORM_CARD","is_daily":false,"chose_seed":false,"campfire_upgraded":4,"win_rate":0.0,"timestamp":1610542619,"path_taken":["M","?","?","M","M","R","?","R","T","M","?","R","?","M","R","BOSS","M","COS","?","M","?","E"],"items_purchased_type":[],"build_version":"2020-12-22","purchased_purges":0,"victory":false,"max_hp_per_floor":[75,75,75,75,75,75,75,75,75,75,75,75,75,80,80,80,80,80,80,80,80,80,80,80],"card_choices":[{"not_picked":["6A","PropBag"],"picked":"ChargingUp","floor":1},{"not_picked":["ChargeUpSpray","AsteroidBelt"],"picked":"DC","floor":4},{"not_picked":["MysteriousBeam","Acceleration"],"picked":"GalacticHalo","floor":5},{"not_picked":["SporeBomb","DarkSpark"],"picked":"GrandCross","floor":10},{"not_picked":["LuminesStrike","NonDirectionalLaser"],"picked":"PulseMagic","floor":13},{"not_picked":["SuperPerseids","Acceleration"],"picked":"UltimateShortwave","floor":14},{"not_picked":["TreasureHunter","AbsoluteMagnitude"],"picked":"MillisecondPulsars","floor":16},{"not_picked":["SprinkleStarSeal","ShootingEcho"],"picked":"LuminesStrike","floor":18},{"not_picked":["GravityBeat+1","MysteriousBeam+1"],"picked":"AsteroidBelt+1","floor":21},{"not_picked":["PulseMagic","GalacticHalo"],"picked":"RefractionSpark","floor":21}],"player_experience":240466,"relics_obtained":[{"floor":7,"key":"Nunchaku"},{"floor":9,"key":"theSenshi:SuperSailorFukuRelic"},{"floor":11,"key":"Blood Vial"},{"floor":16,"key":"Gensokyo:OccultBall"},{"floor":18,"key":"Gensokyo:OccultBall"}],"event_choices":[],"is_beta":false,"boss_relics":[{"not_picked":["Ectoplasm","RedLine:ReiMu"],"picked":"Sozu"}],"items_purged_floors":[],"is_endless":false,"potions_floor_spawned":[5,10,14],"killed_by":"Gensokyo:Tenshi","ascension_level":0}}