{"host":"jl3raagrljzztomj","time":1610501214,"event":{"mods":["BaseMod","BetterRewards","Colored Map","Colored Powertips","Custom Start","Hermit","Highlight Path","Minty Spire (QoL Compilation)","Permanent Neow","StSLib","SuperFastMode"],"gold_per_floor":[118,44,103,125,150,189,207,207,207,233,256,256,283,243,243,343,343,365,285,285,296,296,296,336,336,336,359,359,359,398,416,416,526,526,545,545,595,615,640,675,675,692,692,722,746,775,797,839,839,849],"floor_reached":51,"language":"ENG","playtime":3506,"items_purged":[],"score":897,"play_id":"90ca0a6a-2c61-486b-8eba-dcdf21dc126a","local_time":"20210112192654","is_ascension_mode":false,"campfire_choices":[{"floor":8,"key":"REST"},{"data":"hermit:Maintenance","floor":12,"key":"SMITH"},{"data":"hermit:CursedWeapon","floor":15,"key":"SMITH"},{"data":"hermit:Dive","floor":23,"key":"SMITH"},{"data":"hermit:TakeAim","floor":25,"key":"SMITH"},{"data":"RitualDagger","floor":29,"key":"SMITH"},{"data":"hermit:Maintenance","floor":32,"key":"SMITH"},{"data":"hermit:HighNoon","floor":41,"key":"SMITH"},{"floor":49,"key":"REST"}],"circlet_count":0,"master_deck":["hermit:Strike_Hermit+1","hermit:Strike_Hermit+1","hermit:Strike_Hermit+1","hermit:Strike_Hermit+1","hermit:Defend_Hermit+1","hermit:Defend_Hermit+1","hermit:Defend_Hermit+1","hermit:Defend_Hermit+1","hermit:Snapshot","hermit:Covet","hermit:CursedWeapon+1","hermit:Scavenge","hermit:Snipe","hermit:Dive+1","hermit:Vantage","hermit:Maintenance+1","hermit:Dissolve","hermit:TakeAim+1","hermit:RoundhouseKick","hermit:ShadowCloak","hermit:WideOpen+1","Parasite","RitualDagger+1","hermit:Maintenance+1","hermit:HighNoon+1","hermit:Dive","hermit:Gambit","hermit:Spite+1","hermit:Scavenge","Injury","hermit:GhostlyPresence","hermit:GhostlyPresence+1"],"relics":["hermit:Momento","hermit:CharredGlove","Incense Burner","WingedGreaves","TungstenRod","Cursed Key","MutagenicStrength","Vajra","Centennial Puzzle","Smiling Mask","Philosopher\u0027s Stone","Bird Faced Urn","MealTicket","Nunchaku","Bottled Flame","InkBottle"],"acts_visited":["Exordium","TheCity","TheBeyond"],"potions_floor_usage":[6,6,13,30,33,33,40,46,48,50,50],"damage_taken":[{"damage":1,"enemies":"Cultist","floor":1,"turns":3},{"damage":8,"enemies":"Jaw Worm","floor":4,"turns":5},{"damage":2,"enemies":"Small Slimes","floor":5,"turns":3},{"damage":19,"enemies":"Lagavulin","floor":6,"turns":6},{"damage":2,"enemies":"Blue Slaver","floor":7,"turns":4},{"damage":7,"enemies":"3 Sentries","floor":10,"turns":9},{"damage":5,"enemies":"Looter","floor":11,"turns":2},{"damage":6,"enemies":"Gremlin Nob","floor":13,"turns":4},{"damage":14,"enemies":"Slime Boss","floor":16,"turns":16},{"damage":18,"enemies":"3 Byrds","floor":18,"turns":9},{"damage":11,"enemies":"Shell Parasite","floor":21,"turns":6},{"damage":0,"enemies":"Gremlin Leader","floor":24,"turns":11},{"damage":0,"enemies":"Snecko","floor":27,"turns":5},{"damage":16,"enemies":"Slavers","floor":30,"turns":9},{"damage":0,"enemies":"Centurion and Healer","floor":31,"turns":2},{"damage":1,"enemies":"Champ","floor":33,"turns":9},{"damage":1,"enemies":"3 Shapes","floor":35,"turns":5},{"damage":1,"enemies":"Mind Bloom Boss Battle","floor":37,"turns":8},{"damage":0,"enemies":"Orb Walker","floor":38,"turns":1},{"damage":14,"enemies":"Jaw Worm Horde","floor":39,"turns":5},{"damage":1,"enemies":"Giant Head","floor":40,"turns":11},{"damage":1,"enemies":"Spire Growth","floor":42,"turns":4},{"damage":12,"enemies":"Reptomancer","floor":44,"turns":10},{"damage":12,"enemies":"Maw","floor":45,"turns":6},{"damage":1,"enemies":"Transient","floor":46,"turns":5},{"damage":11,"enemies":"Writhing Mass","floor":47,"turns":3},{"damage":11,"enemies":"Nemesis","floor":48,"turns":9},{"damage":52,"enemies":"Donu and Deca","floor":50,"turns":11}],"seed_played":"-9057562573086499316","potions_obtained":[{"floor":1,"key":"AttackPotion"},{"floor":4,"key":"hermit:BlackBile"},{"floor":10,"key":"EssenceOfSteel"},{"floor":11,"key":"Ancient Potion"},{"floor":27,"key":"SkillPotion"},{"floor":31,"key":"hermit:Tonic"},{"floor":33,"key":"Regen Potion"},{"floor":35,"key":"DistilledChaos"},{"floor":42,"key":"Swift Potion"},{"floor":46,"key":"hermit:BlackBile"},{"floor":47,"key":"LiquidMemories"}],"is_trial":false,"path_per_floor":["M","$","?","M","M","E","M","R","T","E","M","R","E","$","R","B",null,"M","$","?","M","?","R","E","R","T","M","?","R","E","M","R","B",null,"M","?","?","M","M","E","R","M","T","E","M","M","M","E","R","B",null],"character_chosen":"HERMIT","items_purchased":["hermit:Scavenge","hermit:TakeAim","hermit:ShadowCloak"],"campfire_rested":2,"item_purchase_floors":[2,14,19],"current_hp_per_floor":[67,67,67,59,57,38,36,62,62,55,50,50,44,44,44,30,89,71,71,71,60,60,60,60,60,60,60,55,55,39,39,39,38,89,88,88,87,87,75,80,80,83,83,77,71,74,63,58,84,45],"gold":849,"neow_bonus":"TWENTY_PERCENT_HP_BONUS","is_daily":false,"chose_seed":false,"campfire_upgraded":7,"win_rate":0.0,"timestamp":1610501214,"path_taken":["M","?","?","M","M","E","M","R","T","E","M","R","E","$","R","BOSS","M","$","?","M","?","R","E","R","T","M","?","R","E","M","R","BOSS","M","?","?","M","M","E","R","M","T","E","M","M","M","E","R","BOSS"],"items_purchased_type":["Card","Card","Card"],"build_version":"2020-12-22","purchased_purges":0,"victory":true,"max_hp_per_floor":[89,89,89,89,89,89,89,89,89,89,89,89,89,89,89,89,89,89,89,89,89,89,89,89,89,89,89,89,89,89,89,89,89,89,89,89,89,89,89,89,89,89,89,89,89,89,89,89,89,89],"card_choices":[{"not_picked":["hermit:Virtue","hermit:ItchyTrigger"],"picked":"hermit:CursedWeapon","floor":1},{"not_picked":["hermit:Horror","hermit:DeadMansHand"],"picked":"hermit:Snipe","floor":4},{"not_picked":["hermit:Quickdraw","hermit:SprayPray"],"picked":"hermit:Dive","floor":5},{"not_picked":["hermit:Magnum","hermit:TrackingShot"],"picked":"hermit:Vantage","floor":6},{"not_picked":["hermit:Grudge","hermit:Desperado","hermit:Spite"],"picked":"SKIP","floor":7},{"not_picked":["hermit:Adapt","hermit:HoleUp","hermit:HighCaliber"],"picked":"SKIP","floor":10},{"not_picked":["hermit:Ricochet","hermit:Misfire"],"picked":"hermit:Maintenance","floor":11},{"not_picked":["hermit:LowProfile","hermit:NoHoldsBarred"],"picked":"hermit:Dissolve","floor":13},{"not_picked":["hermit:FatalDesire","hermit:Purgatory"],"picked":"hermit:RoundhouseKick","floor":16},{"not_picked":["hermit:Enervate","hermit:Shortfuse","hermit:Manifest"],"picked":"SKIP","floor":18},{"not_picked":["hermit:Determination","hermit:Misfire"],"picked":"hermit:WideOpen+1","floor":21},{"not_picked":["hermit:Malice","hermit:Gestalt","hermit:LuckOfTheDraw+1"],"picked":"SKIP","floor":24},{"not_picked":["hermit:Horror","hermit:TrackingShot+1","hermit:Purgatory"],"picked":"SKIP","floor":27},{"not_picked":["hermit:Headshot","hermit:Desperado","hermit:TrackingShot"],"picked":"SKIP","floor":30},{"not_picked":["hermit:Brawl","hermit:GoldenBullet+1"],"picked":"hermit:Maintenance","floor":31},{"not_picked":["hermit:EternalForm","hermit:OverwhelmingPower"],"picked":"hermit:HighNoon","floor":33},{"not_picked":["hermit:Headshot","hermit:TrackingShot+1"],"picked":"hermit:Dive","floor":35},{"not_picked":["hermit:WideOpen+1","hermit:TrackingShot"],"picked":"hermit:Gambit","floor":38},{"not_picked":["hermit:FullyLoaded","hermit:Misfire+1"],"picked":"hermit:Spite+1","floor":39},{"not_picked":["hermit:Misfire","hermit:Roulette","hermit:Feint+1"],"picked":"SKIP","floor":40},{"not_picked":["hermit:Headshot","hermit:WideOpen"],"picked":"hermit:Scavenge","floor":42},{"not_picked":["hermit:Desperado","hermit:EyeOfTheStorm","hermit:Quickdraw"],"picked":"SKIP","floor":44},{"not_picked":["hermit:Quickdraw+1","hermit:GoldenBullet+1"],"picked":"hermit:GhostlyPresence","floor":45},{"not_picked":["hermit:Coalescence+1","hermit:HighCaliber","hermit:Gambit"],"picked":"SKIP","floor":46},{"not_picked":["hermit:BigShot","hermit:Misfire"],"picked":"hermit:GhostlyPresence+1","floor":47},{"not_picked":["hermit:CalledShot","hermit:Headshot","hermit:Quickdraw+1"],"picked":"SKIP","floor":48}],"player_experience":908042,"relics_obtained":[{"floor":6,"key":"hermit:CharredGlove"},{"floor":9,"key":"Incense Burner"},{"floor":10,"key":"WingedGreaves"},{"floor":13,"key":"TungstenRod"},{"floor":24,"key":"Vajra"},{"floor":26,"key":"Centennial Puzzle"},{"floor":30,"key":"Smiling Mask"},{"floor":37,"key":"Bird Faced Urn"},{"floor":40,"key":"MealTicket"},{"floor":43,"key":"Nunchaku"},{"floor":44,"key":"Bottled Flame"},{"floor":48,"key":"InkBottle"}],"event_choices":[{"damage_healed":0,"gold_gain":59,"player_choice":"Gained Gold","damage_taken":0,"max_hp_gain":0,"max_hp_loss":0,"event_name":"Golden Wing","floor":3,"gold_loss":0},{"damage_healed":0,"gold_gain":0,"player_choice":"Inject Mutagens","damage_taken":0,"relics_obtained":["MutagenicStrength"],"max_hp_gain":0,"max_hp_loss":0,"event_name":"Drug Dealer","floor":20,"gold_loss":0},{"damage_healed":0,"gold_gain":0,"player_choice":"Simplicity","damage_taken":0,"max_hp_gain":0,"max_hp_loss":0,"event_name":"Back to Basics","floor":22,"gold_loss":0,"cards_upgraded":["hermit:Strike_Hermit","hermit:Strike_Hermit","hermit:Strike_Hermit","hermit:Strike_Hermit","hermit:Defend_Hermit","hermit:Defend_Hermit","hermit:Defend_Hermit","hermit:Defend_Hermit"]},{"damage_healed":0,"gold_gain":0,"player_choice":"Joined the Cult","damage_taken":6,"max_hp_gain":0,"max_hp_loss":0,"event_name":"Nest","floor":28,"gold_loss":0,"cards_obtained":["RitualDagger"]},{"damage_healed":0,"gold_gain":0,"player_choice":"Ignored","damage_taken":0,"max_hp_gain":0,"max_hp_loss":0,"event_name":"Tomb of Lord Red Mask","floor":36,"gold_loss":0},{"damage_healed":0,"gold_gain":0,"player_choice":"Fight","damage_taken":0,"max_hp_gain":0,"max_hp_loss":0,"event_name":"MindBloom","floor":37,"gold_loss":0}],"is_beta":false,"boss_relics":[{"not_picked":["Runic Dome","Snecko Eye"],"picked":"Cursed Key"},{"not_picked":["Sozu","hermit:DentedPlate"],"picked":"Philosopher\u0027s Stone"}],"items_purged_floors":[],"is_endless":false,"potions_floor_spawned":[1,4,10,11,27,31,33,35,42,46,47],"ascension_level":0}}