{"host":"78azdv0oxplymbah","time":1610518888,"event":{"mods":["Arknights The Spire","BaseMod","Decade(王小明)","DeckTracker","Highlight Path","KinomotoSakuraMod(木之本樱)","Minty Spire (QoL Compilation)","MostiFishMod","Quick Restart","Relic Stats","Remove Card Discount Mod","Replay The Spire","RumiaBox-露米娅的神秘盒子","Spicy Shops","StSLib","Td1madao Mod","The Marked","The Servant 0.9.4","【功能Mod】混沌之环修复补丁","【遗物卡牌】REMEMod"],"gold_per_floor":[118,138,138,138,138,138,78,89,101,132,146,175,202,218,238,270,302,314,314,418,418,436,125,136,155,155,155],"floor_reached":26,"language":"ZHS","playtime":1593,"items_purged":["Demon Form","FlawlessForm","MostiFishMod:PerfectStrikeMKII","ats:Flame Of Heaven","ats:Guardian Obelisk","ReplayTheSpireMod:Restless Dread","Languid","Shame","CommonCold","CommonCold"],"score":342,"play_id":"3f0ace7d-70f7-48f5-9c72-790e1c66c6c0","local_time":"20210113142128","daily_mods":["Draft","Vintage","Heirloom","Time Dilation","Flight"],"is_ascension_mode":false,"campfire_choices":[],"circlet_count":0,"master_deck":["Wraith Form v2","Echo Form","DevaForm","ats:Hammer On","ats:Poison Spread","ats:Neurotoxin","ats:Assault Order","ats:Closed Bolt Burst Fire","ats:Spore Proliferation","ats:Childhood Dance","ats:Curse Doll","ats:Poison Spread","ats:Song Of Battle","ats:Magnetic Hammer","ats:Shell Defense","ats:Charging Defense","ats:Assault Order","ats:Poison Spread","ats:Consecutive Shot Auto+1","ats:Calcification","ats:Poison Spread","ats:Sword Rain","ats:Calcification"],"relics":["Unceasing Top","DaveBox","replay:Trail_Library","REME_ComplimentaryCards","MoreBug","Medical Kit","Vajra","AddBug","SecretRecord","SecretRecord","SecretRecord","Baka2","SecretRecord"],"acts_visited":["Exordium","TheCity"],"potions_floor_usage":[17,20],"damage_taken":[{"damage":0,"enemies":"Small Slimes","floor":1,"turns":3},{"damage":11,"enemies":"Jaw Worm","floor":2,"turns":1},{"damage":6,"enemies":"2 Louse","floor":8,"turns":2},{"damage":1,"enemies":"Looter","floor":9,"turns":2},{"damage":10,"enemies":"3 Sentries","floor":10,"turns":4},{"damage":3,"enemies":"Exordium Wildlife","floor":11,"turns":3},{"damage":0,"enemies":"Lagavulin","floor":12,"turns":4},{"damage":0,"enemies":"2 Fungi Beasts","floor":14,"turns":3},{"damage":15,"enemies":"Lots of Slimes","floor":15,"turns":3},{"damage":29,"enemies":"Gremlin Nob","floor":16,"turns":4},{"damage":1,"enemies":"Lagavulin","floor":17,"turns":3},{"damage":0,"enemies":"Looter","floor":18,"turns":2},{"damage":19,"enemies":"Hexaghost","floor":20,"turns":5},{"damage":13,"enemies":"Chosen","floor":22,"turns":4},{"damage":9,"enemies":"Spheric Guardian","floor":24,"turns":3},{"damage":54,"enemies":"Cultist and Chosen","floor":25,"turns":6},{"damage":0,"enemies":"Snake Plant","floor":26,"turns":1}],"seed_played":"6822486366644179542","potions_obtained":[{"floor":1,"key":"Energy Potion"},{"floor":2,"key":"PowerPotion"},{"floor":8,"key":"ats:Top Emergency Sanity Potion"},{"floor":16,"key":"Elixir"},{"floor":20,"key":"Strength Potion"},{"floor":25,"key":"LiquidMemories"}],"is_trial":true,"path_per_floor":["M","M","PTL","PTL","PTL","PTL","$","M","M","E","M","E","T","M","M","E","E","M","R","B",null,"M","$","M","M","M"],"character_chosen":"DOCTOR_CLASS","items_purchased":["ats:Assault Order","Membership Card","Nunchaku","Replay:Mystery Machine"],"campfire_rested":0,"item_purchase_floors":[7,23,23,23],"current_hp_per_floor":[72,61,61,61,61,61,61,55,55,45,42,43,43,43,28,11,12,13,34,23,72,72,72,63,59,59,59],"gold":155,"neow_bonus":"","is_daily":false,"chose_seed":false,"campfire_upgraded":0,"win_rate":0.0,"timestamp":1610518888,"path_taken":["M","M","PTL","PTL","PTL","PTL","$","M","M","E","M","E","T","M","M","E","E","M","R","BOSS","M","$","M","M","M"],"items_purchased_type":["Card","Relic","Relic","Relic"],"build_version":"2020-12-22","purchased_purges":10,"victory":false,"max_hp_per_floor":[72,72,72,72,72,72,72,72,72,72,72,72,72,72,72,72,72,72,72,72,72,72,72,72,72,72,72],"relic_stats":{"counters":[17,53],"Medical Kit":[0],"obtain_stats":[{"MoreBug":0,"Baka2":24,"DaveBox":0,"Vajra":1,"AddBug":1,"SecretRecord":1,"Baka":1,"Medical Kit":0,"Unceasing Top":0,"replay:Trail_Library":0,"REME_ComplimentaryCards":0},{"MoreBug":0,"Baka2":15,"DaveBox":0,"Vajra":1,"AddBug":1,"SecretRecord":1,"Baka":1,"Medical Kit":0,"Unceasing Top":0,"replay:Trail_Library":0,"REME_ComplimentaryCards":0},{"MoreBug":0,"Baka2":46,"DaveBox":0,"Vajra":3,"AddBug":3,"SecretRecord":3,"Baka":3,"Medical Kit":0,"Unceasing Top":0,"replay:Trail_Library":0,"REME_ComplimentaryCards":0}],"Unceasing Top":[2]},"card_choices":[{"not_picked":["ats:Flame Of Heaven","ats:Cat Scratch"],"picked":"ats:Hammer On","floor":0},{"not_picked":["ats:Ignite","ats:LN2 Cannon"],"picked":"ats:Poison Spread","floor":0},{"not_picked":["ats:Hammer On","ats:Encircling Forest"],"picked":"ats:Neurotoxin","floor":0},{"not_picked":["ats:Powerful Strike","ats:Hook Shot"],"picked":"ats:Assault Order","floor":0},{"not_picked":["ats:Hammer On","ats:Explosion Area Strengthen"],"picked":"ats:Closed Bolt Burst Fire","floor":0},{"not_picked":["ats:Shadow Raid","ats:Overload"],"picked":"ats:Spore Proliferation","floor":0},{"not_picked":["ats:Leaping Hammer","ats:Hammer On"],"picked":"ats:Childhood Dance","floor":0},{"not_picked":["ats:Explosion Area Strengthen","ats:Apocalypse"],"picked":"ats:Curse Doll","floor":0},{"not_picked":["ats:Explosion Area Strengthen","ats:Revitalization"],"picked":"ats:Poison Spread","floor":0},{"not_picked":["ats:Rapid Magazine","ats:Encircling Forest"],"picked":"ats:Guardian Obelisk","floor":0},{"not_picked":["ats:Assault Order","ats:Leaping Hammer"],"picked":"ats:Song Of Battle","floor":0},{"not_picked":["ats:Powerful Strike","ats:Demon Strength"],"picked":"ats:Flame Of Heaven","floor":0},{"not_picked":["ats:Leaping Hammer","ats:Childhood Dance"],"picked":"ats:Magnetic Hammer","floor":0},{"not_picked":["ats:Flexible Camouflage","ats:Powerful Strike"],"picked":"ats:Shell Defense","floor":0},{"not_picked":["ats:Shell Defense","ats:Thorns"],"picked":"ats:Charging Defense","floor":0},{"not_picked":["ats:Flexible Camouflage","ats:Steam Pump"],"picked":"ats:Poison Spread","floor":10},{"not_picked":["ats:Hammer On","ats:Very Hot Blade"],"picked":"ats:Consecutive Shot Auto","floor":12},{"not_picked":["ats:Flexible Camouflage","ats:Shell Defense"],"picked":"ats:Calcification","floor":16},{"not_picked":["ats:Powerful Strike","ats:Shell Defense"],"picked":"ats:Poison Spread","floor":17},{"not_picked":["ats:Soul Rend","ats:Wolf Pack"],"picked":"ats:Calcification","floor":20}],"player_experience":9210,"relics_obtained":[{"floor":1,"key":"Vajra"},{"floor":1,"key":"AddBug"},{"floor":1,"key":"Baka"},{"floor":1,"key":"SynthV:TestCard"},{"floor":2,"key":"Replay:Kaleidoscope"},{"floor":2,"key":"Replay:Kaleidoscope"},{"floor":2,"key":"Anchor"},{"floor":8,"key":"DaveBox"},{"floor":8,"key":"SecretRecord"},{"floor":8,"key":"Gremlin Food"},{"floor":9,"key":"Replay:Wax Seal"},{"floor":10,"key":"ats:Originium"},{"floor":10,"key":"Replay:Bandana"},{"floor":11,"key":"Bottled Flame"},{"floor":12,"key":"ats:Originium"},{"floor":12,"key":"REME_HandOfSuture"},{"floor":13,"key":"CeramicFish"},{"floor":14,"key":"Ancient Tea Set"},{"floor":15,"key":"SecretRecord"},{"floor":15,"key":"MagicDraw3"},{"floor":16,"key":"ats:Originium"},{"floor":16,"key":"GodSword1"},{"floor":17,"key":"ats:Originium"},{"floor":17,"key":"PreservedInsect"},{"floor":18,"key":"Replay:Baseball"},{"floor":22,"key":"Omamori"},{"floor":22,"key":"ats:Bonebreaker"},{"floor":24,"key":"Baka2"},{"floor":24,"key":"SecretRecord"},{"floor":24,"key":"Golden Egg"},{"floor":25,"key":"SentryEyes"}],"event_choices":[],"is_beta":false,"boss_relics":[{"not_picked":["BloodWine","HaiYi:Twilight"],"picked":"ats:Omniscience"}],"items_purged_floors":[7,7,7,7,23,23,23,23,23,23],"is_endless":false,"potions_floor_spawned":[1,2,8,15,16,20,25],"killed_by":"Snake Plant","ascension_level":0}}