{"host":"eemx8njkng76fu5x","time":1610536393,"event":{"mods":["2.2 Compatiblity","BaseMod","Downfall","Minty Spire (QoL Compilation)","Permanent Neow","StSLib","Unceasing Turn Reminder","Unknown Chances"],"gold_per_floor":[99,118,118,118,130,55,79,108,208,240,260,277,202,141,155,250,250,250,270,270],"floor_reached":19,"language":"ENG","playtime":737,"items_purged":[],"score":228,"play_id":"6a01ae0e-2eb3-477f-8045-2acae44d1053","local_time":"20210113191313","is_ascension_mode":true,"campfire_choices":[{"floor":1.0,"key":"RECALL"},{"data":"sneckomod:SnekBite","floor":6.0,"key":"SMITH"},{"data":"sneckomod:UnknownVulnerable","floor":13.0,"key":"SMITH"},{"data":"sneckomod:QuickMove","floor":18,"key":"SMITH"}],"circlet_count":0,"master_deck":["sneckomod:TailWhip","sneckomod:SnekBite+1","sneckomod:Unknown","sneckomod:Unknown","sneckomod:RainOfDice","sneckomod:RainOfDice","sneckomod:UnknownExhaust","sneckomod:UnknownClassSLIMEBOUND","sneckomod:RainOfDice","sneckomod:UnknownVulnerable+1","sneckomod:UnknownStrength","sneckomod:QuickMove+1","sneckomod:Mudshield","sneckomod:SoulExchange","sneckomod:MixItUp","sneckomod:UnknownCommonAttack","sneckomod:UnknownRareAttack","sneckomod:UnknownVulnerable","sneckomod:ImprovisedGuard"],"relics":["sneckomod:SneckoSoul","downfall:HeartBlessingRed","hexamod:BolsterEngine","Orichalcum","Regal Pillow","downfall:HeartBlessingGreen","Pandora\u0027s Box"],"acts_visited":["Exordium","TheCity"],"potions_floor_usage":[],"damage_taken":[{"damage":3.0,"enemies":"2 Louse","floor":2.0,"turns":2.0},{"damage":0.0,"enemies":"Small Slimes","floor":5.0,"turns":3.0},{"damage":12.0,"enemies":"Gremlin Nob","floor":8.0,"turns":3.0},{"damage":15.0,"enemies":"3 Sentries","floor":10.0,"turns":6.0},{"damage":1.0,"enemies":"Cultist","floor":11.0,"turns":3.0},{"damage":8.0,"enemies":"2 Fungi Beasts","floor":12.0,"turns":2.0},{"damage":0.0,"enemies":"downfall:FleeingMerchant","floor":14.0,"turns":5.0},{"damage":6.0,"enemies":"Exordium Wildlife","floor":15.0,"turns":2.0},{"damage":21.0,"enemies":"downfall:Ironclad","floor":16.0,"turns":6.0},{"damage":20,"enemies":"3 Byrds","floor":19,"turns":7}],"seed_played":"6398915189618975849","potions_obtained":[{"floor":0.0,"key":"LiquidBronze"},{"floor":0.0,"key":"PowerPotion"},{"floor":0.0,"key":"hexamod:EctoCoolerPotion"},{"floor":2.0,"key":"Block Potion"},{"floor":10.0,"key":"Slimebound:ThreeZeroPotion"},{"floor":12.0,"key":"sneckomod:DiceRollPotion"},{"floor":16.0,"key":"Dexterity Potion"}],"is_trial":false,"path_per_floor":["R","M","?","?","M","R","T","E","?","E","M","M","R","$","M","B",null,"R","M"],"character_chosen":"THE_SNECKO","items_purchased":["sneckomod:QuickMove"],"campfire_rested":0,"item_purchase_floors":[14],"current_hp_per_floor":[81,78,83,83,93,93,93,82,82,68,67,64,64,65,59,38,87,87,67,67],"gold":270,"neow_bonus":"THREE_SMALL_POTIONS","is_daily":false,"chose_seed":false,"campfire_upgraded":3,"win_rate":0.0,"timestamp":1610536393,"path_taken":["R","M","?","?","?","R","T","E","?","E","M","M","R","$","M","BOSS","R","M"],"items_purchased_type":["Card"],"build_version":"2020-12-22","purchased_purges":0,"victory":false,"max_hp_per_floor":[90,90,95,95,95,95,95,96,96,97,97,98,98,99,99,99,102,102,102,102],"card_choices":[{"not_picked":["sneckomod:UnknownUncommonSkill","sneckomod:Unknown1Cost"],"picked":"sneckomod:RainOfDice","floor":2.0},{"not_picked":["sneckomod:SoulRoll","sneckomod:SoulDraw"],"picked":"sneckomod:RainOfDice","floor":5.0},{"not_picked":["sneckomod:DangerNoodle","sneckomod:Unknown1Cost"],"picked":"sneckomod:UnknownExhaust","floor":8.0},{"not_picked":["sneckomod:UnknownClassGUARDIAN","sneckomod:Unknown1Cost"],"picked":"sneckomod:UnknownClassSLIMEBOUND","floor":10.0},{"not_picked":["sneckomod:DiceCrush","sneckomod:UnknownWeak"],"picked":"sneckomod:RainOfDice","floor":11.0},{"not_picked":["sneckomod:PureSnecko","sneckomod:SoulDraw"],"picked":"sneckomod:UnknownVulnerable","floor":12.0},{"not_picked":["sneckomod:UnknownClassGUARDIAN","sneckomod:DangerNoodle"],"picked":"sneckomod:UnknownStrength","floor":14.0},{"not_picked":["sneckomod:SoulRoll","sneckomod:UnknownStrike","sneckomod:IronFang"],"picked":"SKIP","floor":15.0},{"not_picked":["sneckomod:UnknownRarePower","sneckomod:SerpentMind"],"picked":"sneckomod:Mudshield","floor":16.0}],"player_experience":476989,"relics_obtained":[{"floor":7.0,"key":"hexamod:BolsterEngine"},{"floor":8.0,"key":"Orichalcum"},{"floor":10.0,"key":"Regal Pillow"}],"event_choices":[{"damage_healed":0.0,"max_hp_gain":5.0,"max_hp_loss":0.0,"gold_gain":0.0,"event_name":"Big Fish","player_choice":"Donut","floor":3.0,"gold_loss":0.0,"damage_taken":0.0},{"damage_healed":0.0,"max_hp_gain":0.0,"max_hp_loss":0.0,"gold_gain":0.0,"event_name":"Lab","player_choice":"Got Potions","floor":4.0,"gold_loss":0.0,"damage_taken":0.0}],"is_beta":false,"boss_relics":[{"not_picked":["Cursed Key","Velvet Choker"],"picked":"Pandora\u0027s Box"}],"items_purged_floors":[],"is_endless":false,"potions_floor_spawned":[2,10,12,16],"killed_by":"3 Byrds","ascension_level":6}}