{"host":"9jj9tzo2iym4bpat","time":1610548172,"event":{"mods":["Act Like it!","BaseMod","CapriCore","Gensokyo","Luminous","Marisa????????","Minty Spire (QoL Compilation)","Permanent Neow","StSLib","Td1madao Mod","The Animator","The Immortal","The Marked","The Servant 0.9.4"],"gold_per_floor":[117,42,60,9,21,21,35,35,82,82,96,113,113,125,125,225,225,244,13,33,33,33,33],"floor_reached":22,"language":"ENG","playtime":1054,"items_purged":[],"score":178,"play_id":"95e4ebd9-aacb-4e73-a599-dd3c92e90255","local_time":"20210113082932","is_ascension_mode":false,"campfire_choices":[{"data":"Twin Teeth","floor":6,"key":"SMITH"},{"floor":8,"key":"REST"},{"floor":13,"key":"REST"},{"floor":15,"key":"REST"}],"circlet_count":0,"master_deck":["Strike_C+1","Strike_C+1","Strike_C+1","Strike_C+1","Defend_C+1","Defend_C+1","Defend_C+1","Defend_C+1","Knight Kick","Chip","Winding Magic+1","Cooling Song","Provocative","Sudden Beat","Twin Teeth+1","Fire Up","Bugfix","Reinforcement Parts","Oblique Hack","Chip Synthesis","Black Hand","Black Dance","Judgment"],"relics":["Apod","Potion Belt","Oddly Smooth Stone","Philosopher\u0027s Stone","Omamori"],"acts_visited":["Exordium","TheCity"],"potions_floor_usage":[18,22,22],"damage_taken":[{"damage":18,"enemies":"Small Slimes","floor":1,"turns":4},{"damage":0,"enemies":"Cultist","floor":3,"turns":3},{"damage":9,"enemies":"Jaw Worm","floor":5,"turns":2},{"damage":9,"enemies":"Looter","floor":7,"turns":3},{"damage":24,"enemies":"3 Louse","floor":11,"turns":3},{"damage":15,"enemies":"Gremlin Gang","floor":12,"turns":5},{"damage":6,"enemies":"Exordium Thugs","floor":14,"turns":6},{"damage":45,"enemies":"Slime Boss","floor":16,"turns":10},{"damage":29,"enemies":"3 Byrds","floor":18,"turns":6},{"damage":10,"enemies":"Spheric Guardian","floor":20,"turns":5},{"damage":39,"enemies":"Cultist and Chosen","floor":22,"turns":5}],"seed_played":"1262364842546702814","potions_obtained":[{"floor":5,"key":"LiquidBronze"},{"floor":7,"key":"FearPotion"},{"floor":11,"key":"SpeedPotion"},{"floor":14,"key":"SpeedPotion"},{"floor":16,"key":"SteroidPotion"}],"is_trial":false,"path_per_floor":["M","$","M","$","M","R","M","R","T","?","M","M","R","M","R","B",null,"M","$","M","?","M"],"character_chosen":"TD1MADAO_CLASS","items_purchased":["Cooling Song","Sudden Beat","Black Dance","Omamori"],"campfire_rested":3,"item_purchase_floors":[2,4,19,19],"current_hp_per_floor":[52,52,52,52,43,43,34,55,55,55,31,16,37,31,52,7,70,41,41,31,31,0,0],"gold":33,"neow_bonus":"RANDOM_COMMON_RELIC","is_daily":false,"chose_seed":false,"campfire_upgraded":1,"win_rate":0.0,"timestamp":1610548172,"path_taken":["M","$","M","$","M","R","M","R","T","?","?","M","R","M","R","BOSS","M","$","M","?","M"],"items_purchased_type":["Card","Card","Card","Relic"],"build_version":"2020-12-22","purchased_purges":0,"victory":false,"max_hp_per_floor":[70,70,70,70,70,70,70,70,70,70,70,70,70,70,70,70,70,70,70,70,70,70,70],"card_choices":[{"not_picked":["Fixing","Afterwards"],"picked":"Winding Magic","floor":1},{"not_picked":["Energy Supply","Machining"],"picked":"Provocative","floor":3},{"not_picked":["Awareness","Weapon Shift"],"picked":"Twin Teeth","floor":5},{"not_picked":["Light Attack","Rupture"],"picked":"Fire Up","floor":7},{"not_picked":["Preloading","Rupture"],"picked":"Bugfix","floor":11},{"not_picked":["Lunge","Preloading"],"picked":"Reinforcement Parts","floor":12},{"not_picked":["Recovery Mechanism","Optimization"],"picked":"Oblique Hack","floor":14},{"not_picked":["Data Freezing","Bursts"],"picked":"Chip Synthesis","floor":16},{"not_picked":["Fire Up","Preloading"],"picked":"Black Hand","floor":18},{"not_picked":["Provocative","Sub Weapons+1"],"picked":"Judgment","floor":20}],"player_experience":229936,"relics_obtained":[{"floor":9,"key":"Oddly Smooth Stone"}],"event_choices":[{"damage_healed":0,"gold_gain":0,"player_choice":"Upgraded","damage_taken":0,"max_hp_gain":0,"max_hp_loss":0,"event_name":"Upgrade Shrine","floor":10,"gold_loss":0,"cards_upgraded":["Winding Magic"]},{"damage_healed":0,"gold_gain":0,"player_choice":"Simplicity","damage_taken":0,"max_hp_gain":0,"max_hp_loss":0,"event_name":"Back to Basics","floor":21,"gold_loss":0,"cards_upgraded":[]}],"is_beta":false,"boss_relics":[{"not_picked":["Snecko Eye","Black Star"],"picked":"Philosopher\u0027s Stone"}],"items_purged_floors":[],"is_endless":false,"potions_floor_spawned":[5,7,11,14,16],"killed_by":"Cultist and Chosen","ascension_level":0}}