{"host":"pf47v7h0307523iy","time":1610549724,"event":{"mods":["BaseMod","Minty Spire (QoL Compilation)"],"gold_per_floor":[17,17,92,117,117,117,130,130,130,130,29,52,75,113,113,209,209,224,247,287,287,302,302,325,325,325],"floor_reached":25,"language":"ENG","playtime":3703,"items_purged":["Strike_G"],"score":456,"play_id":"819e07d2-373a-40b2-a372-e6a684c04da6","local_time":"20210113165524","is_ascension_mode":true,"campfire_choices":[{"data":"Well Laid Plans","floor":6,"key":"SMITH"},{"data":"Neutralize","floor":8,"key":"SMITH"},{"data":"Sucker Punch","floor":10,"key":"SMITH"},{"data":"Bane","floor":15,"key":"SMITH"},{"data":"Crippling Poison","floor":23,"key":"SMITH"}],"circlet_count":0,"master_deck":["AscendersBane","Strike_G","Strike_G","Strike_G","Defend_G","Defend_G","Defend_G","Defend_G","Defend_G","Survivor","Neutralize+1","Corpse Explosion","PiercingWail","Well Laid Plans+1","Sucker Punch+1","Backflip","Dash","Bane+1","Bullet Time","Malaise","Leg Sweep","PiercingWail","Crippling Poison+1","Burst","Backflip+1"],"relics":["Ring of the Snake","Golden Idol","Meat on the Bone","Tough Bandages","Black Star","Red Mask"],"acts_visited":["Exordium","TheCity"],"potions_floor_usage":[12,20,24],"damage_taken":[{"damage":0,"enemies":"2 Louse","floor":1,"turns":2},{"damage":4,"enemies":"Small Slimes","floor":4,"turns":5},{"damage":5,"enemies":"Jaw Worm","floor":7,"turns":10},{"damage":13,"enemies":"Exordium Thugs","floor":12,"turns":4},{"damage":8,"enemies":"Exordium Wildlife","floor":13,"turns":4},{"damage":23,"enemies":"Lagavulin","floor":14,"turns":9},{"damage":9,"enemies":"The Guardian","floor":16,"turns":14},{"damage":24,"enemies":"Spheric Guardian","floor":18,"turns":10},{"damage":14,"enemies":"Shell Parasite","floor":19,"turns":7},{"damage":60,"enemies":"Masked Bandits","floor":20,"turns":5},{"damage":3,"enemies":"Snecko","floor":22,"turns":10},{"damage":14,"enemies":"Centurion and Healer","floor":24,"turns":10},{"damage":28,"enemies":"Book of Stabbing","floor":25,"turns":8}],"seed_played":"-2685426331795229270","potions_obtained":[{"floor":1,"key":"Poison Potion"},{"floor":4,"key":"FairyPotion"},{"floor":16,"key":"Weak Potion"},{"floor":20,"key":"Block Potion"}],"is_trial":false,"path_per_floor":["M","?","?","M","?","R","M","R","T","R","$","M","M","E","R","B",null,"M","M","?","?","M","R","M","E"],"character_chosen":"THE_SILENT","items_purchased":["Backflip"],"campfire_rested":0,"item_purchase_floors":[11],"current_hp_per_floor":[59,59,48,44,44,44,39,39,39,39,39,38,42,31,31,34,54,42,40,20,20,29,29,27,0,0],"gold":325,"neow_bonus":"THREE_RARE_CARDS","is_daily":false,"chose_seed":false,"campfire_upgraded":5,"win_rate":0.0,"timestamp":1610549724,"path_taken":["M","?","?","M","?","R","?","R","T","R","?","M","M","E","R","BOSS","M","M","?","?","M","R","M","E"],"items_purchased_type":["Card"],"build_version":"2020-12-22","purchased_purges":1,"victory":false,"max_hp_per_floor":[66,60,60,60,60,60,60,60,60,60,60,60,60,60,60,60,60,60,60,60,60,60,60,60,60,60],"card_choices":[{"not_picked":["Malaise","Doppelganger"],"picked":"Corpse Explosion","floor":0},{"not_picked":["Predator","Slice"],"picked":"PiercingWail","floor":1},{"not_picked":["Dodge and Roll","Tactician"],"picked":"Well Laid Plans","floor":4},{"not_picked":["Terror","Riddle With Holes"],"picked":"Sucker Punch","floor":7},{"not_picked":["Flechettes","Deflect"],"picked":"Dash","floor":12},{"not_picked":["Bane","Cloak And Dagger","Dodge and Roll"],"picked":"SKIP","floor":13},{"not_picked":["Cloak And Dagger","Dodge and Roll"],"picked":"Bane","floor":13},{"not_picked":["Blade Dance","Dagger Spray"],"picked":"Bullet Time","floor":14},{"not_picked":["Phantasmal Killer","Corpse Explosion"],"picked":"Malaise","floor":16},{"not_picked":["Sucker Punch","Choke"],"picked":"Leg Sweep","floor":18},{"not_picked":["Prepared","Blade Dance"],"picked":"PiercingWail","floor":19},{"not_picked":["Blade Dance","Bouncing Flask"],"picked":"Crippling Poison","floor":20},{"not_picked":["Cloak And Dagger","Slice"],"picked":"Backflip+1","floor":22},{"not_picked":["Underhanded Strike","Eviscerate+1","Cloak And Dagger"],"picked":"SKIP","floor":24}],"player_experience":1629042,"relics_obtained":[{"floor":9,"key":"Meat on the Bone"},{"floor":14,"key":"Tough Bandages"},{"floor":20,"key":"Red Mask"}],"event_choices":[{"damage_healed":0,"gold_gain":0,"player_choice":"Lose Max HP","damage_taken":0,"relics_obtained":["Golden Idol"],"max_hp_gain":0,"max_hp_loss":6,"event_name":"Golden Idol","floor":2,"gold_loss":0},{"damage_healed":0,"gold_gain":75,"player_choice":"Gather Gold","damage_taken":11,"max_hp_gain":0,"max_hp_loss":0,"event_name":"World of Goop","floor":3,"gold_loss":0},{"damage_healed":0,"gold_gain":0,"player_choice":"Ignored","damage_taken":0,"max_hp_gain":0,"max_hp_loss":0,"event_name":"Liars Game","floor":5,"gold_loss":0},{"damage_healed":0,"gold_gain":0,"player_choice":"Fought Bandits","damage_taken":0,"max_hp_gain":0,"max_hp_loss":0,"event_name":"Masked Bandits","floor":20,"gold_loss":0},{"damage_healed":0,"gold_gain":0,"cards_transformed":["Strike_G"],"player_choice":"Transformed","damage_taken":0,"max_hp_gain":0,"max_hp_loss":0,"event_name":"Transmorgrifier","floor":21,"gold_loss":0,"cards_obtained":["Burst"]}],"is_beta":false,"boss_relics":[{"not_picked":["Runic Dome","Fusion Hammer"],"picked":"Black Star"}],"items_purged_floors":[11],"is_endless":false,"potions_floor_spawned":[1,4,7,16,19,20],"killed_by":"Book of Stabbing","ascension_level":20}}