{"host":"mai03x2ekbjy4059","time":1610525630,"event":{"mods":["2.2 Compatiblity","BaseMod","DeckTracker","Highlight Path","Keyboard Shortcuts","Minty Spire (QoL Compilation)","Permanent Neow","Quick Restart","SuperFastMode","everything is the same but u backflip on backflip"],"gold_per_floor":[118,135,135,147,162,197,48,48,48],"floor_reached":8,"language":"KOR","playtime":252,"items_purged":["Strike_P"],"score":104,"play_id":"1f2f1e43-cedc-4e57-a908-0a9b7e6e2b09","local_time":"20210113171350","is_ascension_mode":true,"campfire_choices":[],"circlet_count":0,"master_deck":["AscendersBane","Strike_P","Strike_P","Strike_P","Defend_P","Defend_P","Defend_P","Defend_P","Eruption","Vigilance","Brilliance","Prostrate","Adaptation"],"relics":["PureWater","Blue Candle","Juzu Bracelet"],"acts_visited":["Exordium"],"potions_floor_usage":[],"damage_taken":[{"damage":7.0,"enemies":"Jaw Worm","floor":1.0,"turns":3.0},{"damage":0.0,"enemies":"Cultist","floor":2.0,"turns":3.0},{"damage":0.0,"enemies":"Small Slimes","floor":4.0,"turns":3.0},{"damage":7.0,"enemies":"Exordium Wildlife","floor":5.0,"turns":3.0},{"damage":10.0,"enemies":"3 Sentries","floor":6.0,"turns":6.0},{"damage":32,"enemies":"Gremlin Nob","floor":8,"turns":5}],"seed_played":"3085135007016912749","potions_obtained":[{"floor":2.0,"key":"EntropicBrew"},{"floor":5.0,"key":"AttackPotion"}],"is_trial":false,"path_per_floor":["M","M","?","M","M","E","$","E"],"character_chosen":"WATCHER","items_purchased":["Adaptation"],"campfire_rested":0,"item_purchase_floors":[7],"current_hp_per_floor":[54,54,54,54,47,37,37,5,5],"gold":48,"neow_bonus":"ONE_RANDOM_RARE_CARD","is_daily":false,"chose_seed":false,"campfire_upgraded":0,"win_rate":0.0,"timestamp":1610525630,"path_taken":["M","M","?","M","M","E","$","E"],"items_purchased_type":["Card"],"build_version":"2020-12-22","purchased_purges":1,"victory":false,"max_hp_per_floor":[68,68,68,68,68,68,68,68,68],"card_choices":[{"not_picked":["CutThroughFate","FlyingSleeves","Consecrate"],"picked":"SKIP","floor":1.0},{"not_picked":["ThirdEye","EmptyFist","FlurryOfBlows"],"picked":"SKIP","floor":2.0},{"not_picked":["Fasting2","EmptyBody","Perseverance"],"picked":"SKIP","floor":4.0},{"not_picked":["JustLucky","CarveReality","ConjureBlade"],"picked":"SKIP","floor":5.0},{"not_picked":["SashWhip","PathToVictory"],"picked":"Prostrate","floor":6.0}],"player_experience":1082700,"relics_obtained":[{"floor":6.0,"key":"Juzu Bracelet"}],"event_choices":[{"damage_healed":0.0,"max_hp_gain":0.0,"max_hp_loss":0.0,"gold_gain":0.0,"event_name":"WeMeetAgain","player_choice":"Gave Potion","floor":3.0,"gold_loss":0.0,"damage_taken":0.0,"relics_obtained":["Blue Candle"]}],"is_beta":false,"boss_relics":[],"items_purged_floors":[7],"is_endless":false,"potions_floor_spawned":[2,5],"killed_by":"Gremlin Nob","ascension_level":16}}