{"host":"22s5scuj7mu87reg","time":1610570099,"event":{"mods":["BaseMod","Colored Powertips","Dota2Spire","Downfall","Duelist Mod","GungeonMod","Halation","Hubris","Koishi","KomeijiMod","Minty Spire (QoL Compilation)","Replay The Spire","StSLib","SuperFastMode","The Jungle","The Mystic","The Necromancer","Wandering Minibosses"],"gold_per_floor":[116,127,127,198,223,223,243,23,49,49,123,23,39,39,39,163,163,177,97,22,22,28,71,71,114,162,162,181,181,28,28,28,156,156,176,176,192,192,217,217,2,2,29,29,72,95,110,9,9,9],"floor_reached":51,"language":"POL","playtime":2840,"items_purged":["Strike_G","Strike_G","Strike_G","Defend_G"],"score":726,"play_id":"dbe779d7-57cc-4270-87ec-14ce6f74aca4","local_time":"20210113213459","is_ascension_mode":false,"campfire_choices":[{"floor":6,"key":"REST"},{"floor":24,"key":"REST"},{"floor":27,"key":"REST"},{"data":"Replay:SS_hec_2","floor":29,"key":"SMITH"},{"floor":32,"key":"REST"},{"data":"Catalyst","floor":40,"key":"SMITH"},{"floor":42,"key":"REST"},{"floor":49,"key":"REST"}],"circlet_count":0,"master_deck":["Strike_G","Defend_G","Survivor","Neutralize","Catalyst+1","Bouncing Flask","Acrobatics","Dodge and Roll","Deadly Poison","Bane","Replay:SS_hec_2+1","Heel Hook","Reflex","ReplayTheSpireMod:Necrosis","CurseOfTheBell","Heel Hook+1","Noxious Fumes","Deadly Poison","Footwork","Bouncing Flask+1","Atom Bomb","Deadly Poison+1","Deadly Poison","Outmaneuver","Mayhem","Noxious Fumes","Noxious Fumes+1","Parasite"],"relics":["Ring of the Serpent","Replay:Mystery Machine","Golden Idol","halation:PrussianBluePaint","Dota2Spire:UrnOfShadows","Potion Belt","Calling Bell","Dota2Spire:ShadowBlade","halation:BottledLove","hubris:64BitClover","Bag of Marbles","Paper Crane","halation:KoshaPiece","Replay:Baseball","hubris:Towel","Smiling Mask","Anchor","Bottled Tornado"],"acts_visited":["Exordium","TheCity","TheBeyond"],"potions_floor_usage":[23,25,25,33,33,33,45,50],"damage_taken":[{"damage":2,"enemies":"2 Louse","floor":1,"turns":2},{"damage":11,"enemies":"Jaw Worm","floor":2,"turns":6},{"damage":0,"enemies":"Cultist","floor":5,"turns":3},{"damage":0,"enemies":"Red Slaver","floor":7,"turns":5},{"damage":0,"enemies":"Lagavulin Event","floor":11,"turns":7},{"damage":6,"enemies":"3 Louse","floor":13,"turns":5},{"damage":36,"enemies":"Fading Forest","floor":16,"turns":11},{"damage":1,"enemies":"Chosen","floor":18,"turns":6},{"damage":14,"enemies":"2 Thieves","floor":22,"turns":5},{"damage":38,"enemies":"Gremlin Leader","floor":23,"turns":7},{"damage":36,"enemies":"Book of Stabbing","floor":25,"turns":7},{"damage":21,"enemies":"Centurion and Healer","floor":28,"turns":7},{"damage":17,"enemies":"Collector","floor":33,"turns":8},{"damage":7,"enemies":"Orb Walker","floor":35,"turns":5},{"damage":11,"enemies":"3 Shapes","floor":37,"turns":6},{"damage":30,"enemies":"Jaw Worm Horde","floor":39,"turns":6},{"damage":13,"enemies":"Giant Head","floor":45,"turns":9},{"damage":10,"enemies":"Sphere and 2 Shapes","floor":46,"turns":5},{"damage":8,"enemies":"Writhing Mass","floor":47,"turns":5},{"damage":39,"enemies":"Donu and Deca","floor":50,"turns":8}],"seed_played":"4042597416563584083","potions_obtained":[{"floor":1,"key":"Guardian:BlockOnCardUsePotion"},{"floor":4,"key":"Dota2Spire:Clarity"},{"floor":5,"key":"hexamod:EctoCoolerPotion"},{"floor":11,"key":"BlessingOfTheForge"},{"floor":23,"key":"Dota2Spire:HealingSalve"},{"floor":25,"key":"Explosive Potion"},{"floor":39,"key":"PowerPotion"},{"floor":45,"key":"sneckomod:MuddlingPotion"}],"is_trial":false,"path_per_floor":["M","M","?","?","M","R","M","$","T","$","?","$","M","?","R","B",null,"M","$","?","?","M","E","R","E","T","R","M","R","$","?","R","B",null,"M","?","M","?","M","R","$","R","T","?","E","M","M","$","R","B",null],"character_chosen":"THE_SILENT","items_purchased":["Bane","Replay:SS_hec_2","Noxious Fumes","Replay:Baseball","Mayhem","SteroidPotion"],"campfire_rested":6,"item_purchase_floors":[8,8,19,30,41,48],"current_hp_per_floor":[68,57,40,12,12,33,33,33,33,33,39,39,33,33,33,9,70,69,69,69,69,55,17,38,23,23,44,23,23,23,23,44,33,70,63,63,58,58,34,34,34,55,55,70,57,47,45,45,66,36],"gold":9,"neow_bonus":"RANDOM_COMMON_RELIC","is_daily":false,"chose_seed":false,"campfire_upgraded":2,"win_rate":0.0,"timestamp":1610570099,"path_taken":["M","M","?","?","?","R","M","$","T","?","?","$","M","?","R","BOSS","M","?","?","?","M","E","R","E","T","R","M","R","$","?","R","BOSS","M","?","M","?","M","R","$","R","T","?","E","?","M","$","R","BOSS"],"items_purchased_type":["Card","Card","Card","Relic","Card","Potion"],"build_version":"2020-12-13","purchased_purges":4,"victory":true,"max_hp_per_floor":[70,70,70,70,70,70,70,70,70,70,70,70,70,70,70,70,70,70,70,70,70,70,70,70,70,70,70,70,70,70,70,70,70,70,70,70,70,70,70,70,70,70,70,70,70,70,70,70,70,70],"card_choices":[{"not_picked":["Flechettes","Quick Slash"],"picked":"Catalyst","floor":1},{"not_picked":["hubris:TrickCloak","Underhanded Strike"],"picked":"Bouncing Flask","floor":2},{"not_picked":["ReplayTheSpireMod:Exploit Weakness","Terror"],"picked":"Acrobatics","floor":4},{"not_picked":["Blade Dance","Leg Sweep"],"picked":"Dodge and Roll","floor":4},{"not_picked":["Reflex","Deflect","Dodge and Roll"],"picked":"SKIP","floor":5},{"not_picked":["Deflect","Flechettes"],"picked":"Deadly Poison","floor":7},{"not_picked":["Deflect","Eviscerate"],"picked":"Heel Hook","floor":13},{"not_picked":["Phantasmal Killer","Bullet Time"],"picked":"ReplayTheSpireMod:Necrosis","floor":16},{"not_picked":["Crippling Poison","Leg Sweep"],"picked":"Heel Hook+1","floor":18},{"not_picked":["PiercingWail","Blade Dance","Cloak And Dagger"],"picked":"SKIP","floor":22},{"not_picked":["Prepared","Dash+1"],"picked":"Deadly Poison","floor":23},{"not_picked":["Underhanded Strike","Backflip"],"picked":"Footwork","floor":25},{"not_picked":["Bane+1","Cloak And Dagger"],"picked":"Bouncing Flask+1","floor":28},{"not_picked":["Unload","Venomology"],"picked":"Atom Bomb","floor":33},{"not_picked":["Blade Dance","Flying Knee"],"picked":"Deadly Poison+1","floor":35},{"not_picked":["Accuracy+1","hubris:SlightOfHand+1"],"picked":"Deadly Poison","floor":37},{"not_picked":["Flying Knee+1","Blade Dance"],"picked":"Outmaneuver","floor":39},{"not_picked":["Deadly Poison","Masterful Stab"],"picked":"Noxious Fumes","floor":45},{"not_picked":["Bouncing Flask","Leg Sweep+1"],"picked":"Noxious Fumes+1","floor":46},{"not_picked":["Poisoned Stab+1","Caltrops","hubris:SlightOfHand"],"picked":"SKIP","floor":47}],"player_experience":101787,"relics_obtained":[{"floor":4,"key":"halation:PrussianBluePaint"},{"floor":9,"key":"Dota2Spire:UrnOfShadows"},{"floor":11,"key":"Potion Belt"},{"floor":17,"key":"Dota2Spire:ShadowBlade"},{"floor":17,"key":"halation:BottledLove"},{"floor":17,"key":"hubris:64BitClover"},{"floor":23,"key":"Bag of Marbles"},{"floor":25,"key":"Paper Crane"},{"floor":26,"key":"halation:KoshaPiece"},{"floor":39,"key":"Smiling Mask"},{"floor":43,"key":"Anchor"},{"floor":45,"key":"Bottled Tornado"}],"event_choices":[{"damage_healed":0,"gold_gain":0,"player_choice":"Take Damage","damage_taken":17,"relics_obtained":["Golden Idol"],"max_hp_gain":0,"max_hp_loss":0,"event_name":"Golden Idol","floor":3,"gold_loss":0},{"damage_healed":0,"gold_gain":0,"player_choice":"Searched \u00271\u0027 times","damage_taken":0,"max_hp_gain":0,"max_hp_loss":0,"event_name":"Dead Adventurer","floor":11,"gold_loss":0},{"damage_healed":0,"gold_gain":0,"cards_transformed":["Strike_G"],"player_choice":"Transformed","damage_taken":0,"max_hp_gain":0,"max_hp_loss":0,"event_name":"Transmorgrifier","floor":14,"gold_loss":0,"cards_obtained":["Reflex"]},{"cards_removed":["Defend_G"],"damage_healed":0,"gold_gain":0,"player_choice":"Gave Gold","damage_taken":0,"max_hp_gain":0,"max_hp_loss":0,"event_name":"Beggar","floor":20,"gold_loss":75},{"cards_removed":["Defend_G"],"damage_healed":0,"gold_gain":0,"player_choice":"Removed Skill","damage_taken":0,"max_hp_gain":0,"max_hp_loss":0,"event_name":"Falling","floor":36,"gold_loss":0},{"cards_removed":["Eviscerate"],"damage_healed":15,"gold_gain":0,"player_choice":"Offered Uncommon","damage_taken":0,"max_hp_gain":0,"max_hp_loss":0,"event_name":"Bonfire Elementals","floor":44,"gold_loss":0}],"is_beta":false,"boss_relics":[{"not_picked":["halation:Risk","halation:ForbiddenBikini"],"picked":"Calling Bell"},{"not_picked":["Snecko Scales","hubris:HollowSoul"],"picked":"Ring of the Serpent"}],"items_purged_floors":[8,12,41,48],"is_endless":false,"potions_floor_spawned":[1,5,7,11,23,25,39,45],"ascension_level":0}}