{"host":"y3iy5gb13b300rns","time":1610505608,"event":{"mods":["BaseMod","Bestiary","Curses Come First","Minty Spire (QoL Compilation)","Replay The Spire","StSLib","The Runesmith"],"gold_per_floor":[118,51,2,77,186,211,211,221,293,307,332,332,412,412,412,543,543,568,518,543,1,14,14,14],"floor_reached":23,"language":"ENG","playtime":980,"items_purged":[],"score":258,"play_id":"3523a570-9a47-421c-b060-39d6df1f93bf","local_time":"20210112204008","is_ascension_mode":true,"campfire_choices":[{"floor":7,"key":"REST"},{"floor":12,"key":"REST"},{"floor":15,"key":"REST"}],"circlet_count":0,"master_deck":["Strike_P","Strike_P","Strike_P","Strike_P","Defend_P","Defend_P","Defend_P","Defend_P","Eruption","Vigilance","FearNoEvil","BattleHymn","Replay:ManipulateFuture","MentalFortress","PathToVictory","PathToVictory","EmptyBody","PathToVictory","Devotion","Injury","ConjureBlade","PathToVictory+1","Evaluate","ReachHeaven","Replay:Hum"],"relics":["PureWater","NeowsBlessing","ReplayFunnel","Meat on the Bone","Happy Flower","Kunai","Golden Idol","Sozu","TungstenRod","Toolbox"],"acts_visited":["Exordium","TheCity"],"potions_floor_usage":[11,16,16,18],"damage_taken":[{"damage":0,"enemies":"Cultist","floor":1,"turns":1},{"damage":0,"enemies":"Lagavulin","floor":6,"turns":1},{"damage":0,"enemies":"Jaw Worm","floor":8,"turns":1},{"damage":0,"enemies":"Small Slimes","floor":10,"turns":2},{"damage":35,"enemies":"3 Sentries","floor":11,"turns":7},{"damage":31,"enemies":"The Guardian","floor":16,"turns":7},{"damage":50,"enemies":"2 Thieves","floor":18,"turns":5},{"damage":12,"enemies":"Shell Parasite","floor":20,"turns":3},{"damage":25,"enemies":"Sentry and Sphere","floor":22,"turns":6},{"damage":22,"enemies":"Gremlin Leader","floor":23,"turns":3}],"seed_played":"-7297115491893785044","potions_obtained":[{"floor":6,"key":"FearPotion"},{"floor":8,"key":"Venom Potion"},{"floor":16,"key":"Milkshake"}],"is_trial":false,"path_per_floor":["M","$","$","?","?","E","R","M","T","M","E","R","T","?","R","B",null,"M","?","M","$","M","E"],"character_chosen":"WATCHER","items_purchased":["BattleHymn","AttackPotion","TungstenRod","Toolbox","ReachHeaven"],"campfire_rested":3,"item_purchase_floors":[2,3,21,21,21],"current_hp_per_floor":[72,72,72,61,33,33,54,54,54,54,31,52,52,52,72,41,72,34,34,34,34,21,0,0],"gold":14,"neow_bonus":"THREE_ENEMY_KILL","is_daily":false,"chose_seed":false,"campfire_upgraded":0,"win_rate":0.0,"timestamp":1610505608,"path_taken":["M","?","$","?","?","E","R","M","T","?","E","R","?","?","R","BOSS","M","?","M","?","M","E"],"items_purchased_type":["Card","Potion","Relic","Relic","Card"],"build_version":"2020-12-22","purchased_purges":0,"victory":false,"max_hp_per_floor":[72,72,72,72,72,72,72,72,72,72,72,72,72,72,72,72,72,72,72,72,72,72,72,72],"card_choices":[{"not_picked":["JustLucky","Swivel"],"picked":"FearNoEvil","floor":1},{"not_picked":["SashWhip","Crescendo"],"picked":"Replay:ManipulateFuture","floor":5},{"not_picked":["CrushJoints","Replay:BluntJabs"],"picked":"MentalFortress","floor":5},{"not_picked":["TalkToTheHand","Replay:ManipulateFuture"],"picked":"PathToVictory","floor":5},{"not_picked":["Replay:Vibes","CrushJoints"],"picked":"PathToVictory","floor":6},{"not_picked":["Replay:AtTheReady","FlyingSleeves"],"picked":"EmptyBody","floor":8},{"not_picked":["Wallop","FlurryOfBlows"],"picked":"PathToVictory","floor":10},{"not_picked":["Replay:BluntJabs","Protect"],"picked":"Devotion","floor":11},{"not_picked":["Establishment","DeusExMachina"],"picked":"ConjureBlade","floor":16},{"not_picked":["SashWhip","InnerPeace"],"picked":"PathToVictory+1","floor":18},{"not_picked":["BowlingBash+1","CrushJoints"],"picked":"Evaluate","floor":20},{"not_picked":["Indignation","CrushJoints"],"picked":"Replay:Hum","floor":22}],"player_experience":425688,"relics_obtained":[{"floor":6,"key":"ReplayFunnel"},{"floor":9,"key":"Meat on the Bone"},{"floor":11,"key":"Happy Flower"},{"floor":13,"key":"Kunai"}],"event_choices":[{"damage_healed":0,"gold_gain":75,"player_choice":"Gather Gold","damage_taken":11,"max_hp_gain":0,"max_hp_loss":0,"event_name":"World of Goop","floor":4,"gold_loss":0},{"damage_healed":0,"gold_gain":0,"player_choice":"Take Wound","damage_taken":0,"relics_obtained":["Golden Idol"],"max_hp_gain":0,"max_hp_loss":0,"event_name":"Golden Idol","floor":14,"gold_loss":0,"cards_obtained":["Injury"]},{"damage_healed":0,"gold_gain":0,"player_choice":"Bet on Murderer","damage_taken":0,"max_hp_gain":0,"max_hp_loss":0,"event_name":"The Joust","floor":19,"gold_loss":50}],"is_beta":false,"boss_relics":[{"not_picked":["Replay:Bronze Core","Replay:Wanted Poster"],"picked":"Sozu"}],"items_purged_floors":[],"is_endless":false,"potions_floor_spawned":[6,8,16,18,20,22],"killed_by":"Gremlin Leader","ascension_level":1}}