{"host":"lxihx0b6awoz2w1j","time":1610555178,"event":{"mods":["Aspiration","BaseMod","Better Third Choice","CapriCore","Colored Powertips","Downfall","Hermit","Hubris","Infinite Spire","JesterMod","Luminous","Marisa????????","Melee Mod","Minty Spire (QoL Compilation)","Prisma Mod","Quick Restart","Relic Stats","Replay The Spire","Shade Mod","Spicy Shops","StSLib","The Alterego","The Blue Laboratory","The Cursed","The Disciple","The Forsaken","The Immortal","The Jungle","The Marked","The Runesmith","The Senshi","The Servant 0.9.4","Waifu the Spire"],"gold_per_floor":[110,128,145,145,165,165,198,198,198,223,188,188,208,33,33,130,130,130,130,130,130,130,130,130,130,130,130,53,53,53,53,53,53,53,53,53,53,0,0,0,0,0,0,0,0,0,0,0,0,0,0,0,0],"floor_reached":52,"language":"ENG","playtime":4020,"items_purged":[],"score":769,"play_id":"e195a923-7f99-4e62-bbe4-7fa93ea9d85f","local_time":"20210113172618","is_ascension_mode":false,"campfire_choices":[{"data":"Accuracy","floor":6.0,"key":"SMITH"},{"floor":8.0,"key":"REST"},{"data":"Neutralize","floor":12.0,"key":"SMITH"},{"data":"Infinite Blades","floor":23.0,"key":"SMITH"},{"data":"Replay:Bootleg Shield Generator","floor":25.0,"key":"SMITH"},{"data":"Neutralize","floor":29,"key":"SMITH"},{"floor":32,"key":"REST"},{"data":"Atom Bomb","floor":42,"key":"SMITH"},{"floor":49,"key":"REST"}],"circlet_count":0,"master_deck":["Strike_G","Strike_G","Strike_G","Strike_G","Defend_G","Defend_G","Defend_G","Defend_G","Defend_G","Survivor","Neutralize+1","Footwork+1","Infinite Blades+1","Flying Knee","Accuracy+1","Accuracy+1","Dodge and Roll","Glass Knife","Heel Hook+1","Phantasmal Killer+1","Tools of the Trade+1","Backstab","infinitespire:Collect","Escape Plan+1","Dodge and Roll+1","Cloak And Dagger","Neutralize+1","Replay:Bootleg Shield Generator+1","Toxin Wave","PiercingWail","ReplayTheSpireMod:Tripwire","Backflip+1","Adrenaline","Blade Dance","Crippling Poison+1","Footwork+1","Atom Bomb+1","Finisher","Underhanded Strike","Well Laid Plans","Flying Knee+1","Poison Darts"],"relics":["Ring of the Snake","Regal Pillow","Pen Nib","Oddly Smooth Stone","Juzu Bracelet","infinitespire:Lucky Rock","Replay:Grab Bag","Ectoplasm","Painkiller Herb","Astrolabe","Mango","Art of War","StrikeDummy","Replay:Baseball","aspiration:PoetsPen_weak","Red Mask","aspiration:SeaSaltIceCream","aspiration:Nostalgia","champ:ChampionCrown","aspiration:SneckoTail","hubris:SlimyHat","hubris:VirtuousBlindfold"],"acts_visited":["Exordium","TheCity","TheBeyond","Exordium"],"potions_floor_usage":[47,47,50],"damage_taken":[{"damage":1.0,"enemies":"2 Louse","floor":1.0,"turns":3.0},{"damage":3.0,"enemies":"Jaw Worm","floor":2.0,"turns":5.0},{"damage":2.0,"enemies":"Cultist","floor":3.0,"turns":5.0},{"damage":5.0,"enemies":"Exordium Thugs","floor":5.0,"turns":5.0},{"damage":7.0,"enemies":"Lagavulin","floor":7.0,"turns":8.0},{"damage":28.0,"enemies":"Gremlin Nob","floor":10.0,"turns":4.0},{"damage":10.0,"enemies":"2 Fungi Beasts","floor":13.0,"turns":3.0},{"damage":22.0,"enemies":"The Guardian","floor":16.0,"turns":10.0},{"damage":2.0,"enemies":"Chosen","floor":18.0,"turns":4.0},{"damage":8.0,"enemies":"3 Byrds","floor":20.0,"turns":5.0},{"damage":12.0,"enemies":"Snake Plant","floor":21.0,"turns":4.0},{"damage":0.0,"enemies":"Cultist and Chosen","floor":22.0,"turns":6.0},{"damage":6.0,"enemies":"Book of Stabbing","floor":27.0,"turns":5.0},{"damage":2,"enemies":"Snecko","floor":30,"turns":6},{"damage":20,"enemies":"Centurion and Healer","floor":31,"turns":4},{"damage":9,"enemies":"Automaton","floor":33,"turns":9},{"damage":4,"enemies":"Orb Walker","floor":35,"turns":2},{"damage":0,"enemies":"3 Darklings","floor":36,"turns":5},{"damage":0,"enemies":"Transient","floor":37,"turns":5},{"damage":18,"enemies":"Reptomancer","floor":40,"turns":5},{"damage":0,"enemies":"Sphere and 2 Shapes","floor":44,"turns":4},{"damage":0,"enemies":"Maw","floor":45,"turns":5},{"damage":39,"enemies":"Nightmare","floor":47,"turns":5},{"damage":11,"enemies":"4 Shapes","floor":48,"turns":4},{"damage":42,"enemies":"infinitespire:MassOfShapes","floor":50,"turns":8},{"damage":6,"enemies":"2 Louse","floor":52,"turns":1}],"seed_played":"45981572697053864","potions_obtained":[{"floor":1.0,"key":"blueLaboratory:BottleOfVodka"},{"floor":3.0,"key":"Fire Potion"},{"floor":13.0,"key":"Reflective Coating"},{"floor":16.0,"key":"PowerPotion"},{"floor":20.0,"key":"blueLaboratory:BottleOfVodka"},{"floor":27.0,"key":"Block Potion"},{"floor":48,"key":"infinitespire:BlackPotion"}],"is_trial":false,"path_per_floor":["M","M","M","?","M","R","E","R","T","E","?","R","M","$","R","B",null,"?","AVR","?","?","?","T","?","T","T","E","T","T","?","?","T","B",null,"?","?","?","?","?","E","T","T","T","?","?","?","NM","?","T","B",null,"?"],"character_chosen":"THE_SILENT","items_purchased":["infinitespire:Lucky Rock","Accuracy","Dodge and Roll","Replay:Baseball"],"campfire_rested":3,"item_purchase_floors":[14,14,14,28],"current_hp_per_floor":[76,73,71,59,54,54,47,77,77,49,68,68,58,58,77,55,77,75,89,81,69,69,69,69,69,69,63,63,63,61,41,83,74,91,87,87,87,87,87,69,69,69,69,69,69,69,30,19,61,19,91,85,85],"gold":0,"neow_bonus":"TEN_PERCENT_HP_BONUS","is_daily":false,"chose_seed":false,"campfire_upgraded":6,"win_rate":0.0,"timestamp":1610555178,"path_taken":["M","M","M","?","M","R","E","R","T","E","?","R","M","?","R","BOSS","?","AVR","?","?","?","T","?","T","T","E","?","T","?","?","T","BOSS","?","?","?","?","?","E","T","T","T","?","?","?","NM","?","T","BOSS","?"],"items_purchased_type":["Relic","Card","Card","Relic"],"build_version":"2020-12-22","purchased_purges":0,"victory":false,"max_hp_per_floor":[77,77,77,77,77,77,77,77,77,77,77,77,77,77,77,77,77,77,91,91,91,91,91,91,91,91,91,91,91,91,91,91,91,91,91,91,91,91,91,91,91,91,91,91,91,91,91,91,91,91,91,91,91],"relic_stats":{"Regal Pillow":37,"counters":[26,130],"Astrolabe":["Heel Hook","Phantasmal Killer","Tools of the Trade"],"Pen Nib":[33],"Ectoplasm":485,"Juzu Bracelet":0,"Art of War":[0],"obtain_stats":[{"Regal Pillow":4,"aspiration:SneckoTail":43,"aspiration:Nostalgia":40,"Replay:Grab Bag":17,"Astrolabe":17,"Oddly Smooth Stone":9,"hubris:VirtuousBlindfold":51,"Painkiller Herb":17,"Mango":19,"champ:ChampionCrown":40,"Pen Nib":7,"aspiration:PoetsPen_weak":34,"Juzu Bracelet":10,"hubris:SlimyHat":47,"infinitespire:Lucky Rock":14,"aspiration:SeaSaltIceCream":40,"Replay:Baseball":28,"Ectoplasm":17,"Art of War":26,"Red Mask":38,"StrikeDummy":27,"Ring of the Snake":0},{"Regal Pillow":3,"aspiration:SneckoTail":20,"aspiration:Nostalgia":20,"Replay:Grab Bag":8,"Astrolabe":8,"Oddly Smooth Stone":5,"hubris:VirtuousBlindfold":25,"Painkiller Herb":8,"Mango":9,"champ:ChampionCrown":20,"Pen Nib":5,"aspiration:PoetsPen_weak":16,"Juzu Bracelet":6,"hubris:SlimyHat":23,"infinitespire:Lucky Rock":7,"aspiration:SeaSaltIceCream":20,"Replay:Baseball":13,"Ectoplasm":8,"Art of War":12,"Red Mask":19,"StrikeDummy":13,"Ring of the Snake":0},{"Regal Pillow":13,"aspiration:SneckoTail":103,"aspiration:Nostalgia":103,"Replay:Grab Bag":43,"Astrolabe":43,"Oddly Smooth Stone":26,"hubris:VirtuousBlindfold":129,"Painkiller Herb":43,"Mango":47,"champ:ChampionCrown":103,"Pen Nib":26,"aspiration:PoetsPen_weak":86,"Juzu Bracelet":30,"hubris:SlimyHat":117,"infinitespire:Lucky Rock":33,"aspiration:SeaSaltIceCream":103,"Replay:Baseball":67,"Ectoplasm":43,"Art of War":62,"Red Mask":98,"StrikeDummy":67,"Ring of the Snake":0}],"Ring of the Snake":[52]},"card_choices":[{"not_picked":["Cloak And Dagger","Sucker Punch"],"picked":"Footwork","floor":1.0},{"not_picked":["Sucker Punch","Dagger Throw"],"picked":"Infinite Blades","floor":2.0},{"not_picked":["Terror","Concentrate"],"picked":"Flying Knee","floor":3.0},{"not_picked":["Masterful Stab","Flying Knee"],"picked":"Accuracy","floor":5.0},{"not_picked":["Skewer","Wraith Form v2","Expertise"],"picked":"SKIP","floor":7.0},{"not_picked":["Acrobatics","Reflex"],"picked":"Flying Knee","floor":10.0},{"not_picked":["Bouncing Flask","Acrobatics"],"picked":"Distraction","floor":13.0},{"not_picked":["ReplayTheSpireMod:Necrosis","Grand Finale"],"picked":"Glass Knife","floor":16.0},{"not_picked":["Dagger Spray+1","Acrobatics"],"picked":"Backstab","floor":18.0},{"not_picked":["Prepared","Hidden Blade"],"picked":"Escape Plan+1","floor":20.0},{"not_picked":["hubris:SlightOfHand","Predator"],"picked":"Dodge and Roll+1","floor":21.0},{"not_picked":["Sucker Punch","Quick Slash+1"],"picked":"Cloak And Dagger","floor":22.0},{"not_picked":["Deflect+1","PiercingWail+1"],"picked":"ReplayTheSpireMod:Tripwire","floor":27.0},{"not_picked":["Expertise","Setup","Acrobatics"],"picked":"SKIP","floor":30},{"not_picked":["Masterful Stab","Calculated Gamble"],"picked":"Backflip+1","floor":31},{"not_picked":["Die Die Die","ReplayTheSpireMod:Necrosis"],"picked":"Adrenaline","floor":33},{"not_picked":["Leg Sweep+1","Flying Knee+1"],"picked":"Blade Dance","floor":35},{"not_picked":["Outmaneuver","Prepared+1"],"picked":"Crippling Poison+1","floor":36},{"not_picked":["Poisoned Stab","Deflect+1"],"picked":"Footwork+1","floor":37},{"not_picked":["Draining Mist+1","ReplayTheSpireMod:The Works+1"],"picked":"Atom Bomb","floor":40},{"not_picked":["Crippling Poison","Prepared+1"],"picked":"Finisher","floor":44},{"not_picked":["hubris:SlightOfHand","Quick Slash"],"picked":"Underhanded Strike","floor":45},{"not_picked":["Storm of Steel","Sucker Punch"],"picked":"Well Laid Plans","floor":47},{"not_picked":["Dagger Throw","PiercingWail+1"],"picked":"Flying Knee+1","floor":48},{"not_picked":["Grand Finale","Atom Bomb"],"picked":"Poison Darts","floor":50}],"player_experience":592681,"relics_obtained":[{"floor":7.0,"key":"Pen Nib"},{"floor":9.0,"key":"Oddly Smooth Stone"},{"floor":10.0,"key":"Juzu Bracelet"},{"floor":26.0,"key":"Art of War"},{"floor":27.0,"key":"StrikeDummy"},{"floor":40,"key":"aspiration:SeaSaltIceCream"},{"floor":43,"key":"aspiration:SneckoTail"},{"floor":47,"key":"hubris:SlimyHat"}],"event_choices":[{"damage_healed":0.0,"max_hp_gain":0.0,"max_hp_loss":0.0,"gold_gain":0.0,"event_name":"betterThird:BetterScrap","player_choice":"Relic ","floor":4.0,"gold_loss":0.0,"damage_taken":12.0,"cards_obtained":["Omniscience"]},{"damage_healed":19.0,"max_hp_gain":0.0,"max_hp_loss":0.0,"gold_gain":0.0,"event_name":"The Cleric","player_choice":"Healed","floor":11.0,"gold_loss":35.0,"damage_taken":0.0},{"damage_healed":0.0,"max_hp_gain":0.0,"max_hp_loss":0.0,"gold_gain":0.0,"event_name":"Match and Keep!","player_choice":"4 cards matched","floor":24.0,"gold_loss":0.0,"damage_taken":0.0,"cards_obtained":["Neutralize","Replay:Bootleg Shield Generator","Toxin Wave","PiercingWail"]},{"damage_healed":0,"gold_gain":0,"player_choice":"Paid","damage_taken":0,"relics_obtained":["Red Mask"],"max_hp_gain":0,"max_hp_loss":0,"event_name":"Tomb of Lord Red Mask","floor":38,"gold_loss":53}],"is_beta":false,"boss_relics":[{"not_picked":["ChewingGum","Fusion Hammer"],"picked":"Replay:Grab Bag"},{"not_picked":["hubris:GrandSneckoEye","Velvet Choker"],"picked":"Ectoplasm"},{"not_picked":["theForsaken:PaleLantern","ReplayTheSpireMod:Onyx Gauntlets"],"picked":"Painkiller Herb"},{"not_picked":["SacredBark","aspiration:RunicSpoon"],"picked":"Astrolabe"},{"not_picked":["hubris:ScarierMask","Calling Bell"],"picked":"aspiration:PoetsPen_weak"},{"not_picked":["Ring of the Serpent","Replay:Wanted Poster"],"picked":"hubris:VirtuousBlindfold"}],"items_purged_floors":[],"is_endless":true,"potions_floor_spawned":[1,3,13,16,20,27,30,33,36,37,44,45,48],"killed_by":"2 Louse","ascension_level":0}}