{"host":"appz8zkad29u9482","time":1610520625,"event":{"mods":["2.2 Compatiblity","Act Like it!","Aspiration","BaseMod","Beaked The Cultist","Better Altar","Better Match","Better Note","Better Skull","Better Third Choice","BetterRewards","CapriCore","Conspire","Disable Question Mark Monsters","Energized Spire","Gensokyo","GifTheSpireLib","Gold Saver","Halation","Hermit","Hubris","Infinite Spire","Jedi Mod","Marisa????????","Minty Spire (QoL Compilation)","Permanent Neow","Reimu??????","Replay The Spire","Somnambulant","Spicy Shops","StSLib","Strawberry Spire","Stuff the Spire","The Administrix","The Animator","The Cursed","The Hierophant","The Immortal","yUi"],"gold_per_floor":[429,394,394,28,44,69,87,99,154,154,209,209,244,260,260,260,260],"floor_reached":16,"language":"ENG","playtime":897,"items_purged":[],"score":162,"play_id":"84b08bba-073b-435d-830a-276aab9e138c","local_time":"20210112205025","is_ascension_mode":true,"campfire_choices":[{"data":"ReplayTheSpireMod:Scrap Shanks","floor":10,"key":"SMITH"},{"floor":15,"key":"REST"}],"circlet_count":0,"master_deck":["Strike_G","Strike_G","Strike_G","Strike_G","Defend_G","Defend_G","Defend_G","Defend_G","Defend_G","Survivor","Neutralize","Underhanded Strike","Die Die Die","strawberrySpire:Momentum","strawberrySpire:Momentum","strawberrySpire:HopSkipAndJump","ReplayTheSpireMod:Scrap Shanks+1","Tactician","Backflip","Fluid Movement","Terror"],"relics":["Ring of the Snake","ReplayTheSpireMod:TigerMarble","infinitespire:Eraser","halation:PrussianBluePaint","Replay:Multitool","Byrd Skull"],"acts_visited":["Exordium"],"potions_floor_usage":[6,6,8,11,14,16,16,16],"damage_taken":[{"damage":7,"enemies":"Small Slimes","floor":1,"turns":4},{"damage":0,"enemies":"2 Louse","floor":5,"turns":2},{"damage":0,"enemies":"Gremlin Nob","floor":6,"turns":2},{"damage":0,"enemies":"Cultist","floor":7,"turns":3},{"damage":8,"enemies":"Looter","floor":8,"turns":4},{"damage":54,"enemies":"Gremlin Nob","floor":11,"turns":6},{"damage":13,"enemies":"Replay:BlueRogue","floor":13,"turns":8},{"damage":6,"enemies":"3 Louse","floor":14,"turns":2},{"damage":56,"enemies":"Hexaghost","floor":16,"turns":16}],"seed_played":"2415323378303674710","potions_obtained":[{"floor":3,"key":"infinitespire:BlackPotion"},{"floor":3,"key":"FairyPotion"},{"floor":3,"key":"CunningPotion"},{"floor":7,"key":"Fire Potion"},{"floor":8,"key":"SpeedPotion"},{"floor":11,"key":"ZuzhouPotion:ReiMu"},{"floor":13,"key":"PowerPotion"},{"floor":14,"key":"Languid Potion"}],"is_trial":false,"path_per_floor":["M","?","?","$","M","E","M","M","T","R","?","?","E","M","R","B"],"character_chosen":"THE_SILENT","items_purchased":["Die Die Die","ReplayTheSpireMod:TigerMarble","strawberrySpire:Momentum"],"campfire_rested":1,"item_purchase_floors":[4,4,4],"current_hp_per_floor":[56,77,77,77,77,77,77,69,69,69,15,15,2,25,50,0,0],"gold":260,"neow_bonus":"TWENTY_PERCENT_HP_BONUS","is_daily":false,"chose_seed":false,"campfire_upgraded":1,"win_rate":0.0,"timestamp":1610520625,"path_taken":["M","?","?","$","?","E","M","M","T","R","?","?","E","?","R","BOSS"],"items_purchased_type":["Card","Relic","Card"],"build_version":"2020-12-22","purchased_purges":0,"victory":false,"max_hp_per_floor":[84,84,84,84,84,84,84,84,84,84,84,84,84,84,84,84,84],"card_choices":[{"not_picked":["strawberrySpire:Pant","ReplayTheSpireMod:The Works"],"picked":"Underhanded Strike","floor":1},{"not_picked":["Deflect","strawberrySpire:SideSwipe"],"picked":"strawberrySpire:HopSkipAndJump","floor":5},{"not_picked":["Slice","Flying Knee","strawberrySpire:Insectonator"],"picked":"SKIP","floor":6},{"not_picked":["All Out Attack","Burst"],"picked":"ReplayTheSpireMod:Scrap Shanks","floor":7},{"not_picked":["Deflect","Bane"],"picked":"Tactician","floor":8},{"not_picked":["Setup","strawberrySpire:Momentum"],"picked":"Backflip","floor":11},{"not_picked":["strawberrySpire:Slide","Dagger Spray"],"picked":"Fluid Movement","floor":13},{"not_picked":["StuffTheSpire:Injection","Riddle With Holes"],"picked":"Terror","floor":14}],"player_experience":549352,"relics_obtained":[{"floor":6,"key":"infinitespire:Eraser"},{"floor":9,"key":"halation:PrussianBluePaint"},{"floor":13,"key":"Byrd Skull"}],"event_choices":[{"damage_healed":21,"gold_gain":0,"player_choice":"Healed","damage_taken":0,"max_hp_gain":0,"max_hp_loss":0,"event_name":"The Cleric","floor":2,"gold_loss":35},{"damage_healed":0,"gold_gain":0,"player_choice":"Got Potions","damage_taken":0,"max_hp_gain":0,"max_hp_loss":0,"event_name":"Lab","floor":3,"gold_loss":0},{"damage_healed":0,"gold_gain":0,"player_choice":"Searched \u00273\u0027 times","damage_taken":0,"relics_obtained":["Replay:Multitool"],"max_hp_gain":0,"max_hp_loss":0,"event_name":"Dead Adventurer","floor":11,"gold_loss":0},{"cards_removed":["Strike_G"],"damage_healed":0,"gold_gain":0,"player_choice":"Forget","damage_taken":0,"max_hp_gain":0,"max_hp_loss":0,"event_name":"Living Wall","floor":12,"gold_loss":0}],"is_beta":false,"boss_relics":[],"items_purged_floors":[],"is_endless":false,"potions_floor_spawned":[7,8,11,13,14],"killed_by":"Hexaghost","ascension_level":4}}