{"host":"cn7u0zrt5t8pfwwi","time":1610581488,"event":{"mods":["BaseMod","Better Altar","Better Skull","Better Third Choice","Downfall","Hubris","Infinite Spire","Minty Spire (QoL Compilation)","Replay The Spire","StSLib","The Cursed","The Disciple","The Wild Card"],"gold_per_floor":[112,112,18,18,18,44,62,62,62,77,88,88,27,39,39,141,141,153,164,7,19,19,19],"floor_reached":22,"language":"FRA","playtime":1105,"items_purged":[],"score":211,"play_id":"05e9cd77-be24-45f0-a603-305c727188a1","local_time":"20210114004448","is_ascension_mode":false,"campfire_choices":[{"data":"hubris:Fate","floor":8,"key":"SMITH"},{"floor":12,"key":"REST"},{"data":"expansioncontent:FaceSlap","floor":15,"key":"SMITH"}],"circlet_count":0,"master_deck":["Strike_G","Strike_G","Strike_G","Strike_G","Strike_G","Defend_G","Defend_G","Defend_G","Defend_G","Defend_G","Survivor","Neutralize","Slice","hubris:Fate+1","expansioncontent:FaceSlap+1","Toxin Wave","Backflip","Prepared","Blade Dance","Toxin Wave+1","Blade Dance","After Image","Draining Mist","Terror","Metamorphosis","Calculated Gamble+1"],"relics":["Guardian:ModeShifter","NeowsBlessing","infinitespire:Cubic Diamond","hubris:Reverence","hubris:SlimyHat","hubris:Backtick","Membership Card","Strange Spoon"],"acts_visited":["Exordium","TheCity"],"potions_floor_usage":[14,16,16,16,22],"damage_taken":[{"damage":0,"enemies":"Jaw Worm","floor":1,"turns":1},{"damage":0,"enemies":"Gremlin Nob","floor":6,"turns":1},{"damage":0,"enemies":"Small Slimes","floor":7,"turns":1},{"damage":0,"enemies":"2 Louse","floor":10,"turns":2},{"damage":6,"enemies":"Exordium Thugs","floor":11,"turns":3},{"damage":0,"enemies":"2 Fungi Beasts","floor":14,"turns":3},{"damage":5,"enemies":"Slime Boss","floor":16,"turns":7},{"damage":16,"enemies":"2 Thieves","floor":18,"turns":3},{"damage":0,"enemies":"3 Byrds","floor":19,"turns":1},{"damage":37,"enemies":"Cultist and Chosen","floor":21,"turns":7},{"damage":27,"enemies":"3 Cultists","floor":22,"turns":5}],"seed_played":"-7197667828629634228","potions_obtained":[{"floor":1,"key":"BlessingOfTheForge"},{"floor":7,"key":"Explosive Potion"},{"floor":10,"key":"DuplicationPotion"},{"floor":14,"key":"Slimebound:ThreeZeroPotion"},{"floor":21,"key":"Weak Potion"}],"is_trial":false,"path_per_floor":["M","?","$","?","?","E","M","R","T","M","M","R","$","M","R","B",null,"M","M","$","M","M"],"character_chosen":"THE_SILENT","items_purchased":["expansioncontent:FaceSlap","Toxin Wave+1","Metamorphosis","Strange Spoon"],"campfire_rested":1,"item_purchase_floors":[3,13,20,20],"current_hp_per_floor":[70,53,53,53,53,53,53,53,53,53,47,68,68,68,68,63,70,54,54,54,17,0,0],"gold":19,"neow_bonus":"THREE_ENEMY_KILL","is_daily":false,"chose_seed":false,"campfire_upgraded":2,"win_rate":0.0,"timestamp":1610581488,"path_taken":["M","?","$","?","?","E","M","R","T","M","M","R","?","M","R","BOSS","M","M","$","M","M"],"items_purchased_type":["Card","Card","Card","Relic"],"build_version":"2020-12-22","purchased_purges":0,"victory":false,"max_hp_per_floor":[70,70,70,70,70,70,70,70,70,70,70,70,70,70,70,70,70,70,70,70,70,70,70],"card_choices":[{"not_picked":["Deflect","PiercingWail"],"picked":"Slice","floor":1},{"not_picked":["infinitespire:Oblivion","infinitespire:TheBestDefense"],"picked":"hubris:Fate","floor":2},{"not_picked":["Dodge and Roll","Leg Sweep"],"picked":"Backflip","floor":6},{"not_picked":["Dagger Throw","Flying Knee"],"picked":"Prepared","floor":7},{"not_picked":["Acrobatics","hubris:SlightOfHand","Predator"],"picked":"SKIP","floor":10},{"not_picked":["ReplayTheSpireMod:Exploit Weakness","Tactician"],"picked":"Blade Dance","floor":11},{"not_picked":["Hidden Blade","Masterful Stab"],"picked":"Blade Dance","floor":14},{"not_picked":["Tools of the Trade","Replay:Bag of Tricks"],"picked":"After Image","floor":16},{"not_picked":["hubris:SlightOfHand","Outmaneuver"],"picked":"Draining Mist","floor":18},{"not_picked":["Eviscerate+1","Deflect"],"picked":"Terror","floor":19},{"not_picked":["Slice","Endless Agony+1"],"picked":"Calculated Gamble+1","floor":21}],"player_experience":51313,"relics_obtained":[{"floor":6,"key":"hubris:Reverence"},{"floor":9,"key":"hubris:SlimyHat"}],"event_choices":[],"is_beta":false,"boss_relics":[{"not_picked":["ReplayTheSpireMod:SealedPack","Philosopher\u0027s Stone"],"picked":"hubris:Backtick"}],"items_purged_floors":[],"is_endless":false,"potions_floor_spawned":[1,7,10,14,21],"killed_by":"3 Cultists","ascension_level":0}}