{"host":"91ruqvp7hiryodqd","time":1610562159,"event":{"mods":["AchievementEnabler","BaseMod","Colored Map","Colored Powertips","Filter the Spire","Minty Spire (QoL Compilation)","Relic Stats","StSLib"],"gold_per_floor":[109,123,136,86,161,189,202,202,249,24,40,55,55,73,73,73,73],"floor_reached":16,"language":"ENG","playtime":743,"items_purged":["Defend_P"],"score":104,"play_id":"da446587-fba0-4797-9eb3-2de1e54b8c0d","local_time":"20210114012239","is_ascension_mode":false,"campfire_choices":[{"data":"Eruption","floor":8,"key":"SMITH"},{"floor":15,"key":"REST"}],"circlet_count":0,"master_deck":["Strike_P","Strike_P","Strike_P","Defend_P","Defend_P+1","Defend_P","Eruption+1","Vigilance","Blasphemy+1","Crescendo","SashWhip","ThirdEye","SashWhip","FollowUp","FearNoEvil","Halt"],"relics":["PureWater","HornCleat","Tiny Chest","War Paint"],"acts_visited":["Exordium"],"potions_floor_usage":[6,16],"damage_taken":[{"damage":0,"enemies":"Cultist","floor":1,"turns":3},{"damage":0,"enemies":"Small Slimes","floor":2,"turns":3},{"damage":0,"enemies":"Jaw Worm","floor":3,"turns":2},{"damage":16,"enemies":"Gremlin Nob","floor":6,"turns":3},{"damage":0,"enemies":"Exordium Wildlife","floor":7,"turns":3},{"damage":2,"enemies":"Looter","floor":11,"turns":2},{"damage":14,"enemies":"Lots of Slimes","floor":12,"turns":5},{"damage":1,"enemies":"2 Fungi Beasts","floor":14,"turns":2},{"damage":100024,"enemies":"The Guardian","floor":16,"turns":14}],"seed_played":"712404868810003156","potions_obtained":[{"floor":1,"key":"PowerPotion"},{"floor":6,"key":"Explosive Potion"},{"floor":11,"key":"Ambrosia"}],"is_trial":false,"path_per_floor":["M","M","M","?","?","E","M","R","T","$","M","M","$","M","R","B"],"character_chosen":"WATCHER","items_purchased":["War Paint"],"campfire_rested":1,"item_purchase_floors":[10],"current_hp_per_floor":[72,72,72,72,61,45,45,45,45,45,43,29,29,28,49,0,0],"gold":73,"neow_bonus":"ONE_RANDOM_RARE_CARD","is_daily":false,"chose_seed":false,"campfire_upgraded":1,"win_rate":0.0,"timestamp":1610562159,"path_taken":["M","M","M","?","?","E","M","R","T","?","M","M","$","M","R","BOSS"],"items_purchased_type":["Relic"],"build_version":"2020-12-22","purchased_purges":1,"victory":false,"max_hp_per_floor":[72,72,72,72,72,72,72,72,72,72,72,72,72,72,72,72,72],"relic_stats":{"counters":[9,36],"Tiny Chest":0,"War Paint":["Defend_P","Blasphemy"],"obtain_stats":[{"HornCleat":6,"Tiny Chest":9,"PureWater":0,"War Paint":10},{"HornCleat":4,"Tiny Chest":5,"PureWater":0,"War Paint":5},{"HornCleat":11,"Tiny Chest":14,"PureWater":0,"War Paint":14}]},"card_choices":[{"not_picked":["Pray","EmptyFist"],"picked":"Crescendo","floor":1},{"not_picked":["FlyingSleeves","Nirvana"],"picked":"SashWhip","floor":2},{"not_picked":["MasterReality","Nirvana"],"picked":"ThirdEye","floor":3},{"not_picked":["Evaluate","Fasting2"],"picked":"SashWhip","floor":6},{"not_picked":["Evaluate","WreathOfFlame"],"picked":"FollowUp","floor":7},{"not_picked":["Pray","Protect","Halt"],"picked":"SKIP","floor":11},{"not_picked":["FollowUp","ReachHeaven"],"picked":"FearNoEvil","floor":12},{"not_picked":["JustLucky","PathToVictory"],"picked":"Halt","floor":14}],"player_experience":41655,"relics_obtained":[{"floor":6,"key":"HornCleat"},{"floor":9,"key":"Tiny Chest"}],"event_choices":[{"cards_removed":["Strike_P"],"damage_healed":0,"gold_gain":0,"player_choice":"Card Removal","damage_taken":0,"max_hp_gain":0,"max_hp_loss":0,"event_name":"The Cleric","floor":4,"gold_loss":50},{"damage_healed":0,"gold_gain":75,"player_choice":"Gather Gold","damage_taken":11,"max_hp_gain":0,"max_hp_loss":0,"event_name":"World of Goop","floor":5,"gold_loss":0}],"is_beta":false,"boss_relics":[],"items_purged_floors":[10],"is_endless":false,"potions_floor_spawned":[1,6,11],"killed_by":"The Guardian","ascension_level":0}}