{"host":"jexbkylv34f8xu3o","time":1610567275,"event":{"mods":["AchievementEnabler","BaseMod","Colored Map","Colored Powertips","GifTheSpireLib","Highlight Path","Minty Spire (QoL Compilation)","Quick Restart","StSLib"],"gold_per_floor":[116,116,134,134,148,178,178,204,204,204,204,49,224,240,240,370,370,348,40,40,40,64,64,64],"floor_reached":23,"language":"ENG","playtime":714,"items_purged":["Pain"],"score":296,"play_id":"7fe9ff87-9ce7-4ece-96e5-c405eb5abe40","local_time":"20210113164755","is_ascension_mode":true,"campfire_choices":[{"floor":7.0,"key":"REST"},{"floor":10.0,"key":"REST"},{"data":"Bash","floor":15.0,"key":"SMITH"}],"circlet_count":0,"master_deck":["AscendersBane","Strike_R","Strike_R","Strike_R","Strike_R","Defend_R","Defend_R","Defend_R","Defend_R","Bash+1","Intimidate","Shrug It Off","Injury","Berserk+1","Doubt","Evolve","Feed","Disarm","Dropkick"],"relics":["Runic Cube","WarpedTongs","Red Skull","CaptainsWheel","Kunai","Golden Idol","Black Star","Eternal Feather"],"acts_visited":["Exordium","TheCity"],"potions_floor_usage":[23],"damage_taken":[{"damage":10.0,"enemies":"Small Slimes","floor":1.0,"turns":3.0},{"damage":4.0,"enemies":"Cultist","floor":3.0,"turns":3.0},{"damage":7.0,"enemies":"2 Louse","floor":5.0,"turns":3.0},{"damage":32.0,"enemies":"3 Sentries","floor":6.0,"turns":8.0},{"damage":19.0,"enemies":"Lagavulin","floor":8.0,"turns":8.0},{"damage":11.0,"enemies":"Exordium Thugs","floor":14.0,"turns":5.0},{"damage":7.0,"enemies":"Slime Boss","floor":16.0,"turns":9.0},{"damage":25.0,"enemies":"2 Thieves","floor":18.0,"turns":5.0},{"damage":22,"enemies":"Chosen","floor":22,"turns":6},{"damage":23,"enemies":"Gremlin Leader","floor":23,"turns":1}],"seed_played":"7494614443339359257","potions_obtained":[{"floor":3.0,"key":"SteroidPotion"},{"floor":6.0,"key":"HeartOfIron"},{"floor":14.0,"key":"SpeedPotion"},{"floor":22,"key":"DuplicationPotion"}],"is_trial":false,"path_per_floor":["M","?","M","?","M","E","R","E","T","R","?","$","?","M","R","B",null,"M","$","?","$","M","E"],"character_chosen":"IRONCLAD","items_purchased":["Berserk","Eternal Feather","Disarm"],"campfire_rested":2,"item_purchase_floors":[12,19,19],"current_hp_per_floor":[62,62,58,58,51,19,43,24,24,48,48,48,48,37,37,30,68,43,43,43,43,21,0,0],"gold":64,"neow_bonus":"BOSS_RELIC","is_daily":false,"chose_seed":false,"campfire_upgraded":1,"win_rate":0.0,"timestamp":1610567275,"path_taken":["M","?","?","?","M","E","R","E","T","R","?","$","?","M","R","BOSS","M","$","?","?","M","E"],"items_purchased_type":["Card","Relic","Card"],"build_version":"2020-12-22","purchased_purges":1,"victory":false,"max_hp_per_floor":[80,80,80,80,80,80,80,80,80,80,80,80,80,80,80,80,80,80,80,80,80,80,80,80],"card_choices":[{"not_picked":["Cleave","Infernal Blade","Flex"],"picked":"SKIP","floor":1.0},{"not_picked":["Sever Soul","Reckless Charge","Pommel Strike"],"picked":"SKIP","floor":3.0},{"not_picked":["Sword Boomerang","Armaments"],"picked":"Intimidate","floor":5.0},{"not_picked":["Iron Wave","Warcry"],"picked":"Shrug It Off","floor":6.0},{"not_picked":["Flex","Armaments","Cleave"],"picked":"SKIP","floor":8.0},{"not_picked":["Spot Weakness","Flex"],"picked":"Evolve","floor":14.0},{"not_picked":["Fiend Fire","Corruption"],"picked":"Feed","floor":16.0},{"not_picked":["Clash","Armaments","Anger"],"picked":"SKIP","floor":18.0},{"not_picked":["Shrug It Off","Dark Embrace+1"],"picked":"Dropkick","floor":22}],"player_experience":553918,"relics_obtained":[{"floor":6.0,"key":"Red Skull"},{"floor":8.0,"key":"CaptainsWheel"},{"floor":9.0,"key":"Kunai"}],"event_choices":[{"damage_healed":0.0,"max_hp_gain":0.0,"max_hp_loss":0.0,"gold_gain":0.0,"event_name":"Accursed Blacksmith","player_choice":"Rummage","floor":2.0,"gold_loss":0.0,"damage_taken":0.0,"relics_obtained":["WarpedTongs"],"cards_obtained":["Pain"]},{"cards_removed":["Strike_R"],"damage_healed":0.0,"max_hp_gain":0.0,"max_hp_loss":0.0,"gold_gain":0.0,"event_name":"Living Wall","player_choice":"Forget","floor":4.0,"gold_loss":0.0,"damage_taken":0.0},{"damage_healed":0.0,"max_hp_gain":0.0,"max_hp_loss":0.0,"gold_gain":0.0,"event_name":"Golden Idol","player_choice":"Take Wound","floor":11.0,"gold_loss":0.0,"damage_taken":0.0,"relics_obtained":["Golden Idol"],"cards_obtained":["Injury"]},{"damage_healed":0.0,"max_hp_gain":0.0,"max_hp_loss":0.0,"gold_gain":175.0,"event_name":"Liars Game","player_choice":"AGREE","floor":13.0,"gold_loss":0.0,"damage_taken":0.0,"cards_obtained":["Doubt"]},{"damage_healed":0,"gold_gain":0,"player_choice":"Upgraded","damage_taken":0,"max_hp_gain":0,"max_hp_loss":0,"event_name":"Upgrade Shrine","floor":20,"gold_loss":0,"cards_upgraded":["Berserk"]}],"is_beta":false,"boss_relics":[{"not_picked":["Velvet Choker","Tiny House"],"picked":"Black Star"}],"items_purged_floors":[12],"is_endless":false,"potions_floor_spawned":[3,6,14,22],"killed_by":"Gremlin Leader","ascension_level":10}}