{"host":"z9mq1tf06lkrncmk","time":1610511216,"event":{"mods":["BaseMod","Downfall","Minty Spire (QoL Compilation)","StSLib"],"gold_per_floor":[99,112,262,262,262,294,294,311,322,345,345,364,377,377,394,492,492,492,510,240,259,272,283,330,330,42,55,72,72,86,121,135,235,235,235,254,268,268,380,380,407,407,427,427,177,189,205,217,217],"floor_reached":50,"language":"ENG","playtime":2781,"items_purged":["Slimebound:Icky"],"score":905,"play_id":"47c9b802-875f-45c7-b66c-ef0556e29f4e","local_time":"20210112231336","is_ascension_mode":true,"campfire_choices":[{"data":"hexamod:DynamicBlow","floor":1,"key":"SMITH"},{"data":"hexamod:SwordOfDarkness","floor":11,"key":"SMITH"},{"data":"hexamod:TimeOfNeed","floor":18,"key":"SMITH"},{"data":"expansioncontent:QuickStudy","floor":25,"key":"SMITH"},{"data":"hexamod:FastForward","floor":29,"key":"SMITH"},{"data":"hexamod:GhostflameInferno","floor":35,"key":"SMITH"},{"data":"hexamod:SpectralSpark","floor":42,"key":"SMITH"}],"circlet_count":0,"master_deck":["hexamod:Strike","hexamod:Strike+1","hexamod:Strike","hexamod:Strike","hexamod:Defend","hexamod:Defend","hexamod:Defend","hexamod:Defend","hexamod:Sear","hexamod:Float","hexamod:DynamicBlow+1","hexamod:PowerFromBeyond","hexamod:SwordOfDarkness+1","hexamod:SpectralSpark+1","hexamod:InspiringFlames","hexamod:TimeOfNeed+1","hexamod:StepThrough","expansioncontent:QuickStudy+1","hexamod:SpectralAdrenaline","hexamod:BacktrackSmack","hexamod:ThermalTransfer","hexamod:FastForward+1","hexamod:ShieldOfDarkness+1","hexamod:GhostflameInferno+1","hexamod:EtherealExpedition+1","Parasite","expansioncontent:DashGenerateEvil"],"relics":["hexamod:SpiritBrand","Toy Ornithopter","hexamod:MatchstickCase","Meat on the Bone","Odd Mushroom","hexamod:IceCube","hexamod:TheBrokenSeal","Regal Pillow","Membership Card","Kunai","Incense Burner","Cursed Key","TungstenRod","Bag of Preparation","Happy Flower","downfall:TeleportStone","Strawberry","Cauldron"],"acts_visited":["Exordium","TheCity","TheBeyond"],"potions_floor_usage":[10,16,16,21,33,33,33,49,49],"damage_taken":[{"damage":0,"enemies":"2 Louse","floor":2,"turns":3},{"damage":17,"enemies":"3 Sentries","floor":6,"turns":10},{"damage":0,"enemies":"Jaw Worm","floor":8,"turns":3},{"damage":0,"enemies":"Cultist","floor":9,"turns":3},{"damage":6,"enemies":"The Mushroom Lair","floor":10,"turns":5},{"damage":0,"enemies":"3 Louse","floor":12,"turns":3},{"damage":0,"enemies":"Exordium Wildlife","floor":13,"turns":3},{"damage":21,"enemies":"Exordium Thugs","floor":15,"turns":5},{"damage":42,"enemies":"downfall:Defect","floor":16,"turns":7},{"damage":7,"enemies":"Spheric Guardian","floor":19,"turns":5},{"damage":0,"enemies":"downfall:FleeingMerchant","floor":20,"turns":4},{"damage":18,"enemies":"Chosen","floor":21,"turns":6},{"damage":0,"enemies":"Centurion and Healer","floor":22,"turns":5},{"damage":5,"enemies":"Shelled Parasite and Fungi","floor":23,"turns":4},{"damage":0,"enemies":"downfall:FleeingMerchant","floor":26,"turns":4},{"damage":0,"enemies":"Snecko","floor":27,"turns":4},{"damage":0,"enemies":"3 Cultists","floor":28,"turns":4},{"damage":1,"enemies":"Shelled Parasite and Fungi","floor":30,"turns":4},{"damage":0,"enemies":"Book of Stabbing","floor":31,"turns":4},{"damage":0,"enemies":"Snake Plant","floor":32,"turns":2},{"damage":10,"enemies":"downfall:Watcher","floor":33,"turns":8},{"damage":0,"enemies":"3 Darklings","floor":36,"turns":5},{"damage":0,"enemies":"3 Shapes","floor":37,"turns":1},{"damage":0,"enemies":"downfall:FleeingMerchant","floor":39,"turns":4},{"damage":0,"enemies":"Spire Growth","floor":43,"turns":4},{"damage":8,"enemies":"4 Shapes","floor":46,"turns":4},{"damage":0,"enemies":"Sphere and 2 Shapes","floor":47,"turns":1},{"damage":0,"enemies":"Jaw Worm Horde","floor":48,"turns":3},{"damage":0,"enemies":"downfall:Ironclad","floor":49,"turns":9}],"seed_played":"-560161648982432207","potions_obtained":[{"floor":6,"key":"EssenceOfSteel"},{"floor":8,"key":"CultistPotion"},{"floor":10,"key":"Strength Potion"},{"floor":10,"key":"champ:CounterPotion"},{"floor":12,"key":"SkillPotion"},{"floor":15,"key":"hexamod:DoubleChargePotion"},{"floor":16,"key":"hexamod:DoubleChargePotion"},{"floor":19,"key":"PowerPotion"},{"floor":20,"key":"Fire Potion"},{"floor":22,"key":"hexamod:InfernoChargePotion"},{"floor":28,"key":"PowerPotion"},{"floor":45,"key":"Fire Potion"},{"floor":45,"key":"FearPotion"},{"floor":45,"key":"Fire Potion"}],"is_trial":false,"path_per_floor":["R","M","?","?","?","E","T","M","M","?","R","M","M","?","M","B",null,"R","M","$","M","M","M","T","R","$","M","M","R","M","E","M","B",null,"R","M","M","?","$","?","T","R","M","?","$","M","M","M","B",null],"character_chosen":"THE_SPIRIT","items_purchased":["expansioncontent:QuickStudy","Membership Card","Kunai","TungstenRod","Bag of Preparation","expansioncontent:DashGenerateEvil","Strawberry","Cauldron"],"campfire_rested":0,"item_purchase_floors":[20,26,26,39,39,45,45,45],"current_hp_per_floor":[70,70,70,70,67,50,50,50,50,56,56,63,70,70,56,36,70,70,70,70,79,79,74,74,74,74,74,74,74,73,73,73,70,80,80,80,80,80,80,80,80,80,80,80,87,79,79,79,87],"gold":217,"neow_bonus":"THREE_CARDS","is_daily":false,"chose_seed":false,"campfire_upgraded":7,"win_rate":0.0,"timestamp":1610511216,"path_taken":["R","M","?","?","?","E","T","M","M","?","R","M","?","?","M","BOSS","R","M","$","M","M","M","T","R","$","M","M","R","M","E","M","BOSS","R","M","M","?","$","?","T","R","M","?","$","M","?","M","BOSS"],"items_purchased_type":["Card","Relic","Relic","Relic","Relic","Card","Relic","Relic"],"build_version":"2020-12-22","purchased_purges":1,"victory":true,"max_hp_per_floor":[70,70,70,70,70,70,70,70,70,70,70,70,70,70,70,70,70,70,70,70,80,80,80,80,80,80,80,80,80,80,80,80,80,80,80,80,80,80,80,80,80,80,80,80,87,87,87,87,87],"card_choices":[{"not_picked":["hexamod:HauntingEcho","hexamod:InspiringFlames"],"picked":"hexamod:DynamicBlow","floor":0},{"not_picked":["hexamod:NightmareStrike","hexamod:InspiringFlames"],"picked":"hexamod:PowerFromBeyond","floor":2},{"not_picked":["hexamod:ParanormalForm","hexamod:ShieldOfDarkness"],"picked":"hexamod:SwordOfDarkness","floor":6},{"not_picked":["hexamod:Firestarter","hexamod:SwordOfDarkness"],"picked":"hexamod:FirstSeal","floor":8},{"not_picked":["hexamod:Firestarter","hexamod:ShieldOfDarkness"],"picked":"hexamod:FourthSeal","floor":9},{"not_picked":["hexamod:GhostLash","hexamod:RecurringNightmare"],"picked":"hexamod:NightmareGuise","floor":10},{"not_picked":["hexamod:HauntingEcho","hexamod:NightmareGuise"],"picked":"hexamod:SpectralSpark","floor":12},{"not_picked":["hexamod:Incineration","hexamod:FastForward","hexamod:NightmareStrike"],"picked":"SKIP","floor":13},{"not_picked":["hexamod:ShieldOfDarkness","hexamod:BurningTouch"],"picked":"hexamod:InspiringFlames","floor":15},{"not_picked":["hexamod:RainOfEmbers","hexamod:PowerFromBeyond","hexamod:GhostShield"],"picked":"SKIP","floor":15},{"not_picked":["hexamod:ParanormalForm","hexamod:TimeWarp"],"picked":"hexamod:TimeOfNeed","floor":16},{"not_picked":["hexamod:TurnItUp","hexamod:UnleashSpirits"],"picked":"hexamod:FifthSeal","floor":16},{"not_picked":["hexamod:SecondSeal","hexamod:FirstSeal"],"picked":"hexamod:SixthSeal","floor":19},{"not_picked":["hexamod:Haunt+1","hexamod:RetreatToShadows","hexamod:FlamesFromBeyond"],"picked":"SKIP","floor":19},{"not_picked":["hexamod:FourthSeal","hexamod:ThirdSeal"],"picked":"hexamod:SecondSeal","floor":20},{"not_picked":["hexamod:WildfireWeapon","hexamod:FastForward"],"picked":"hexamod:StepThrough","floor":20},{"not_picked":["hexamod:Firestarter","hexamod:RainOfEmbers","hexamod:NightmareStrike"],"picked":"SKIP","floor":20},{"not_picked":["hexamod:SwordOfDarkness","hexamod:AdvancingGuard"],"picked":"hexamod:SpectralAdrenaline","floor":21},{"not_picked":["hexamod:SwordOfDarkness","hexamod:NecessarySacrifice"],"picked":"hexamod:BacktrackSmack","floor":22},{"not_picked":["hexamod:SwordOfDarkness","hexamod:FastForward","hexamod:RecurringNightmare+1"],"picked":"SKIP","floor":23},{"not_picked":["hexamod:HeatShield","hexamod:HeatMetal","hexamod:NecessarySacrifice"],"picked":"SKIP","floor":26},{"not_picked":["hexamod:HeatShield","hexamod:NightmareStrike+1"],"picked":"hexamod:ThermalTransfer","floor":27},{"not_picked":["hexamod:SpectersWail","hexamod:PowerFromBeyond"],"picked":"hexamod:FastForward","floor":28},{"not_picked":["hexamod:HauntingEcho","hexamod:HeatShield"],"picked":"hexamod:ShieldOfDarkness+1","floor":30},{"not_picked":["hexamod:BacktrackSmack+1","hexamod:SkipABeat+1"],"picked":"hexamod:GhostflameInferno","floor":31},{"not_picked":["hexamod:FastForward+1","hexamod:ThermalTransfer","hexamod:ShieldOfDarkness"],"picked":"SKIP","floor":32},{"not_picked":["hexamod:HauntingEcho+1","hexamod:Again","hexamod:SuperheatedStrike"],"picked":"SKIP","floor":36},{"not_picked":["hexamod:AdvancingGuard","hexamod:HeatMetal+1"],"picked":"hexamod:EtherealExpedition+1","floor":37},{"not_picked":["hexamod:GhostShield","hexamod:SwordOfDarkness","hexamod:BurningTouch+1"],"picked":"SKIP","floor":39},{"not_picked":["hexamod:ShieldOfDarkness","hexamod:HauntingEcho","hexamod:EtherealExpedition+1"],"picked":"SKIP","floor":43},{"not_picked":["hexamod:EtherealExpedition+1","hexamod:EmpoweredFlame","hexamod:ShieldOfDarkness"],"picked":"SKIP","floor":46},{"not_picked":["hexamod:Hexaguard","hexamod:BacktrackSmack","hexamod:SwordOfDarkness"],"picked":"SKIP","floor":47},{"not_picked":["hexamod:HauntingEcho+1","hexamod:SkipABeat+1","hexamod:ExtraCrispy"],"picked":"SKIP","floor":48}],"player_experience":349786,"relics_obtained":[{"floor":6,"key":"hexamod:MatchstickCase"},{"floor":7,"key":"Meat on the Bone"},{"floor":10,"key":"Odd Mushroom"},{"floor":24,"key":"Regal Pillow"},{"floor":31,"key":"Incense Burner"},{"floor":41,"key":"Happy Flower"}],"event_choices":[{"damage_healed":0,"gold_gain":0,"player_choice":"Success","damage_taken":3,"relics_obtained":["Toy Ornithopter"],"max_hp_gain":0,"max_hp_loss":0,"event_name":"Scrap Ooze","floor":5,"gold_loss":0},{"damage_healed":0,"gold_gain":0,"player_choice":"Fought Mushrooms","damage_taken":0,"max_hp_gain":0,"max_hp_loss":0,"event_name":"Mushrooms","floor":10,"gold_loss":0}],"is_beta":false,"boss_relics":[{"not_picked":["Pandora\u0027s Box","Snecko Eye"],"picked":"hexamod:IceCube"},{"not_picked":["Empty Cage","Runic Dome"],"picked":"Cursed Key"}],"items_purged_floors":[20],"is_endless":false,"potions_floor_spawned":[6,8,10,13,22,23,27,28,31,32,46,48],"ascension_level":1}}