{"host":"neshiy0twyn5josp","time":1610531120,"event":{"mods":["AchievementEnabler","Act Like it!","AlwaysNeverKeys","Aspiration","BaseMod","Better Note","Better Silent Start","Better Third Choice","Challenge The Spire","Colored Powertips","Conspire","Emptier Cage","Energized Spire","GifTheSpireLib","Hubris","Minty Spire (QoL Compilation)","Pale of the Ancients","Permanent Neow","Quick Restart","Rare Cards Sparkle","Replay The Spire","Reworked Bosses","StSLib","Stuff the Spire"],"gold_per_floor":[112,126,141,159,159,159,170,170,170,187,215,11,11,11],"floor_reached":13,"language":"ENG","playtime":518,"items_purged":[],"score":100,"play_id":"c109100a-75c6-4c58-b4b9-961066b2094b","local_time":"20210113014520","is_ascension_mode":true,"campfire_choices":[{"data":"Gash","floor":6,"key":"SMITH"},{"data":"Go for the Eyes","floor":8,"key":"SMITH"}],"circlet_count":0,"master_deck":["Strike_B","Strike_B","Strike_B","Strike_B","Defend_B","Defend_B","Defend_B","Defend_B","Zap","Dualcast","Gash+1","Go for the Eyes+1","Cold Snap","Cold Snap","Steam"],"relics":["Cracked Core","aspiration:Nostalgia","StuffTheSpire:OccultApparatus","hubris:64BitClover","Juzu Bracelet","StuffTheSpire:TintedRock"],"acts_visited":["Exordium"],"potions_floor_usage":[7,11,13],"damage_taken":[{"damage":0,"enemies":"Cultist","floor":1,"turns":3},{"damage":0,"enemies":"Small Slimes","floor":2,"turns":2},{"damage":7,"enemies":"2 Louse","floor":3,"turns":2},{"damage":12,"enemies":"Large Slime","floor":4,"turns":6},{"damage":6,"enemies":"2 Fungi Beasts","floor":7,"turns":4},{"damage":17,"enemies":"3 Louse","floor":10,"turns":3},{"damage":25,"enemies":"Gremlin Nob","floor":11,"turns":4},{"damage":20,"enemies":"Lagavulin","floor":13,"turns":5}],"seed_played":"1067312951288782972","potions_obtained":[{"floor":2,"key":"SkillPotion"},{"floor":7,"key":"Dexterity Potion"},{"floor":10,"key":"GamblersBrew"}],"is_trial":false,"path_per_floor":["M","M","M","M","?","R","M","R","T","M","E","$","E"],"character_chosen":"DEFECT","items_purchased":["StuffTheSpire:TintedRock","Steam"],"campfire_rested":0,"item_purchase_floors":[12,12],"current_hp_per_floor":[75,75,74,68,68,68,62,62,62,45,20,20,0,0],"gold":11,"neow_bonus":"NOSTALGIA","is_daily":false,"chose_seed":false,"campfire_upgraded":2,"win_rate":0.0,"timestamp":1610531120,"path_taken":["M","M","M","?","?","R","M","R","T","M","E","$","E"],"items_purchased_type":["Relic","Card"],"build_version":"2020-12-22","purchased_purges":0,"victory":false,"max_hp_per_floor":[75,75,75,75,75,75,75,75,75,75,75,75,75,75],"card_choices":[{"not_picked":["Tempest","ReplayTheSpireMod:GoodbyeWorld"],"picked":"Gash","floor":1},{"not_picked":["Genetic Algorithm","Rebound"],"picked":"Go for the Eyes","floor":2},{"not_picked":["hubris:Ukulele","StuffTheSpire:CleanHardDrive","BasicCrystalCard"],"picked":"SKIP","floor":3},{"not_picked":["Defragment","StuffTheSpire:LoadUp"],"picked":"Cold Snap","floor":4},{"not_picked":["Multi-Cast","Steam"],"picked":"Cold Snap","floor":7},{"not_picked":["Ball Lightning","Coolheaded","ReplayTheSpireMod:Repulse"],"picked":"SKIP","floor":10},{"not_picked":["Panic Button","BasicCrystalCard","Multi-Cast"],"picked":"SKIP","floor":11}],"player_experience":276053,"relics_obtained":[{"floor":9,"key":"hubris:64BitClover"},{"floor":11,"key":"Juzu Bracelet"}],"event_choices":[],"is_beta":false,"boss_relics":[],"items_purged_floors":[],"is_endless":false,"potions_floor_spawned":[2,7,10],"killed_by":"Lagavulin","ascension_level":3}}