{"host":"h4lp0eeso8a0ssq0","time":1610555295,"event":{"mods":["2.2 Compatiblity","AchievementEnabler","BaseMod","CapriCore","Colored Map","Minty Spire (QoL Compilation)","StSLib","SuperFastMode"],"gold_per_floor":[116,134,145,145,162,176,176,23,47,47,47,59,88,107,107,179,179,199,213,312,7,26,26,60,60,60,89,89,107,133,162,162,245,317,344,368,293,304,320,320,329,342,342,17,17,17,17,17,17,17],"floor_reached":51,"language":"KOR","playtime":2905,"items_purged":["Envenom"],"score":1236,"play_id":"9a56959f-4a92-4cfc-8da1-37e1bf9c8e0d","local_time":"20210114012815","is_ascension_mode":true,"campfire_choices":[{"data":"Deadly Poison","floor":7.0,"key":"SMITH"},{"data":"Catalyst","floor":11.0,"key":"SMITH"},{"data":"Venomology","floor":15.0,"key":"SMITH"},{"data":"Wraith Form v2","floor":23.0,"key":"SMITH"},{"floor":25.0,"key":"REST"},{"floor":32.0,"key":"REST"},{"floor":41.0,"key":"REST"},{"data":"Sadistic Nature","floor":47.0,"key":"SMITH"},{"data":"Backflip","floor":49.0,"key":"SMITH"}],"circlet_count":0,"master_deck":["AscendersBane","Survivor","Neutralize+1","All Out Attack","Deadly Poison+1","Flying Knee","Dagger Throw","Leg Sweep","Backflip","Catalyst+1","Crippling Poison","Venomology+1","Backflip","Bullet Time","Dash","Bouncing Flask","Wraith Form v2+1","Deadly Poison+1","Escape Plan","Poisoned Stab+1","Well Laid Plans","Die Die Die","Burst","Backflip+1","Burst","Slice","Backstab","Tools of the Trade","Dagger Spray","Crippling Poison","Well Laid Plans+1","Concentrate+1","Sadistic Nature+1"],"relics":["Ring of the Snake","FaceOfCleric","Tiny Chest","Whetstone","Velvet Choker","TwistedFunnel","Dream Catcher","Bronze Scales","FossilizedHelix","Snake Skull","CeramicFish","Pandora\u0027s Box","Singing Bowl","Oddly Smooth Stone","Omamori"],"acts_visited":["Exordium","TheCity","TheBeyond"],"potions_floor_usage":[50],"damage_taken":[{"damage":0.0,"enemies":"2 Louse","floor":1.0,"turns":2.0},{"damage":6.0,"enemies":"Cultist","floor":2.0,"turns":3.0},{"damage":0.0,"enemies":"Small Slimes","floor":3.0,"turns":3.0},{"damage":11.0,"enemies":"Blue Slaver","floor":5.0,"turns":4.0},{"damage":4.0,"enemies":"2 Fungi Beasts","floor":6.0,"turns":3.0},{"damage":0.0,"enemies":"Exordium Thugs","floor":12.0,"turns":3.0},{"damage":2.0,"enemies":"Lagavulin","floor":13.0,"turns":5.0},{"damage":12.0,"enemies":"Lots of Slimes","floor":14.0,"turns":3.0},{"damage":8.0,"enemies":"Hexaghost","floor":16.0,"turns":7.0},{"damage":8.0,"enemies":"Shell Parasite","floor":18.0,"turns":4.0},{"damage":16.0,"enemies":"Spheric Guardian","floor":19.0,"turns":4.0},{"damage":7.0,"enemies":"Snake Plant","floor":22.0,"turns":3.0},{"damage":12.0,"enemies":"Book of Stabbing","floor":24.0,"turns":5.0},{"damage":0.0,"enemies":"Slavers","floor":27.0,"turns":5.0},{"damage":4.0,"enemies":"Cultist and Chosen","floor":29.0,"turns":4.0},{"damage":0.0,"enemies":"Centurion and Healer","floor":31.0,"turns":4.0},{"damage":11.0,"enemies":"Automaton","floor":33.0,"turns":9.0},{"damage":0.0,"enemies":"Orb Walker","floor":35.0,"turns":3.0},{"damage":0.0,"enemies":"3 Darklings","floor":36.0,"turns":2.0},{"damage":0.0,"enemies":"4 Shapes","floor":38.0,"turns":3.0},{"damage":20.0,"enemies":"Spire Growth","floor":39.0,"turns":4.0},{"damage":0.0,"enemies":"Reptomancer","floor":40.0,"turns":2.0},{"damage":0.0,"enemies":"Sphere and 2 Shapes","floor":42.0,"turns":4.0},{"damage":25,"enemies":"Time Eater","floor":50,"turns":8}],"seed_played":"-8383079284805507543","potions_obtained":[{"floor":1.0,"key":"EssenceOfSteel"},{"floor":5.0,"key":"FearPotion"},{"floor":13.0,"key":"EntropicBrew"},{"floor":24.0,"key":"LiquidMemories"},{"floor":27.0,"key":"AttackPotion"},{"floor":33.0,"key":"SteroidPotion"}],"is_trial":false,"path_per_floor":["M","M","M","?","M","M","R","$","T","?","R","M","E","M","R","B",null,"M","M","?","$","M","R","E","R","T","E","?","M","T","M","R","B",null,"M","M","$","M","M","E","R","M","T","$","?","?","R","T","R","B",null],"character_chosen":"THE_SILENT","items_purchased":["Catalyst","Crippling Poison","TwistedFunnel","Dream Catcher","Sadistic Nature","Oddly Smooth Stone"],"campfire_rested":3,"item_purchase_floors":[8,8,21,21,44,44],"current_hp_per_floor":[63,57,57,57,47,44,44,44,44,37,37,38,37,26,26,19,62,55,40,40,40,34,34,23,47,47,48,48,45,45,46,70,60,78,79,80,80,81,62,63,89,90,90,90,85,81,81,81,81,57],"gold":17,"neow_bonus":"TRANSFORM_CARD","is_daily":false,"chose_seed":false,"campfire_upgraded":6,"win_rate":0.0,"timestamp":1610555295,"path_taken":["M","M","M","?","M","M","R","?","T","?","R","M","E","M","R","BOSS","M","M","?","$","M","R","E","R","T","E","?","M","?","M","R","BOSS","M","M","$","M","M","E","R","?","T","$","?","?","R","?","R","BOSS"],"items_purchased_type":["Card","Card","Relic","Relic","Card","Relic"],"build_version":"2020-12-22","purchased_purges":1,"victory":true,"max_hp_per_floor":[70,70,70,70,71,72,72,72,72,72,72,73,74,75,75,76,76,77,78,78,78,79,79,80,80,80,81,81,82,82,83,83,84,84,85,86,86,87,88,89,89,90,90,90,85,91,91,91,91,92],"card_choices":[{"not_picked":["Infinite Blades","Footwork"],"picked":"Deadly Poison","floor":1.0},{"not_picked":["Sucker Punch","Flechettes"],"picked":"Flying Knee","floor":2.0},{"not_picked":["Terror","Distraction"],"picked":"Dagger Throw","floor":3.0},{"not_picked":["Concentrate","Deadly Poison"],"picked":"Leg Sweep","floor":5.0},{"not_picked":["Reflex","PiercingWail"],"picked":"Backflip","floor":6.0},{"not_picked":["PiercingWail","Cloak And Dagger"],"picked":"Venomology","floor":12.0},{"not_picked":["Crippling Poison","Dodge and Roll","Dagger Throw"],"picked":"SKIP","floor":13.0},{"not_picked":["Dodge and Roll","Prepared"],"picked":"Backflip","floor":14.0},{"not_picked":["Wraith Form v2","Night Terror"],"picked":"Bullet Time","floor":16.0},{"not_picked":["Dagger Spray","Dodge and Roll"],"picked":"Dash","floor":18.0},{"not_picked":["Flying Knee","Deadly Poison"],"picked":"Bouncing Flask","floor":19.0},{"not_picked":["Sucker Punch","Escape Plan"],"picked":"Wraith Form v2","floor":22.0},{"not_picked":["Sucker Punch","Quick Slash"],"picked":"Deadly Poison+1","floor":24.0},{"not_picked":["Backstab","Bane"],"picked":"Escape Plan","floor":25.0},{"not_picked":["Flying Knee","Eviscerate"],"picked":"Poisoned Stab+1","floor":27.0},{"not_picked":["Flying Knee","Outmaneuver+1","A Thousand Cuts"],"picked":"SKIP","floor":29.0},{"not_picked":["Quick Slash","Finisher"],"picked":"Well Laid Plans","floor":31.0},{"not_picked":["Storm of Steel","A Thousand Cuts"],"picked":"Die Die Die","floor":33.0},{"not_picked":["Dodge and Roll","PiercingWail"],"picked":"Crippling Poison","floor":35.0},{"not_picked":["Accuracy+1","Underhanded Strike"],"picked":"Well Laid Plans+1","floor":36.0},{"not_picked":["Dodge and Roll+1","Underhanded Strike+1","Deadly Poison"],"picked":"SKIP","floor":38.0},{"not_picked":["Outmaneuver","Blade Dance","Flying Knee+1"],"picked":"SKIP","floor":39.0},{"not_picked":["Bane","Sucker Punch+1"],"picked":"Concentrate+1","floor":41.0},{"not_picked":["Deflect","Terror+1","Die Die Die"],"picked":"SKIP","floor":42.0},{"not_picked":["Discovery","Purity","Jack Of All Trades"],"picked":"Singing Bowl","floor":46.0},{"not_picked":["Dramatic Entrance","Forethought","Jack Of All Trades"],"picked":"Singing Bowl","floor":46.0},{"not_picked":["Thinking Ahead","Jack Of All Trades","The Bomb"],"picked":"Singing Bowl","floor":46.0}],"player_experience":156127,"relics_obtained":[{"floor":9.0,"key":"Tiny Chest"},{"floor":13.0,"key":"Whetstone"},{"floor":24.0,"key":"Bronze Scales"},{"floor":26.0,"key":"FossilizedHelix"},{"floor":27.0,"key":"Snake Skull"},{"floor":30.0,"key":"CeramicFish"},{"floor":43.0,"key":"Singing Bowl"},{"floor":48.0,"key":"Omamori"}],"event_choices":[{"damage_healed":0.0,"max_hp_gain":0.0,"max_hp_loss":0.0,"gold_gain":0.0,"event_name":"FaceTrader","player_choice":"Trade","floor":4.0,"gold_loss":0.0,"damage_taken":0.0,"relics_obtained":["FaceOfCleric"]},{"cards_removed":["Strike_G"],"damage_healed":0.0,"max_hp_gain":0.0,"max_hp_loss":0.0,"gold_gain":0.0,"event_name":"Golden Wing","player_choice":"Card Removal","floor":10.0,"gold_loss":0.0,"damage_taken":7.0},{"damage_healed":0.0,"max_hp_gain":0.0,"max_hp_loss":0.0,"gold_gain":99.0,"event_name":"Nest","player_choice":"Stole From Cult","floor":20.0,"gold_loss":0.0,"damage_taken":0.0},{"damage_healed":0.0,"max_hp_gain":0.0,"max_hp_loss":0.0,"gold_gain":0.0,"event_name":"The Mausoleum","player_choice":"Ignored","floor":28.0,"gold_loss":0.0,"damage_taken":0.0},{"damage_healed":0.0,"max_hp_gain":0.0,"max_hp_loss":5.0,"gold_gain":0.0,"event_name":"Winding Halls","player_choice":"Max HP","floor":45.0,"gold_loss":0.0,"damage_taken":0.0},{"damage_healed":0.0,"max_hp_gain":0.0,"max_hp_loss":0.0,"gold_gain":0.0,"event_name":"SensoryStone","player_choice":"Memory 3","floor":46.0,"gold_loss":0.0,"damage_taken":10.0}],"is_beta":false,"boss_relics":[{"not_picked":["Busted Crown","WristBlade"],"picked":"Velvet Choker"},{"not_picked":["SlaversCollar","Empty Cage"],"picked":"Pandora\u0027s Box"}],"items_purged_floors":[37],"is_endless":false,"potions_floor_spawned":[1,5,13,14,16,24,27,33,35,39],"ascension_level":13}}