{"host":"uvd23xk3ig6bv7xx","time":1610556060,"event":{"mods":["BaseMod","Colored Powertips","Minty Spire (QoL Compilation)","Quick Restart","Replay The Spire","StSLib","SuperFastMode"],"gold_per_floor":[109,127,302,52,66,66,66,79,102,27,27,42,42,75,75,75,75],"floor_reached":16,"language":"ZHS","playtime":542,"items_purged":["Doubt"],"score":100,"play_id":"44a81ec1-a763-4032-9f97-b2c2307fe295","local_time":"20210114004100","daily_mods":["Heirloom","Flight"],"is_ascension_mode":false,"campfire_choices":[{"data":"Uppercut","floor":6,"key":"SMITH"},{"data":"Heavy Blade","floor":7,"key":"SMITH"},{"data":"Flex","floor":11,"key":"SMITH"},{"data":"ReplayTheSpireMod:Limb From Limb","floor":15,"key":"SMITH"}],"circlet_count":0,"master_deck":["Strike_R","Strike_R","Strike_R","Strike_R","Defend_R","Defend_R","Defend_R","Defend_R","Bash","Uppercut+1","Flex+1","Heavy Blade+1","Replay:Many Hands+1","ReplayTheSpireMod:Limb From Limb+1","Abandon+1","Armaments+1"],"relics":["Burning Blood","Pondfish Scales","Toxic Egg 2","Oddly Smooth Stone","Bronze Scales"],"acts_visited":["Exordium"],"potions_floor_usage":[16],"damage_taken":[{"damage":8.0,"enemies":"Small Slimes","floor":1.0,"turns":4.0},{"damage":6.0,"enemies":"Jaw Worm","floor":2.0,"turns":3.0},{"damage":1,"enemies":"Cultist","floor":5,"turns":3},{"damage":18,"enemies":"Looter","floor":8,"turns":3},{"damage":5,"enemies":"Red Slaver","floor":12,"turns":3},{"damage":18,"enemies":"Gremlin Nob","floor":14,"turns":4},{"damage":66,"enemies":"Fading Forest","floor":16,"turns":9}],"seed_played":"8099695692012785233","potions_obtained":[{"floor":2.0,"key":"Elixir"},{"floor":8,"key":"Elixir"},{"floor":14,"key":"SpeedPotion"}],"is_trial":true,"path_per_floor":["M","M","?","$","M","R","R","M","T","$","R","M","?","E","R","B"],"character_chosen":"IRONCLAD","items_purchased":["Toxic Egg 2"],"campfire_rested":0,"item_purchase_floors":[4],"current_hp_per_floor":[78,78,78,78,80,80,80,68,68,68,68,69,69,57,57,0,0],"gold":75,"neow_bonus":"","is_daily":false,"chose_seed":false,"campfire_upgraded":4,"win_rate":0.0,"timestamp":1610556060,"path_taken":["M","M","?","?","?","R","R","?","T","$","R","M","?","E","R","BOSS"],"items_purchased_type":["Relic"],"build_version":"2020-12-22","purchased_purges":1,"victory":false,"max_hp_per_floor":[80,80,80,80,80,80,80,80,80,80,80,80,80,80,80,80,80],"card_choices":[{"not_picked":["Wild Strike","Clothesline"],"picked":"Uppercut","floor":1.0},{"not_picked":["Defy Death","Reckless Charge"],"picked":"Flex","floor":2.0},{"not_picked":["Run Through","Replay:Undeath\u0027s Touch"],"picked":"Heavy Blade","floor":5},{"not_picked":["Carnage","Heavy Blade"],"picked":"Replay:Many Hands+1","floor":8},{"not_picked":["Second Wind+1","ReplayTheSpireMod:Strike From Hell"],"picked":"ReplayTheSpireMod:Limb From Limb","floor":12},{"not_picked":["ReplayTheSpireMod:Limb From Limb","Clash"],"picked":"Armaments+1","floor":14}],"player_experience":333202,"relics_obtained":[{"floor":9,"key":"Oddly Smooth Stone"},{"floor":14,"key":"Bronze Scales"}],"event_choices":[{"damage_healed":0.0,"max_hp_gain":0.0,"max_hp_loss":0.0,"gold_gain":175.0,"event_name":"Liars Game","player_choice":"AGREE","floor":3.0,"gold_loss":0.0,"damage_taken":0.0,"cards_obtained":["Doubt"]},{"damage_healed":0,"gold_gain":0,"cards_transformed":["Strike_R"],"player_choice":"Transformed","damage_taken":0,"max_hp_gain":0,"max_hp_loss":0,"event_name":"Transmorgrifier","floor":13,"gold_loss":0,"cards_obtained":["Abandon"]}],"is_beta":false,"boss_relics":[],"items_purged_floors":[10],"is_endless":false,"potions_floor_spawned":[2,8,14],"killed_by":"Fading Forest","ascension_level":0}}