{"host":"g7trc0x2teqyd8ye","time":1610534104,"event":{"mods":["BaseMod","Key Reminder","Minty Spire (QoL Compilation)","Relic Stats"],"gold_per_floor":[113,131,148,163,177,204,204,233,281,281,57,90,102,102,102,204,204,214,233,53,53,143,143,143,143],"floor_reached":24,"language":"ENG","playtime":1058,"items_purged":[],"score":371,"play_id":"ef7ebd28-0ee6-4f2c-8118-3588b8895e90","local_time":"20210113113504","is_ascension_mode":true,"campfire_choices":[{"data":"Tempest","floor":7,"key":"SMITH"},{"floor":10,"key":"REST"},{"floor":15,"key":"REST"},{"floor":23,"key":"REST"}],"circlet_count":0,"master_deck":["AscendersBane","Strike_B","Strike_B","Strike_B","Defend_B","Defend_B","Defend_B","Defend_B","Zap","Dualcast","Conserve Battery","Leap","Tempest+1","Cold Snap","Sweeping Beam","Thunder Strike","Ball Lightning","Tempest+1","Conserve Battery","Ball Lightning","Self Repair","Melter","Rebound","Rainbow","Turbo","Beam Cell","Electrodynamics","Stack","Ghostly","Ghostly","Ghostly","Ghostly","Ghostly"],"relics":["Cracked Core","Matryoshka","Omamori","Juzu Bracelet","Vajra","DollysMirror","Regal Pillow","keyreminder:keyreminder","Fusion Hammer"],"acts_visited":["Exordium","TheCity"],"potions_floor_usage":[16,16,24],"damage_taken":[{"damage":4,"enemies":"Jaw Worm","floor":1,"turns":3},{"damage":0,"enemies":"Small Slimes","floor":2,"turns":4},{"damage":1,"enemies":"Cultist","floor":3,"turns":3},{"damage":9,"enemies":"Exordium Wildlife","floor":4,"turns":6},{"damage":6,"enemies":"Looter","floor":5,"turns":3},{"damage":20,"enemies":"Gremlin Nob","floor":6,"turns":4},{"damage":26,"enemies":"3 Sentries","floor":8,"turns":7},{"damage":16,"enemies":"Gremlin Nob","floor":12,"turns":3},{"damage":10,"enemies":"Lots of Slimes","floor":13,"turns":3},{"damage":37,"enemies":"Hexaghost","floor":16,"turns":9},{"damage":0,"enemies":"Chosen","floor":18,"turns":4},{"damage":33,"enemies":"2 Thieves","floor":19,"turns":4},{"damage":43,"enemies":"Book of Stabbing","floor":24,"turns":5}],"seed_played":"-3625615920797949969","potions_obtained":[{"floor":2,"key":"Dexterity Potion"},{"floor":4,"key":"Swift Potion"},{"floor":8,"key":"Explosive Potion"},{"floor":19,"key":"BlessingOfTheForge"}],"is_trial":false,"path_per_floor":["M","M","M","M","M","E","R","E","T","R","$","E","M","?","R","B",null,"M","M","$","?","?","R","E"],"character_chosen":"DEFECT","items_purchased":["DollysMirror","Conserve Battery","Ball Lightning","Electrodynamics","Stack"],"campfire_rested":3,"item_purchase_floors":[11,11,11,20,20],"current_hp_per_floor":[71,71,70,61,55,35,35,9,9,33,33,17,14,14,53,23,67,67,41,41,41,29,41,0,0],"gold":143,"neow_bonus":"TEN_PERCENT_HP_BONUS","is_daily":false,"chose_seed":false,"campfire_upgraded":1,"win_rate":0.0,"timestamp":1610534104,"path_taken":["M","M","M","M","M","E","R","E","T","R","$","E","M","?","R","BOSS","M","M","$","?","?","R","E"],"items_purchased_type":["Relic","Card","Card","Card","Card"],"build_version":"2020-12-22","purchased_purges":0,"victory":false,"max_hp_per_floor":[82,82,82,82,82,82,82,82,82,82,82,82,82,82,82,82,82,82,82,82,41,41,41,41,41],"relic_stats":{"Regal Pillow":15,"counters":[13,58],"Juzu Bracelet":0,"obtain_stats":[{"keyreminder:keyreminder":12,"Regal Pillow":12,"Matryoshka":6,"DollysMirror":11,"Vajra":9,"Fusion Hammer":17,"Omamori":8,"Juzu Bracelet":9,"Cracked Core":0},{"keyreminder:keyreminder":8,"Regal Pillow":8,"Matryoshka":6,"DollysMirror":7,"Vajra":7,"Fusion Hammer":10,"Omamori":7,"Juzu Bracelet":7,"Cracked Core":0},{"keyreminder:keyreminder":33,"Regal Pillow":33,"Matryoshka":23,"DollysMirror":30,"Vajra":30,"Fusion Hammer":45,"Omamori":30,"Juzu Bracelet":30,"Cracked Core":0}]},"card_choices":[{"not_picked":["Reprogram","Sweeping Beam"],"picked":"Conserve Battery","floor":1},{"not_picked":["Barrage","Beam Cell"],"picked":"Leap","floor":2},{"not_picked":["Streamline","Steam Power"],"picked":"Tempest","floor":3},{"not_picked":["Beam Cell","Stack"],"picked":"Cold Snap","floor":4},{"not_picked":["Go for the Eyes","Gash"],"picked":"Sweeping Beam","floor":5},{"not_picked":["Conserve Battery","Scrape"],"picked":"Thunder Strike","floor":6},{"not_picked":["Hello World","Glacier"],"picked":"Ball Lightning","floor":8},{"not_picked":["Conserve Battery","Compile Driver"],"picked":"Self Repair","floor":12},{"not_picked":["Stack","Rebound"],"picked":"Melter","floor":13},{"not_picked":["Amplify","Reboot"],"picked":"Rainbow","floor":16},{"not_picked":["Leap","Force Field"],"picked":"Turbo","floor":18},{"not_picked":["Rebound","Loop"],"picked":"Beam Cell","floor":19}],"player_experience":908105,"relics_obtained":[{"floor":6,"key":"Matryoshka"},{"floor":8,"key":"Omamori"},{"floor":9,"key":"Juzu Bracelet"},{"floor":9,"key":"Vajra"},{"floor":12,"key":"Regal Pillow"}],"event_choices":[{"damage_healed":0,"gold_gain":0,"cards_transformed":["Strike_B"],"player_choice":"Change","damage_taken":0,"max_hp_gain":0,"max_hp_loss":0,"event_name":"Living Wall","floor":14,"gold_loss":0,"cards_obtained":["Rebound"]},{"damage_healed":0,"gold_gain":0,"player_choice":"Became a Ghost","damage_taken":0,"max_hp_gain":0,"max_hp_loss":41,"event_name":"Ghosts","floor":21,"gold_loss":0,"cards_obtained":["Ghostly","Ghostly","Ghostly","Ghostly","Ghostly"]},{"damage_healed":0,"gold_gain":90,"player_choice":"GOLD ","damage_taken":12,"max_hp_gain":0,"max_hp_loss":0,"event_name":"Knowing Skull","floor":22,"potions_obtained":[],"gold_loss":0,"cards_obtained":[]}],"is_beta":false,"boss_relics":[{"not_picked":["FrozenCore","Runic Dome"],"picked":"Fusion Hammer"}],"items_purged_floors":[],"is_endless":false,"potions_floor_spawned":[2,4,8,12,19],"killed_by":"Book of Stabbing","ascension_level":12}}