{"host":"vm3f1ccwgbs4oygt","time":1610575263,"event":{"mods":["BaseMod","BetterRewards","Colored Powertips","Minty Spire (QoL Compilation)","Permanent Neow","Replay The Spire","Shop Mod","StSLib"],"gold_per_floor":[109,109,120,134,99,130,130,140,140,154,154,154,154,182,182,285,285,301,319,338,253,278,278,278,278],"floor_reached":24,"language":"ENG","playtime":2636,"items_purged":[],"score":206,"play_id":"f5cbe449-b03a-4add-8841-7ce0a3967833","local_time":"20210113230103","is_ascension_mode":false,"campfire_choices":[{"data":"Outmaneuver","floor":7,"key":"SMITH"},{"data":"Footwork","floor":13,"key":"SMITH"},{"floor":15,"key":"REST"},{"data":"Skewer","floor":23,"key":"SMITH"}],"circlet_count":0,"master_deck":["Strike_G","Strike_G","Strike_G","Strike_G","Strike_G","Defend_G","Defend_G","Defend_G","Defend_G","Defend_G","Survivor","Neutralize","Skewer+1","Outmaneuver+1","Poisoned Stab","Footwork+1","Poisoned Stab","Flying Knee","Malaise","Hidden Blade","Leg Sweep","Burst","Bane+1","Sucker Punch+1","Dagger Throw+1"],"relics":["Black Star","Divine Protection","Paper Crane","Frozen Egg 2","Replay:Mystery Machine","Art of War","Replay:Bottled Snecko","Sozu","Question Card","Orichalcum"],"acts_visited":["Exordium","TheCity"],"potions_floor_usage":[6,14,16,24],"damage_taken":[{"damage":0,"enemies":"2 Louse","floor":1,"turns":3},{"damage":1,"enemies":"Cultist","floor":3,"turns":4},{"damage":5,"enemies":"Jaw Worm","floor":4,"turns":6},{"damage":17,"enemies":"3 Sentries","floor":6,"turns":7},{"damage":5,"enemies":"Exordium Wildlife","floor":8,"turns":6},{"damage":0,"enemies":"2 Fungi Beasts","floor":10,"turns":4},{"damage":15,"enemies":"Gremlin Nob","floor":14,"turns":5},{"damage":33,"enemies":"Fading Forest","floor":16,"turns":11},{"damage":11,"enemies":"3 Byrds","floor":18,"turns":7},{"damage":0,"enemies":"Chosen","floor":19,"turns":5},{"damage":1,"enemies":"Snake Plant","floor":20,"turns":4},{"damage":58,"enemies":"Gremlin Leader","floor":24,"turns":6}],"seed_played":"-1246395799131058436","potions_obtained":[{"floor":1,"key":"Poison Potion"},{"floor":3,"key":"AttackPotion"},{"floor":10,"key":"FearPotion"},{"floor":16,"key":"Swift Potion"}],"is_trial":false,"path_per_floor":["M","?","M","M","?","E","R","M","T","M","T","?","R","E","R","B",null,"M","M","M","?","T","R","E"],"character_chosen":"THE_SILENT","items_purchased":[],"campfire_rested":1,"item_purchase_floors":[],"current_hp_per_floor":[70,70,69,64,70,53,53,48,48,48,48,48,48,33,54,31,70,59,59,58,58,58,58,0,0],"gold":278,"neow_bonus":"BOSS_RELIC","is_daily":false,"chose_seed":false,"campfire_upgraded":3,"win_rate":0.0,"timestamp":1610575263,"path_taken":["M","?","M","?","?","E","R","M","T","M","?","?","R","E","R","BOSS","M","M","?","?","?","R","E"],"items_purchased_type":[],"build_version":"2020-12-22","purchased_purges":0,"victory":false,"max_hp_per_floor":[70,70,70,70,70,70,70,70,70,70,70,70,70,70,70,70,70,70,70,70,70,70,70,70,70],"card_choices":[{"not_picked":["Terror","Blade Dance"],"picked":"Dagger Spray","floor":1},{"not_picked":["Flying Knee","All Out Attack"],"picked":"Outmaneuver","floor":3},{"not_picked":["Dodge and Roll","Outmaneuver"],"picked":"Poisoned Stab","floor":4},{"not_picked":["Die Die Die","Deflect"],"picked":"Footwork","floor":6},{"not_picked":["Heel Hook","Acrobatics"],"picked":"Poisoned Stab","floor":8},{"not_picked":["Finisher","ReplayTheSpireMod:The Works"],"picked":"Flying Knee","floor":10},{"not_picked":["Dodge and Roll","Prepared"],"picked":"Leg Sweep","floor":14},{"not_picked":["ReplayTheSpireMod:Necrosis","Atom Bomb"],"picked":"Burst","floor":16},{"not_picked":["Underhanded Strike","Predator"],"picked":"Bane+1","floor":18},{"not_picked":["PiercingWail","Heel Hook"],"picked":"Sucker Punch+1","floor":19},{"not_picked":["Deflect","Dodge and Roll"],"picked":"Dagger Throw+1","floor":20}],"player_experience":399948,"relics_obtained":[{"floor":6,"key":"Divine Protection"},{"floor":6,"key":"Paper Crane"},{"floor":9,"key":"Frozen Egg 2"},{"floor":11,"key":"Replay:Mystery Machine"},{"floor":14,"key":"Art of War"},{"floor":14,"key":"Replay:Bottled Snecko"},{"floor":22,"key":"Orichalcum"}],"event_choices":[{"damage_healed":0,"gold_gain":0,"cards_transformed":["Dagger Spray"],"player_choice":"Transformed","damage_taken":0,"max_hp_gain":0,"max_hp_loss":0,"event_name":"Transmorgrifier","floor":2,"gold_loss":0,"cards_obtained":["Skewer"]},{"damage_healed":17,"gold_gain":0,"player_choice":"Healed","damage_taken":0,"max_hp_gain":0,"max_hp_loss":0,"event_name":"The Cleric","floor":5,"gold_loss":35},{"damage_healed":0,"gold_gain":0,"player_choice":"2 cards matched","damage_taken":0,"max_hp_gain":0,"max_hp_loss":0,"event_name":"Match and Keep!","floor":12,"gold_loss":0,"cards_obtained":["Malaise","Hidden Blade"]},{"damage_healed":0,"gold_gain":0,"player_choice":"Obtained Relic","damage_taken":0,"relics_obtained":["Question Card"],"max_hp_gain":0,"max_hp_loss":0,"event_name":"Addict","floor":21,"gold_loss":85}],"is_beta":false,"boss_relics":[{"not_picked":["SacredBark","Ectoplasm"],"picked":"Sozu"}],"items_purged_floors":[],"is_endless":false,"potions_floor_spawned":[1,3,10,16,18,19],"killed_by":"Gremlin Leader","ascension_level":0}}