{"host":"9j9ju8r45kuhshxi","time":1610580426,"event":{"mods":["BaseMod","Colored Map","Colored Powertips","Highlight Path","Marisa（F雨　魔理沙）","Minty Spire (QoL Compilation)","Replay The Spire","Ryuuou龙王","StSLib","[功能]功能增强和修复MOD"],"gold_per_floor":[116,135,135,149,114,139,139,139,166,192,192,218,268,292,292,398,425,452,392,418,466,501,501,501],"floor_reached":23,"language":"ZHS","playtime":1201,"items_purged":["Strike_P","Strike_P","Defend_P","Defend_P","Strike_P","Defend_P","Survey Options","Looming Evil","Weave"],"score":324,"play_id":"9c0f840e-f8a5-4728-81e3-8681b8ff51ed","local_time":"20210114072706","is_ascension_mode":true,"campfire_choices":[{"floor":8.0,"key":"RECALL"},{"data":"ConjureBlade","floor":15.0,"key":"SMITH"}],"circlet_count":0,"master_deck":["Vigilance","Prostrate","CarveReality","Blasphemy+1","Eruption","Crescendo+1","Master of Strategy","Weave","ThirdEye","PathToVictory+1","DeceiveReality","ConjureBlade+1","Establishment+1","FlurryOfBlows+1","Replay:DivineShield+1","Replay:LoomingThreat+1","DeceiveReality+1","Fasting2","ReplayTheSpireMod:Faulty Equipment","ReplayTheSpireMod:Faulty Equipment","Worship","Nirvana+1","Nirvana+1","Indignation+1","Normality","Specialist+1"],"relics":["PureWater","NeowsBlessing","Frozen Eye","Blue Doll","Tiny Chest","Omamori","ReplayTheSpireMod:TigerMarble","TeardropLocket","Pondfish Scales","Ring of Greed","Golden Egg","ReplayTheSpireMod:Ring of Collecting","Replay:Wax Seal","ReplayTheSpireMod:Ring of Challenge","CeramicFish","Astrolabe","Toolbox","Replay:Baseball","War Paint"],"acts_visited":["Exordium","TheCity"],"potions_floor_usage":[23],"damage_taken":[{"damage":0.0,"enemies":"Cultist","floor":1.0,"turns":1.0},{"damage":0.0,"enemies":"Small Slimes","floor":2.0,"turns":1.0},{"damage":0.0,"enemies":"Jaw Worm","floor":4.0,"turns":1.0},{"damage":0.0,"enemies":"Gremlin Nob","floor":6.0,"turns":2.0},{"damage":0.0,"enemies":"3 Sentries","floor":10.0,"turns":2.0},{"damage":0.0,"enemies":"Replay:BlueRogue","floor":12.0,"turns":1.0},{"damage":32.0,"enemies":"Hexaghost","floor":16.0,"turns":3.0},{"damage":0.0,"enemies":"Chosen","floor":18.0,"turns":3.0},{"damage":12.0,"enemies":"3 Byrds","floor":20.0,"turns":3.0},{"damage":23,"enemies":"Centurion and Healer","floor":21,"turns":4},{"damage":41,"enemies":"Book of Stabbing","floor":23,"turns":3}],"seed_played":"-2116663887047840675","potions_obtained":[{"floor":1.0,"key":"Strength Potion"},{"floor":2.0,"key":"FearPotion"},{"floor":4.0,"key":"Fire Potion"},{"floor":6.0,"key":"Explosive Potion"},{"floor":10.0,"key":"Swift Potion"},{"floor":10.0,"key":"SpeedPotion"},{"floor":16.0,"key":"Block Potion"},{"floor":20.0,"key":"Toxic Potion"},{"floor":20.0,"key":"SpeedPotion"},{"floor":21,"key":"Elixir"}],"is_trial":false,"path_per_floor":["M","M","?","M","$","E","?","R","T","E","?","E","?","T","R","B",null,"M","?","M","M","$","E"],"character_chosen":"WATCHER","items_purchased":["Frozen Eye","Blue Doll","Tiny Chest","Master of Strategy","Weave","ThirdEye","Toolbox","Replay:Baseball","War Paint","Nirvana","Indignation","Specialist"],"campfire_rested":0,"item_purchase_floors":[5,5,5,5,5,5,22,22,22,22,22,22],"current_hp_per_floor":[72,72,72,72,72,72,65,65,65,69,69,69,69,69,69,37,72,72,72,60,37,37,0,0],"gold":501,"neow_bonus":"THREE_ENEMY_KILL","is_daily":false,"chose_seed":false,"campfire_upgraded":1,"win_rate":0.0,"timestamp":1610580426,"path_taken":["M","?","?","?","$","E","?","R","T","E","?","E","?","?","R","BOSS","M","?","M","M","$","E"],"items_purchased_type":["Relic","Relic","Relic","Card","Card","Card","Relic","Relic","Relic","Card","Card","Card"],"build_version":"2020-12-22","purchased_purges":9,"victory":false,"max_hp_per_floor":[72,72,72,72,72,72,72,72,72,72,72,72,72,72,72,72,72,72,72,72,72,72,72,72],"card_choices":[{"not_picked":["BattleHymn","FollowUp"],"picked":"Prostrate","floor":1.0},{"not_picked":["BowlingBash","Halt"],"picked":"CarveReality","floor":2.0},{"not_picked":["InnerPeace","BowlingBash"],"picked":"Crescendo","floor":4.0},{"not_picked":["Replay:ManipulateFuture","Protect"],"picked":"PathToVictory","floor":6.0},{"not_picked":["InnerPeace","Replay:BluntJabs"],"picked":"DeceiveReality","floor":10.0},{"not_picked":["Prostrate","Wireheading"],"picked":"ConjureBlade","floor":12.0},{"not_picked":["ConjureBlade","DeusExMachina"],"picked":"Establishment","floor":16.0},{"not_picked":["MentalFortress","Replay:BluntJabs+1"],"picked":"DeceiveReality+1","floor":18.0},{"not_picked":["CrushJoints","JustLucky"],"picked":"Fasting2","floor":20.0},{"not_picked":["JustLucky","FlyingSleeves"],"picked":"Worship","floor":21}],"player_experience":107801,"relics_obtained":[{"floor":6.0,"key":"Omamori"},{"floor":10.0,"key":"TeardropLocket"},{"floor":12.0,"key":"Pondfish Scales"},{"floor":13.0,"key":"Ring of Greed"},{"floor":13.0,"key":"Golden Egg"},{"floor":13.0,"key":"ReplayTheSpireMod:Ring of Collecting"},{"floor":13.0,"key":"Replay:Wax Seal"},{"floor":14.0,"key":"ReplayTheSpireMod:Ring of Challenge"},{"floor":14.0,"key":"CeramicFish"}],"event_choices":[{"damage_healed":0.0,"max_hp_gain":0.0,"max_hp_loss":0.0,"gold_gain":0.0,"event_name":"Match and Keep!","player_choice":"3 cards matched","floor":3.0,"gold_loss":0.0,"damage_taken":0.0,"cards_obtained":["Survey Options","Blasphemy","Eruption"]},{"damage_healed":0.0,"max_hp_gain":0.0,"max_hp_loss":0.0,"gold_gain":0.0,"event_name":"Scrap Ooze","player_choice":"Success","floor":7.0,"gold_loss":0.0,"damage_taken":7.0,"relics_obtained":["ReplayTheSpireMod:TigerMarble"]}],"is_beta":false,"boss_relics":[{"not_picked":["Runic Dome","ReplayTheSpireMod:DimensionalGlitch"],"picked":"Astrolabe"}],"items_purged_floors":[5,5,5,5,5,5,5,22,22],"is_endless":false,"potions_floor_spawned":[1,2,4,6,6,10,10,16,20,20,21],"killed_by":"Book of Stabbing","ascension_level":3}}