{"host":"rolltorest","time":1610511261,"event":{"mods":["BaseMod","Minty Spire (QoL Compilation)","Relic Stats","Slay the Relics Exporter","StSLib","The Bladedancer"],"gold_per_floor":[115,135,154,154,169,495,512,540,540,540,540],"floor_reached":10,"language":"ENG","playtime":320,"items_purged":[],"score":160,"play_id":"7c9c48ee-78b4-4197-8b2c-65786064c0f6","local_time":"20210112201421","is_ascension_mode":true,"campfire_choices":[],"circlet_count":0,"master_deck":["AscendersBane","blademaster:Strike","blademaster:Strike","blademaster:Strike","blademaster:Strike","blademaster:Defend","blademaster:Defend","blademaster:Defend","blademaster:Defend","blademaster:RagingBlow","blademaster:HighVoltage","Dramatic Entrance","blademaster:FuriousStrike","blademaster:TraverseCut","blademaster:DancingEdge","blademaster:AirSlash","blademaster:EnchantedCuirass","blademaster:DaggerAndCloak","blademaster:DragonStrike"],"relics":["blademaster:DancersAmulet","Old Coin","Frozen Egg 2"],"acts_visited":["Exordium"],"potions_floor_usage":[8],"damage_taken":[{"damage":0,"enemies":"2 Louse","floor":1,"turns":2},{"damage":0,"enemies":"Cultist","floor":2,"turns":3},{"damage":0,"enemies":"Small Slimes","floor":3,"turns":1},{"damage":7,"enemies":"Exordium Thugs","floor":5,"turns":4},{"damage":30,"enemies":"Lagavulin","floor":6,"turns":5},{"damage":6,"enemies":"3 Louse","floor":7,"turns":3},{"damage":3,"enemies":"Gremlin Nob","floor":8,"turns":3},{"damage":10,"enemies":"Lagavulin","floor":10,"turns":3}],"seed_played":"-7692548165021387989","potions_obtained":[{"floor":3,"key":"Ancient Potion"},{"floor":7,"key":"GamblersBrew"}],"is_trial":false,"path_per_floor":["M","M","M","?","M","E","M","E","T","E"],"character_chosen":"THE_BLADEMASTER","items_purchased":[],"campfire_rested":0,"item_purchase_floors":[],"current_hp_per_floor":[64,64,64,64,57,27,21,18,18,8,8],"gold":540,"neow_bonus":"RANDOM_COLORLESS","is_daily":false,"chose_seed":false,"campfire_upgraded":0,"win_rate":0.0,"timestamp":1610511261,"path_taken":["M","M","M","?","?","E","M","E","T","E"],"items_purchased_type":[],"build_version":"2020-12-18","purchased_purges":0,"victory":false,"max_hp_per_floor":[71,71,71,71,71,71,71,71,71,71,71],"relic_stats":{"counters":[8,24],"obtain_stats":[{"blademaster:RandomStancePerk":6,"blademaster:StrongPerk":8,"blademaster:DancersAmulet":0,"Frozen Egg 2":8,"Old Coin":6},{"blademaster:RandomStancePerk":5,"blademaster:StrongPerk":7,"blademaster:DancersAmulet":0,"Frozen Egg 2":7,"Old Coin":5},{"blademaster:RandomStancePerk":15,"blademaster:StrongPerk":21,"blademaster:DancersAmulet":0,"Frozen Egg 2":21,"Old Coin":15}]},"card_choices":[{"not_picked":["Panacea","Jack Of All Trades"],"picked":"Dramatic Entrance","floor":0},{"not_picked":["blademaster:Frontflip","blademaster:Vortex"],"picked":"blademaster:FuriousStrike","floor":1},{"not_picked":["blademaster:ParryingStrike","blademaster:Reversal"],"picked":"blademaster:TraverseCut","floor":2},{"not_picked":["blademaster:Discharge","blademaster:Frontflip"],"picked":"blademaster:DancingEdge","floor":3},{"not_picked":["blademaster:Hailwind","blademaster:AwakeningDefend"],"picked":"blademaster:AirSlash","floor":5},{"not_picked":["blademaster:SlyStabs","blademaster:Sharpen"],"picked":"blademaster:EnchantedCuirass","floor":6},{"not_picked":["blademaster:Quickstep","blademaster:AwakeningDefend"],"picked":"blademaster:DaggerAndCloak","floor":7},{"not_picked":["blademaster:Reversal","blademaster:AspectOfWind"],"picked":"blademaster:DragonStrike","floor":8}],"player_experience":1773018,"relics_obtained":[{"floor":6,"key":"Old Coin"},{"floor":6,"key":"blademaster:RandomStancePerk"},{"floor":8,"key":"Frozen Egg 2"},{"floor":8,"key":"blademaster:StrongPerk"}],"event_choices":[{"damage_healed":0,"gold_gain":0,"player_choice":"0 cards matched","damage_taken":0,"max_hp_gain":0,"max_hp_loss":0,"event_name":"Match and Keep!","floor":4,"gold_loss":0,"cards_obtained":[]}],"is_beta":true,"boss_relics":[],"items_purged_floors":[],"is_endless":false,"potions_floor_spawned":[3,7],"killed_by":"Lagavulin","ascension_level":20}}