{"host":"01gbg40krdpein5y","time":1610527901,"event":{"mods":["BaseMod","BetterRewards","Minty Spire (QoL Compilation)","Permanent Neow","SuperFastMode","Transform Curses"],"gold_per_floor":[110,110,285,285,302,302,318,331,408,425,15,25,25,56,56,161,161,180,180,196,196,213,213,213,213,213,248,268,268,286,305,305,408,408,418,468,468,480,480,509,509,509],"floor_reached":41,"language":"ENG","playtime":2033,"items_purged":[],"score":445,"play_id":"a4844ef9-a7c6-444d-b460-d8d1d2a845f5","local_time":"20210113005141","is_ascension_mode":false,"campfire_choices":[{"data":"Fusion","floor":6,"key":"SMITH"},{"floor":13,"key":"REST"},{"floor":15,"key":"REST"},{"floor":23,"key":"REST"},{"data":"Storm","floor":25,"key":"SMITH"},{"floor":29,"key":"REST"},{"floor":32,"key":"REST"}],"circlet_count":0,"master_deck":["Strike_B","Strike_B","Strike_B","Defend_B","Defend_B","Defend_B","Zap+1","Dualcast+1","BootSequence+1","Fusion+1","Capacitor","Buffer","Panache","Defragment","Self Repair","Electrodynamics","Tempest+1","Recycle+1","Rebound+1","Consume","Shame","Capacitor","Storm+1","Loop","Meteor Strike","Biased Cognition","Go for the Eyes+1","Parasite","Writhe","Seek"],"relics":["Cracked Core","NeowsBlessing","Cables","Regal Pillow","PreservedInsect","Astrolabe","Juzu Bracelet","Oddly Smooth Stone","Vajra","Black Star","Torii","MealTicket","Dream Catcher"],"acts_visited":["Exordium","TheCity","TheBeyond"],"potions_floor_usage":[8,16,16,16,16,27,27,36,36,37],"damage_taken":[{"damage":0,"enemies":"Cultist","floor":1,"turns":1},{"damage":0,"enemies":"Small Slimes","floor":5,"turns":1},{"damage":0,"enemies":"2 Louse","floor":7,"turns":1},{"damage":8,"enemies":"Gremlin Gang","floor":8,"turns":7},{"damage":10,"enemies":"Lots of Slimes","floor":10,"turns":3},{"damage":5,"enemies":"3 Louse","floor":12,"turns":3},{"damage":33,"enemies":"Lagavulin","floor":14,"turns":10},{"damage":46,"enemies":"Slime Boss","floor":16,"turns":10},{"damage":0,"enemies":"Chosen","floor":18,"turns":4},{"damage":20,"enemies":"Spheric Guardian","floor":20,"turns":4},{"damage":28,"enemies":"Cultist and Chosen","floor":22,"turns":6},{"damage":33,"enemies":"Slavers","floor":27,"turns":3},{"damage":33,"enemies":"3 Cultists","floor":28,"turns":4},{"damage":18,"enemies":"Centurion and Healer","floor":30,"turns":3},{"damage":10,"enemies":"Sentry and Sphere","floor":31,"turns":3},{"damage":36,"enemies":"Automaton","floor":33,"turns":7},{"damage":9,"enemies":"3 Shapes","floor":35,"turns":2},{"damage":34,"enemies":"Mind Bloom Boss Battle","floor":36,"turns":5},{"damage":0,"enemies":"3 Darklings","floor":37,"turns":2},{"damage":16,"enemies":"Writhing Mass","floor":38,"turns":4},{"damage":41,"enemies":"Nemesis","floor":40,"turns":5},{"damage":1,"enemies":"Maw","floor":41,"turns":3}],"seed_played":"-3384279907033349949","potions_obtained":[{"floor":1,"key":"SpeedPotion"},{"floor":5,"key":"SmokeBomb"},{"floor":7,"key":"EntropicBrew"},{"floor":8,"key":"FearPotion"},{"floor":18,"key":"Explosive Potion"},{"floor":22,"key":"AttackPotion"},{"floor":28,"key":"Dexterity Potion"},{"floor":33,"key":"Energy Potion"},{"floor":35,"key":"FocusPotion"}],"is_trial":false,"path_per_floor":["M","?","?","?","M","R","M","M","T","M","$","M","R","E","R","B",null,"M","?","M","?","M","R","?","R","T","E","M","R","M","M","R","B",null,"M","?","M","M","?","E","M"],"character_chosen":"DEFECT","items_purchased":["Buffer","Panache","Regal Pillow"],"campfire_rested":5,"item_purchase_floors":[11,11,11],"current_hp_per_floor":[75,60,60,60,60,60,60,52,52,42,42,37,74,41,75,36,75,75,75,62,62,41,75,75,75,75,49,23,60,49,46,75,46,75,66,39,39,23,42,1,0,0],"gold":509,"neow_bonus":"THREE_ENEMY_KILL","is_daily":false,"chose_seed":false,"campfire_upgraded":2,"win_rate":0.0,"timestamp":1610527901,"path_taken":["M","?","?","?","?","R","M","M","T","M","?","M","R","E","R","BOSS","M","?","M","?","M","R","?","R","T","E","M","R","M","M","R","BOSS","M","?","M","M","?","E","M"],"items_purchased_type":["Card","Card","Relic"],"build_version":"2020-12-22","purchased_purges":0,"victory":false,"max_hp_per_floor":[75,75,75,75,75,75,75,75,75,75,75,75,75,75,75,75,75,75,75,75,75,75,75,75,75,75,75,75,75,75,75,75,75,75,75,75,75,75,75,75,75,75],"card_choices":[{"not_picked":["Hologram","Conserve Battery"],"picked":"BootSequence","floor":1},{"not_picked":["Auto Shields","Cold Snap"],"picked":"Fusion","floor":5},{"not_picked":["Auto Shields","Stack","Redo"],"picked":"SKIP","floor":7},{"not_picked":["Recycle","Hello World"],"picked":"Capacitor","floor":8},{"not_picked":["Conserve Battery","Ball Lightning","BootSequence"],"picked":"SKIP","floor":10},{"not_picked":["Conserve Battery","Gash"],"picked":"Defragment","floor":12},{"not_picked":["Conserve Battery","Go for the Eyes"],"picked":"Self Repair","floor":14},{"not_picked":["Reboot","Biased Cognition"],"picked":"Electrodynamics","floor":16},{"not_picked":["Rip and Tear","Sweeping Beam","Stack"],"picked":"SKIP","floor":18},{"not_picked":["Cold Snap","Steam"],"picked":"Consume","floor":20},{"not_picked":["Chaos+1","Ball Lightning+1"],"picked":"Capacitor","floor":22},{"not_picked":["Streamline","Redo","Gash"],"picked":"SKIP","floor":27},{"not_picked":["Auto Shields","Conserve Battery"],"picked":"Loop","floor":28},{"not_picked":["Gash","Beam Cell","Cold Snap+1"],"picked":"SKIP","floor":30},{"not_picked":["Rebound","Cold Snap"],"picked":"Meteor Strike","floor":31},{"not_picked":["Buffer","All For One"],"picked":"Biased Cognition","floor":33},{"not_picked":["Turbo","Leap+1"],"picked":"Go for the Eyes+1","floor":35},{"not_picked":["Rebound+1","Cold Snap+1","Leap+1"],"picked":"SKIP","floor":38},{"not_picked":["Compile Driver","Go for the Eyes+1"],"picked":"Seek","floor":40}],"player_experience":310806,"relics_obtained":[{"floor":9,"key":"Cables"},{"floor":14,"key":"PreservedInsect"},{"floor":26,"key":"Oddly Smooth Stone"},{"floor":27,"key":"Vajra"},{"floor":36,"key":"Torii"},{"floor":40,"key":"MealTicket"},{"floor":40,"key":"Dream Catcher"}],"event_choices":[{"damage_healed":0,"gold_gain":0,"player_choice":"Entered Light","damage_taken":15,"max_hp_gain":0,"max_hp_loss":0,"event_name":"Shining Light","floor":2,"gold_loss":0,"cards_upgraded":["BootSequence","Dualcast"]},{"damage_healed":0,"gold_gain":175,"player_choice":"AGREE","damage_taken":0,"max_hp_gain":0,"max_hp_loss":0,"event_name":"Liars Game","floor":3,"gold_loss":0,"cards_obtained":["Doubt"]},{"damage_healed":0,"gold_gain":0,"player_choice":"Forge","damage_taken":0,"max_hp_gain":0,"max_hp_loss":0,"event_name":"Accursed Blacksmith","floor":4,"gold_loss":0,"cards_upgraded":["Zap"]},{"damage_healed":0,"gold_gain":0,"player_choice":"Ignored","damage_taken":0,"max_hp_gain":0,"max_hp_loss":0,"event_name":"Ghosts","floor":19,"gold_loss":0},{"damage_healed":0,"gold_gain":0,"player_choice":"Stole Relic","damage_taken":0,"relics_obtained":["Juzu Bracelet"],"max_hp_gain":0,"max_hp_loss":0,"event_name":"Addict","floor":21,"gold_loss":0,"cards_obtained":["Shame"]},{"damage_healed":0,"gold_gain":0,"player_choice":"Read","damage_taken":0,"max_hp_gain":0,"max_hp_loss":0,"event_name":"The Library","floor":24,"gold_loss":0,"cards_obtained":["Storm"]},{"damage_healed":0,"gold_gain":0,"player_choice":"Fight","damage_taken":0,"max_hp_gain":0,"max_hp_loss":0,"event_name":"MindBloom","floor":36,"gold_loss":0},{"damage_healed":19,"gold_gain":0,"player_choice":"Writhe","damage_taken":0,"max_hp_gain":0,"max_hp_loss":0,"event_name":"Winding Halls","floor":39,"gold_loss":0,"cards_obtained":["Writhe"]}],"is_beta":false,"boss_relics":[{"not_picked":["Nuclear Battery","Ectoplasm"],"picked":"Astrolabe"},{"not_picked":["Philosopher\u0027s Stone","SlaversCollar"],"picked":"Black Star"}],"items_purged_floors":[],"is_endless":false,"potions_floor_spawned":[1,5,7,8,18,22,28,33,35],"killed_by":"Maw","ascension_level":0}}