{"host":"1q1wpq6df472foxy","time":1610521008,"event":{"mods":["BaseMod","DeckTracker","Highlight Path","Minty Spire (QoL Compilation)","Quick Restart","StSLib","SuperFastMode"],"gold_per_floor":[119,119,44,44,44,79,92,92,92,92,104,123,172,72,72,72,72],"floor_reached":16,"language":"KOR","playtime":233,"items_purged":["Strike_R","Strike_R"],"score":129,"play_id":"6697f389-607b-4768-81d9-397626ab2985","local_time":"20210113155648","is_ascension_mode":true,"campfire_choices":[{"data":"Bash","floor":8,"key":"SMITH"},{"data":"Dropkick","floor":15,"key":"SMITH"}],"circlet_count":0,"master_deck":["Strike_R","Strike_R+1","Strike_R+1","Defend_R","Defend_R","Defend_R","Defend_R","Bash+1","Dropkick+1"],"relics":["Burning Blood","NeowsBlessing","Boot","HornCleat","MealTicket"],"acts_visited":["Exordium"],"potions_floor_usage":[],"damage_taken":[{"damage":0,"enemies":"2 Louse","floor":1,"turns":1},{"damage":0,"enemies":"Gremlin Nob","floor":6,"turns":1},{"damage":0,"enemies":"Jaw Worm","floor":7,"turns":1},{"damage":14,"enemies":"Small Slimes","floor":11,"turns":4},{"damage":10,"enemies":"Exordium Wildlife","floor":12,"turns":5},{"damage":84,"enemies":"Hexaghost","floor":16,"turns":11}],"seed_played":"-1258979558808249672","potions_obtained":[{"floor":7,"key":"Regen Potion"}],"is_trial":false,"path_per_floor":["M","?","$","?","?","E","M","R","T","$","M","M","T","$","R","B"],"character_chosen":"IRONCLAD","items_purchased":[],"campfire_rested":0,"item_purchase_floors":[],"current_hp_per_floor":[80,85,85,85,68,74,80,80,80,80,72,68,68,83,83,0,0],"gold":72,"neow_bonus":"THREE_ENEMY_KILL","is_daily":false,"chose_seed":false,"campfire_upgraded":2,"win_rate":0.0,"timestamp":1610521008,"path_taken":["M","?","$","?","?","E","M","R","T","$","M","M","?","$","R","BOSS"],"items_purchased_type":[],"build_version":"2020-12-22","purchased_purges":2,"victory":false,"max_hp_per_floor":[80,85,85,85,85,85,85,85,85,85,85,85,85,85,85,85,85],"card_choices":[{"not_picked":["Perfected Strike","Blood for Blood","Anger"],"picked":"SKIP","floor":1},{"not_picked":["Evolve","Body Slam"],"picked":"Dropkick","floor":6},{"not_picked":["Clothesline","Perfected Strike","Cleave"],"picked":"SKIP","floor":7},{"not_picked":["Twin Strike","Ghostly Armor","Barricade"],"picked":"SKIP","floor":11},{"not_picked":["Iron Wave","Anger","Wild Strike"],"picked":"SKIP","floor":12}],"player_experience":174204,"relics_obtained":[{"floor":6,"key":"Boot"},{"floor":9,"key":"HornCleat"},{"floor":13,"key":"MealTicket"}],"event_choices":[{"damage_healed":0,"gold_gain":0,"player_choice":"Donut","damage_taken":0,"max_hp_gain":5,"max_hp_loss":0,"event_name":"Big Fish","floor":2,"gold_loss":0},{"damage_healed":0,"gold_gain":0,"player_choice":"Leave","damage_taken":0,"max_hp_gain":0,"max_hp_loss":0,"event_name":"The Cleric","floor":4,"gold_loss":0},{"damage_healed":0,"gold_gain":0,"player_choice":"Entered Light","damage_taken":17,"max_hp_gain":0,"max_hp_loss":0,"event_name":"Shining Light","floor":5,"gold_loss":0,"cards_upgraded":["Strike_R","Strike_R"]}],"is_beta":false,"boss_relics":[],"items_purged_floors":[3,14],"is_endless":false,"potions_floor_spawned":[7],"killed_by":"Hexaghost","ascension_level":1}}