{"host":"dftyqn972q7tuon4","time":1610503333,"event":{"mods":["AchievementEnabler","BaseMod","Better Altar","Better Match","Better Note","Better Sensory Stone","Better Skull","Better Third Choice","Colored Powertips","Highlight Path","Minty Spire (QoL Compilation)","Permanent Neow","Quick Restart","StSLib"],"gold_per_floor":[15,0,0,0,18,18,36,36,36,61,75,75,100,100,100,202,202,214,233,148,148,167,167,182,212,212,212,212,212,212,231,231,335,335,353,12,25,25,41,41,41],"floor_reached":40,"language":"ENG","playtime":2784,"items_purged":["Defend_B"],"score":580,"play_id":"8d90a525-34cf-439e-b3c4-6ea646f29786","local_time":"20210113030213","is_ascension_mode":true,"campfire_choices":[{"data":"Zap","floor":6.0,"key":"SMITH"},{"data":"Dualcast","floor":8.0,"key":"SMITH"},{"floor":15.0,"key":"REST"},{"floor":23.0,"key":"REST"},{"floor":30.0,"key":"REST"},{"data":"Storm","floor":32.0,"key":"SMITH"}],"circlet_count":0,"master_deck":["Defend_B","Defend_B","Zap+1","Dualcast+1","Chaos+1","Cold Snap","White Noise","Storm+1","Capacitor","Electrodynamics","Redo+1","Coolheaded+1","Aggregate+1","Darkness","Lockon+1","Undo","Force Field","Conserve Battery+1","Double Energy","Fission","Auto Shields+1","Mayhem+1","Loop+1","Conserve Battery","Stack","Steam","Force Field+1"],"relics":["Cracked Core","betterThird:SlimedRelic","Girya","The Courier","MealTicket","Art of War","Astrolabe","Juzu Bracelet","Turnip","Sundial","Frozen Egg 2","Nunchaku","Philosopher\u0027s Stone"],"acts_visited":["Exordium","TheCity","TheBeyond"],"potions_floor_usage":[33,35,35,40,40],"damage_taken":[{"damage":5.0,"enemies":"2 Louse","floor":1.0,"turns":2.0},{"damage":1.0,"enemies":"Cultist","floor":5.0,"turns":3.0},{"damage":0.0,"enemies":"Small Slimes","floor":7.0,"turns":2.0},{"damage":14.0,"enemies":"Lagavulin","floor":10.0,"turns":6.0},{"damage":13.0,"enemies":"3 Louse","floor":11.0,"turns":3.0},{"damage":21.0,"enemies":"3 Sentries","floor":13.0,"turns":10.0},{"damage":21.0,"enemies":"Slime Boss","floor":16.0,"turns":7.0},{"damage":4.0,"enemies":"3 Byrds","floor":18.0,"turns":3.0},{"damage":7.0,"enemies":"Chosen","floor":19.0,"turns":3.0},{"damage":18.0,"enemies":"Centurion and Healer","floor":22.0,"turns":6.0},{"damage":7.0,"enemies":"Snecko","floor":24.0,"turns":6.0},{"damage":18.0,"enemies":"Book of Stabbing","floor":25.0,"turns":5.0},{"damage":0.0,"enemies":"Snake Plant","floor":31.0,"turns":4.0},{"damage":44,"enemies":"Automaton","floor":33,"turns":11},{"damage":10,"enemies":"Orb Walker","floor":35,"turns":5},{"damage":0,"enemies":"3 Shapes","floor":37,"turns":3},{"damage":5,"enemies":"Sphere and 2 Shapes","floor":39,"turns":4},{"damage":52,"enemies":"Giant Head","floor":40,"turns":10}],"seed_played":"7253914259941489969","potions_obtained":[{"floor":1.0,"key":"PotionOfCapacity"},{"floor":11.0,"key":"Weak Potion"},{"floor":13.0,"key":"SpeedPotion"},{"floor":25.0,"key":"EssenceOfSteel"},{"floor":31.0,"key":"Ancient Potion"},{"floor":33,"key":"Energy Potion"},{"floor":37,"key":"Block Potion"},{"floor":39,"key":"GamblersBrew"}],"is_trial":false,"path_per_floor":["M","?","?","$","M","R","M","R","T","E","M","?","E","?","R","B",null,"M","M","?","?","M","R","M","E","T","?","?","T","R","M","R","B",null,"M","$","M","?","M","E"],"character_chosen":"DEFECT","items_purchased":["Mayhem+1","Loop+1","Conserve Battery","Stack"],"campfire_rested":3,"item_purchase_floors":[36,36,36,36],"current_hp_per_floor":[63,52,52,52,51,51,51,51,51,37,24,24,3,3,25,4,57,53,46,46,46,28,50,43,25,25,25,25,25,47,47,47,3,57,47,62,62,62,57,5,5],"gold":41,"neow_bonus":"REMOVE_TWO","is_daily":false,"chose_seed":false,"campfire_upgraded":3,"win_rate":0.0,"timestamp":1610503333,"path_taken":["M","?","?","$","M","R","?","R","T","E","M","?","E","?","R","BOSS","M","M","?","?","M","R","M","E","T","?","?","?","R","M","R","BOSS","M","?","M","?","M","E"],"items_purchased_type":["Card","Card","Card","Card"],"build_version":"2020-12-22","purchased_purges":1,"victory":false,"max_hp_per_floor":[75,75,75,75,75,75,75,75,75,75,75,75,75,75,75,75,75,75,75,75,75,75,75,75,75,75,75,75,75,75,75,75,75,75,75,75,75,75,75,75,75],"card_choices":[{"not_picked":["Loop","Cold Snap"],"picked":"Chaos","floor":1.0},{"not_picked":["Steam","Reprogram"],"picked":"Cold Snap","floor":5.0},{"not_picked":["Hologram","Scrape"],"picked":"White Noise","floor":7.0},{"not_picked":["Cold Snap","Rebound"],"picked":"Storm","floor":10.0},{"not_picked":["Stack","Hologram"],"picked":"Cold Snap","floor":11.0},{"not_picked":["Coolheaded","Hello World"],"picked":"Capacitor","floor":13.0},{"not_picked":["Amplify","Multi-Cast"],"picked":"Electrodynamics","floor":16.0},{"not_picked":["Gash","Rebound+1"],"picked":"Darkness","floor":18.0},{"not_picked":["Chill+1","Steam"],"picked":"Lockon+1","floor":19.0},{"not_picked":["Ball Lightning","Gash"],"picked":"Undo","floor":22.0},{"not_picked":["Rebound","Ball Lightning"],"picked":"Force Field","floor":24.0},{"not_picked":["Leap","Creative AI"],"picked":"Conserve Battery+1","floor":25.0},{"not_picked":["Compile Driver+1","Heatsinks+1"],"picked":"Double Energy","floor":31.0},{"not_picked":["Biased Cognition+1","All For One"],"picked":"Fission","floor":33},{"not_picked":["Skim","Streamline+1"],"picked":"Auto Shields+1","floor":35},{"not_picked":["Barrage","FTL+1"],"picked":"Steam","floor":37},{"not_picked":["Reinforced Body+1","Beam Cell"],"picked":"Force Field+1","floor":39}],"player_experience":608723,"relics_obtained":[{"floor":9.0,"key":"Girya"},{"floor":10.0,"key":"The Courier"},{"floor":13.0,"key":"Art of War"},{"floor":25.0,"key":"Turnip"},{"floor":26.0,"key":"Sundial"},{"floor":29.0,"key":"Nunchaku"}],"event_choices":[{"damage_healed":0.0,"max_hp_gain":0.0,"max_hp_loss":0.0,"gold_gain":0.0,"event_name":"betterThird:BetterGoop","player_choice":"Slimed","floor":2.0,"gold_loss":15.0,"damage_taken":11.0},{"damage_healed":0.0,"max_hp_gain":0.0,"max_hp_loss":0.0,"gold_gain":0.0,"event_name":"Upgrade Shrine","player_choice":"Upgraded","floor":3.0,"gold_loss":0.0,"damage_taken":0.0,"cards_upgraded":["Chaos"]},{"damage_healed":0.0,"max_hp_gain":0.0,"max_hp_loss":0.0,"gold_gain":0.0,"event_name":"Big Fish","player_choice":"Box","floor":12.0,"gold_loss":0.0,"damage_taken":0.0,"relics_obtained":["MealTicket"],"cards_obtained":["Regret"]},{"cards_removed":["Regret"],"damage_healed":0.0,"max_hp_gain":0.0,"max_hp_loss":0.0,"gold_gain":0.0,"event_name":"Living Wall","player_choice":"Forget","floor":14.0,"gold_loss":0.0,"damage_taken":0.0},{"damage_healed":0.0,"max_hp_gain":0.0,"max_hp_loss":0.0,"gold_gain":0.0,"event_name":"Addict","player_choice":"Obtained Relic","floor":20.0,"gold_loss":85.0,"damage_taken":0.0,"relics_obtained":["Juzu Bracelet"]},{"damage_healed":0.0,"max_hp_gain":0.0,"max_hp_loss":0.0,"gold_gain":0.0,"event_name":"Vampires","player_choice":"Ignored","floor":21.0,"gold_loss":0.0,"damage_taken":0.0},{"damage_healed":0.0,"max_hp_gain":0.0,"max_hp_loss":0.0,"gold_gain":0.0,"event_name":"The Mausoleum","player_choice":"Opened","floor":27.0,"gold_loss":0.0,"damage_taken":0.0,"relics_obtained":["Frozen Egg 2"]},{"damage_healed":0.0,"max_hp_gain":0.0,"max_hp_loss":0.0,"gold_gain":0.0,"event_name":"betterThird:BetterWriting","player_choice":"Adaptability","floor":28.0,"gold_loss":0.0,"damage_taken":0.0},{"cards_removed":["Cold Snap"],"damage_healed":0,"gold_gain":0,"player_choice":"Removed Attack","damage_taken":0,"max_hp_gain":0,"max_hp_loss":0,"event_name":"Falling","floor":38,"gold_loss":0}],"is_beta":false,"boss_relics":[{"not_picked":["Black Star","Velvet Choker"],"picked":"Astrolabe"},{"not_picked":["Coffee Dripper","Runic Pyramid"],"picked":"Philosopher\u0027s Stone"}],"items_purged_floors":[36],"is_endless":false,"potions_floor_spawned":[1,11,13,25,31,33,37,39],"killed_by":"Giant Head","ascension_level":8}}