{"host":"ny1uxs7aco9qql8p","time":1610505998,"event":{"mods":["AchievementEnabler","Alarm Clock","BaseMod","Bestiary","Colored Map","Colored Powertips","DeckTracker","Highlight Path","Minty Spire (QoL Compilation)","Permanent Neow","Quick Restart","Rare Cards Sparkle","Relic Stats"],"gold_per_floor":[361,372,37,55,130,130,80,90,90,116,291,291,319,40,40,144,144,160,170,189,203,203,203,216,216,285,318,333,333,346,359,359,462,462,476,496,511,511,530,530,543,557,583,583,611,131,143,173,173,173,173,173,30,65,65,65],"floor_reached":55,"playtime":13221,"items_purged":["Strike_R","Decay"],"score":788,"play_id":"a008b346-6626-4f97-a115-011e68fdf2e7","local_time":"20210112214638","is_ascension_mode":false,"campfire_choices":[{"floor":6.0,"key":"REST"},{"floor":15.0,"key":"REST"},{"floor":23.0,"key":"REST"},{"data":"Seeing Red","floor":25.0,"key":"SMITH"},{"floor":32.0,"key":"REST"},{"floor":40.0,"key":"RECALL"},{"data":"Bash","floor":44.0,"key":"SMITH"},{"data":"Cleave","floor":49.0,"key":"SMITH"},{"data":"Defend_R","floor":52,"key":"SMITH"}],"circlet_count":0,"master_deck":["Strike_R","Strike_R","Strike_R","Defend_R+1","Defend_R","Defend_R","Defend_R","Bash+1","Seeing Red+1","Cleave+1","Whirlwind+1","Body Slam+1","Uppercut+1","Dropkick+1","Demon Form+1","Cleave+1","Sadistic Nature+1","Pommel Strike+1","Juggernaut+1","CurseOfTheBell","Flex+1","Flame Barrier+1","Body Slam+1","Body Slam+1","Necronomicurse","Inflame+1","Iron Wave+1","Burning Pact+1","Clothesline+1","Immolate+1","Juggernaut+1","Feel No Pain+1","Thunderclap+1","Spot Weakness+1","Heavy Blade+1","Sever Soul+1","Sentinel+1","Evolve+1","Metallicize+1","Thunderclap+1","Demon Form+1","Flex"],"relics":["Burning Blood","Molten Egg 2","Frozen Egg 2","Paper Frog","Thread and Needle","Calling Bell","Toy Ornithopter","Mummified Hand","Charon\u0027s Ashes","Necronomicon","Eternal Feather","Pantograph","SlaversCollar","Bottled Flame","Anchor","ClockworkSouvenir","Pocketwatch","Oddly Smooth Stone","Boot"],"acts_visited":["Exordium","TheCity","TheBeyond","TheEnding"],"potions_floor_usage":[50],"damage_taken":[{"damage":1.0,"enemies":"Jaw Worm","floor":1.0,"turns":4.0},{"damage":4.0,"enemies":"Small Slimes","floor":2.0,"turns":4.0},{"damage":0.0,"enemies":"Cultist","floor":4.0,"turns":3.0},{"damage":5.0,"enemies":"3 Louse","floor":8.0,"turns":3.0},{"damage":26.0,"enemies":"Lagavulin","floor":10.0,"turns":8.0},{"damage":23.0,"enemies":"3 Sentries","floor":13.0,"turns":5.0},{"damage":21.0,"enemies":"The Guardian","floor":16.0,"turns":6.0},{"damage":8.0,"enemies":"2 Thieves","floor":18.0,"turns":4.0},{"damage":18.0,"enemies":"Spheric Guardian","floor":19.0,"turns":4.0},{"damage":6.0,"enemies":"Cultist and Chosen","floor":20.0,"turns":4.0},{"damage":5.0,"enemies":"Centurion and Healer","floor":21.0,"turns":5.0},{"damage":6.0,"enemies":"Snake Plant","floor":24.0,"turns":3.0},{"damage":25.0,"enemies":"Gremlin Leader","floor":27.0,"turns":5.0},{"damage":1.0,"enemies":"Cultist and Chosen","floor":28.0,"turns":3.0},{"damage":18.0,"enemies":"Shelled Parasite and Fungi","floor":30.0,"turns":4.0},{"damage":17.0,"enemies":"Snake Plant","floor":31.0,"turns":2.0},{"damage":36.0,"enemies":"Champ","floor":33.0,"turns":7.0},{"damage":11.0,"enemies":"3 Darklings","floor":35.0,"turns":3.0},{"damage":16.0,"enemies":"Orb Walker","floor":36.0,"turns":3.0},{"damage":8.0,"enemies":"Maw","floor":37.0,"turns":6.0},{"damage":0.0,"enemies":"Transient","floor":39.0,"turns":5.0},{"damage":30.0,"enemies":"Writhing Mass","floor":41.0,"turns":4.0},{"damage":0.0,"enemies":"Maw","floor":42.0,"turns":4.0},{"damage":15.0,"enemies":"Giant Head","floor":45.0,"turns":6.0},{"damage":7.0,"enemies":"Jaw Worm Horde","floor":47.0,"turns":3.0},{"damage":27.0,"enemies":"Reptomancer","floor":48.0,"turns":4.0},{"damage":78,"enemies":"Awakened One","floor":50,"turns":9},{"damage":52,"enemies":"Shield and Spear","floor":54,"turns":4},{"damage":97,"enemies":"The Heart","floor":55,"turns":6}],"seed_played":"2011733399236045592","potions_obtained":[{"floor":1.0,"key":"Regen Potion"},{"floor":4.0,"key":"PowerPotion"},{"floor":8.0,"key":"SkillPotion"},{"floor":19.0,"key":"CultistPotion"},{"floor":21.0,"key":"SteroidPotion"},{"floor":29.0,"key":"EssenceOfSteel"},{"floor":33.0,"key":"FairyPotion"},{"floor":37.0,"key":"DistilledChaos"},{"floor":41.0,"key":"Ancient Potion"},{"floor":48.0,"key":"DuplicationPotion"}],"is_trial":false,"path_per_floor":["M","M","$","M","?","R","?","M","T","E","?","?","E","$","R","B",null,"M","M","M","M","?","R","M","R","T","E","M","?","M","M","R","B",null,"M","M","M","?","M","R","M","M","T","R","E","$","M","E","R","B",null,"R","$","E","B"],"character_chosen":"IRONCLAD","items_purchased":["Molten Egg 2","Whirlwind+1","Body Slam+1","Sadistic Nature+1","Pommel Strike+1","Anchor","Metallicize+1","ClockworkSouvenir","Oddly Smooth Stone"],"campfire_rested":4,"item_purchase_floors":[3,3,3,14,14,46,46,46,53],"current_hp_per_floor":[61,63,63,69,58,80,80,80,80,60,60,60,43,43,67,61,80,78,66,66,67,51,75,75,75,75,61,66,66,54,43,80,55,80,75,65,63,63,74,80,56,62,62,80,76,76,75,54,78,13,80,80,80,34,0,0],"gold":65,"neow_bonus":"TWO_FIFTY_GOLD","is_daily":false,"chose_seed":false,"campfire_upgraded":4,"win_rate":0.0,"timestamp":1610505998,"path_taken":["M","M","$","M","?","R","?","M","T","E","?","?","E","$","R","BOSS","M","M","M","M","?","R","M","R","T","E","M","?","M","M","R","BOSS","M","M","?","?","M","R","M","M","T","R","E","$","?","E","R","BOSS","R","$","E","BOSS"],"items_purchased_type":["Relic","Card","Card","Card","Card","Relic","Card","Relic","Relic"],"build_version":"2020-12-22","purchased_purges":2,"victory":false,"max_hp_per_floor":[80,80,80,80,80,80,80,80,80,80,80,80,80,80,80,80,80,80,80,80,80,80,80,80,80,80,80,80,80,80,80,80,80,80,80,80,80,80,80,80,80,80,80,80,80,80,80,80,80,80,80,80,80,80,80,80],"relic_stats":{"counters":[29,131],"Mummified Hand":[79],"Pantograph":27,"Eternal Feather":66,"Charon\u0027s Ashes":[49],"Necronomicon":[44],"Boot":[3],"obtain_stats":[{"Oddly Smooth Stone":53,"Thread and Needle":13,"Eternal Feather":26,"Charon\u0027s Ashes":17,"Frozen Egg 2":9,"Boot":54,"Burning Blood":0,"ClockworkSouvenir":46,"Calling Bell":17,"SlaversCollar":34,"Bottled Flame":45,"Anchor":46,"Mummified Hand":17,"Pantograph":27,"Molten Egg 2":3,"Necronomicon":22,"Toy Ornithopter":17,"Paper Frog":10,"Pocketwatch":48},{"Oddly Smooth Stone":27,"Thread and Needle":6,"Eternal Feather":12,"Charon\u0027s Ashes":7,"Frozen Egg 2":4,"Boot":28,"Burning Blood":0,"ClockworkSouvenir":24,"Calling Bell":7,"SlaversCollar":17,"Bottled Flame":24,"Anchor":24,"Mummified Hand":7,"Pantograph":13,"Molten Egg 2":2,"Necronomicon":11,"Toy Ornithopter":7,"Paper Frog":5,"Pocketwatch":26},{"Oddly Smooth Stone":121,"Thread and Needle":27,"Eternal Feather":53,"Charon\u0027s Ashes":33,"Frozen Egg 2":14,"Boot":125,"Burning Blood":0,"ClockworkSouvenir":105,"Calling Bell":33,"SlaversCollar":74,"Bottled Flame":105,"Anchor":105,"Mummified Hand":33,"Pantograph":58,"Molten Egg 2":8,"Necronomicon":50,"Toy Ornithopter":33,"Paper Frog":22,"Pocketwatch":112}],"Burning Blood":167,"Toy Ornithopter":25,"Pocketwatch":[3]},"card_choices":[{"not_picked":["Dark Embrace","Sword Boomerang"],"picked":"Seeing Red","floor":1.0},{"not_picked":["True Grit","Heavy Blade"],"picked":"Cleave","floor":2.0},{"not_picked":["Wild Strike+1","Searing Blow+1"],"picked":"Uppercut+1","floor":4.0},{"not_picked":["Seeing Red","Clash+1"],"picked":"Dropkick+1","floor":8.0},{"not_picked":["Havoc","Flex"],"picked":"Demon Form+1","floor":10.0},{"not_picked":["Anger+1","Sentinel"],"picked":"Cleave+1","floor":13.0},{"not_picked":["Berserk+1","Offering"],"picked":"Juggernaut+1","floor":16.0},{"not_picked":["True Grit","Seeing Red"],"picked":"Flex+1","floor":18.0},{"not_picked":["Sword Boomerang+1","Sever Soul+1"],"picked":"Flame Barrier+1","floor":19.0},{"not_picked":["Dark Embrace+1","Twin Strike+1"],"picked":"Body Slam+1","floor":20.0},{"not_picked":["Twin Strike+1","Carnage+1"],"picked":"Body Slam+1","floor":21.0},{"not_picked":["Shrug It Off+1","Clash+1"],"picked":"Inflame+1","floor":24.0},{"not_picked":["Battle Trance","Feel No Pain+1"],"picked":"Iron Wave+1","floor":27.0},{"not_picked":["Body Slam+1","Rampage+1"],"picked":"Burning Pact+1","floor":28.0},{"not_picked":["Warcry","Iron Wave+1"],"picked":"Clothesline+1","floor":30.0},{"not_picked":["Clash+1","Carnage+1"],"picked":"Immolate+1","floor":31.0},{"not_picked":["Immolate+1","Impervious"],"picked":"Juggernaut+1","floor":33.0},{"not_picked":["Anger+1","Havoc"],"picked":"Feel No Pain+1","floor":35.0},{"not_picked":["Cleave+1","True Grit"],"picked":"Thunderclap+1","floor":36.0},{"not_picked":["Twin Strike+1","Perfected Strike+1"],"picked":"Spot Weakness+1","floor":37.0},{"not_picked":["Havoc+1","Clothesline+1"],"picked":"Heavy Blade+1","floor":39.0},{"not_picked":["Ghostly Armor+1","Pommel Strike+1"],"picked":"Sever Soul+1","floor":41.0},{"not_picked":["Iron Wave+1","Perfected Strike+1"],"picked":"Sentinel+1","floor":42.0},{"not_picked":["Intimidate+1","Second Wind+1"],"picked":"Evolve+1","floor":45.0},{"not_picked":["Searing Blow+1","Anger+1"],"picked":"Thunderclap+1","floor":47.0},{"not_picked":["Juggernaut+1","Armaments+1"],"picked":"Demon Form+1","floor":48.0},{"not_picked":["Reckless Charge+1","Armaments+1"],"picked":"Flex","floor":54}],"player_experience":158978,"relics_obtained":[{"floor":9.0,"key":"Frozen Egg 2"},{"floor":10.0,"key":"Paper Frog"},{"floor":13.0,"key":"Thread and Needle"},{"floor":17.0,"key":"Toy Ornithopter"},{"floor":17.0,"key":"Mummified Hand"},{"floor":17.0,"key":"Charon\u0027s Ashes"},{"floor":22.0,"key":"Necronomicon"},{"floor":26.0,"key":"Eternal Feather"},{"floor":27.0,"key":"Pantograph"},{"floor":45.0,"key":"Bottled Flame"},{"floor":48.0,"key":"Pocketwatch"},{"floor":54,"key":"Boot"}],"event_choices":[{"damage_healed":0.0,"max_hp_gain":0.0,"max_hp_loss":0.0,"gold_gain":75.0,"event_name":"World of Goop","player_choice":"Gather Gold","floor":5.0,"gold_loss":0.0,"damage_taken":11.0},{"cards_removed":["Strike_R"],"damage_healed":0.0,"max_hp_gain":0.0,"max_hp_loss":0.0,"gold_gain":0.0,"event_name":"The Cleric","player_choice":"Card Removal","floor":7.0,"gold_loss":50.0,"damage_taken":0.0},{"damage_healed":0.0,"max_hp_gain":0.0,"max_hp_loss":0.0,"gold_gain":175.0,"event_name":"Liars Game","player_choice":"AGREE","floor":11.0,"gold_loss":0.0,"damage_taken":0.0,"cards_obtained":["Doubt"]},{"cards_removed":["Doubt"],"damage_healed":0.0,"max_hp_gain":0.0,"max_hp_loss":0.0,"gold_gain":0.0,"event_name":"Purifier","player_choice":"Purged","floor":12.0,"gold_loss":0.0,"damage_taken":0.0},{"damage_healed":0.0,"max_hp_gain":0.0,"max_hp_loss":0.0,"gold_gain":0.0,"event_name":"Cursed Tome","player_choice":"Obtained Book","floor":22.0,"gold_loss":0.0,"damage_taken":16.0},{"damage_healed":0.0,"max_hp_gain":0.0,"max_hp_loss":0.0,"gold_gain":0.0,"event_name":"Lab","player_choice":"Got Potions","floor":29.0,"gold_loss":0.0,"damage_taken":0.0},{"damage_healed":0.0,"max_hp_gain":0.0,"max_hp_loss":0.0,"gold_gain":0.0,"event_name":"Wheel of Change","player_choice":"Cursed","floor":38.0,"gold_loss":0.0,"damage_taken":0.0,"cards_obtained":["Decay"]}],"is_beta":false,"boss_relics":[{"not_picked":["Fusion Hammer","Tiny House"],"picked":"Calling Bell"},{"not_picked":["Snecko Eye","Empty Cage"],"picked":"SlaversCollar"}],"items_purged_floors":[14,46],"is_endless":false,"potions_floor_spawned":[1,4,8,10,19,21,33,37,41,42,48],"killed_by":"The Heart","ascension_level":0}}