{"host":"mfnyjbfkyfsz33u9","time":1610504530,"event":{"mods":["2.2 Compatiblity","BaseMod","Colored Powertips","Downfall","Marisa£¨Ùöéë¡¡Øª×âÞÞ£©","Minty Spire (QoL Compilation)","Rare Cards Sparkle","Replay The Spire","StSLib","SuperFastMode","The Cursed"],"gold_per_floor":[117,167,183,183,203,231,231,265,265,29,29,58,76,91,91,193,193,211,225,1,1,1,19,81,109,109,143,154,154,217,16,16,161,161,174,174,198,212,9,39,39,73,97,97,97,97,122,134,134,134,134,134,34,60,60],"floor_reached":56,"language":"ENG","playtime":2786,"items_purged":["Wraith","Shame"],"score":1402,"play_id":"eae76c31-882e-4a1f-b540-7615c8c8da66","local_time":"20210113112210","is_ascension_mode":true,"campfire_choices":[{"data":"Neutralize","floor":7,"key":"SMITH"},{"data":"Calculated Gamble","floor":11,"key":"SMITH"},{"data":"Toxin Wave","floor":15,"key":"SMITH"},{"floor":29,"key":"DIG"},{"data":"Infinite Blades","floor":32,"key":"SMITH"},{"floor":41,"key":"DIG"},{"floor":44,"key":"DIG"},{"floor":49,"key":"RECALL"},{"floor":52,"key":"DIG"}],"circlet_count":0,"master_deck":["Strike_G","Strike_G","Strike_G","Strike_G","Defend_G","Defend_G+1","Defend_G+1","Defend_G","Defend_G","Survivor+1","Neutralize+1","Calculated Gamble+1","Injury","Infinite Blades+1","Toxin Wave+1","PiercingWail","Blur+1","expansioncontent:CaCaw+1","Injury","Underhanded Strike","Skewer","ReplayTheSpireMod:Necrosis+1","Storm of Steel+1","Sneak Up+1","ReplayTheSpireMod:Shiv Toss","Injury","Burst+1","Cloak And Dagger","Terror","Venomology+1","Leg Sweep+1","Leg Sweep+1","Bullet Time+1","Dodge and Roll+1","Madness","Madness","Shame","Blade Dance+1","Distraction+1","Replay:SS_forest_5","Well Laid Plans+1","Writhe","Heel Hook+1"],"relics":["Ring of the Snake","Lantern","ReplayTheSpireMod:Ring of Collecting","Ring of Greed","Golden Egg","Tiny Chest","Pet Ghost","Gremlin Horn","Ring of Peace","Eternal Feather","Lee\u0027s Waffle","War Paint","WristBlade","Toolbox","ReplayTheSpireMod:Ring of Challenge","Replay:WaspNest","Ring of Fury","Shovel","Replay:Rubber Ducky","TungstenRod","Sozu","ReplayTheSpireMod:Ring of Exchange","Medical Kit","Snake Skull","Orichalcum","Thread and Needle","Blood Vial","Durian","ReplayTheSpireMod:TigerMarble","Shuriken","White Beast Statue"],"acts_visited":["Exordium","TheCity","TheBeyond","TheEnding"],"potions_floor_usage":[6,12,19,24,24,33,35,55],"damage_taken":[{"damage":5,"enemies":"Cultist","floor":1,"turns":6},{"damage":0,"enemies":"Small Slimes","floor":3,"turns":5},{"damage":7,"enemies":"Jaw Worm","floor":5,"turns":4},{"damage":22,"enemies":"3 Sentries","floor":6,"turns":7},{"damage":19,"enemies":"Gremlin Nob","floor":8,"turns":5},{"damage":0,"enemies":"3 Sentries","floor":12,"turns":7},{"damage":0,"enemies":"Blue Slaver","floor":13,"turns":5},{"damage":7,"enemies":"Gremlin Gang","floor":14,"turns":4},{"damage":7,"enemies":"The Guardian","floor":16,"turns":14},{"damage":12,"enemies":"Shell Parasite","floor":18,"turns":7},{"damage":0,"enemies":"2 Thieves","floor":19,"turns":4},{"damage":15,"enemies":"Cultist and Chosen","floor":23,"turns":6},{"damage":17,"enemies":"Snake Plant","floor":24,"turns":5},{"damage":0,"enemies":"Slavers","floor":25,"turns":5},{"damage":21,"enemies":"Gremlin Leader","floor":27,"turns":6},{"damage":0,"enemies":"Chosen and Byrds","floor":28,"turns":6},{"damage":37,"enemies":"Shelled Parasite and Fungi","floor":30,"turns":6},{"damage":0,"enemies":"Automaton","floor":33,"turns":10},{"damage":0,"enemies":"3 Darklings","floor":35,"turns":5},{"damage":0,"enemies":"Orb Walker","floor":38,"turns":3},{"damage":29,"enemies":"Giant Head","floor":40,"turns":8},{"damage":31,"enemies":"Spire Growth","floor":42,"turns":6},{"damage":0,"enemies":"R_Hoarder","floor":47,"turns":10},{"damage":0,"enemies":"Transient","floor":48,"turns":5},{"damage":14,"enemies":"Replay:Hell Engine","floor":50,"turns":10},{"damage":20,"enemies":"Shield and Spear","floor":54,"turns":7},{"damage":42,"enemies":"The Heart","floor":55,"turns":8}],"seed_played":"5439957892240205943","potions_obtained":[{"floor":1,"key":"Death Potion"},{"floor":5,"key":"sneckomod:MuddlingPotion"},{"floor":8,"key":"Poison Potion"},{"floor":12,"key":"SpeedPotion"},{"floor":16,"key":"PowerPotion"},{"floor":18,"key":"Dexterity Potion"},{"floor":23,"key":"Adrenaline Potion"},{"floor":24,"key":"Ancient Potion"},{"floor":28,"key":"FairyPotion"}],"is_trial":false,"path_per_floor":["M","?","M","?","M","E","R","E","T","$","R","E","M","M","R","B",null,"M","M","$","?","T","M","M","E","T","E","M","R","M","$","R","B",null,"M","?","T","M","$","E","R","M","T","R","?","?","E","M","R","B",null,"R","$","E","B",null],"character_chosen":"THE_SILENT","items_purchased":["Lee\u0027s Waffle","expansioncontent:CaCaw","Toolbox","Venomology","Leg Sweep","Blade Dance","Medical Kit"],"campfire_rested":0,"item_purchase_floors":[10,10,20,31,31,39,39],"current_hp_per_floor":[65,65,65,51,44,22,22,3,3,77,77,77,77,70,77,70,77,65,65,65,65,65,50,33,33,33,12,12,27,17,17,35,35,77,77,68,68,68,68,39,63,32,32,61,61,61,63,65,82,68,82,82,82,62,22],"gold":60,"neow_bonus":"RANDOM_COMMON_RELIC","is_daily":false,"chose_seed":false,"campfire_upgraded":4,"win_rate":0.0,"timestamp":1610504530,"path_taken":["M","?","M","?","?","E","R","E","T","$","R","E","M","M","R","BOSS","M","M","$","?","?","M","M","E","T","E","?","R","M","?","R","BOSS","M","?","?","M","$","E","R","M","T","R","?","?","E","?","R","BOSS","R","$","E","BOSS"],"items_purchased_type":["Relic","Card","Relic","Card","Card","Card","Relic"],"build_version":"2020-12-22","purchased_purges":2,"victory":true,"max_hp_per_floor":[70,70,70,70,70,70,70,70,70,77,77,77,77,77,77,77,77,77,77,77,77,77,77,77,77,77,77,77,77,77,77,77,77,77,77,77,77,77,77,77,77,77,77,82,82,82,82,82,82,82,82,82,82,82,82],"card_choices":[{"not_picked":["Sneak Up","Quick Slash"],"picked":"Calculated Gamble","floor":1},{"not_picked":["Acrobatics","Quick Slash"],"picked":"Infinite Blades","floor":3},{"not_picked":["Flying Knee","ReplayTheSpireMod:Speed Training"],"picked":"Toxin Wave","floor":5},{"not_picked":["Backflip","Deadly Poison"],"picked":"PiercingWail","floor":6},{"not_picked":["Endless Agony","Dagger Spray"],"picked":"Blur","floor":8},{"not_picked":["Blade Dance","Leg Sweep"],"picked":"Underhanded Strike","floor":12},{"not_picked":["Expertise","Dash"],"picked":"Skewer","floor":13},{"not_picked":["Deadly Poison","Hidden Blade"],"picked":"ReplayTheSpireMod:Necrosis","floor":14},{"not_picked":["Envenom","Atom Bomb"],"picked":"Storm of Steel","floor":16},{"not_picked":["Catalyst","Draining Mist"],"picked":"Sneak Up+1","floor":18},{"not_picked":["Backflip+1","Dodge and Roll","Cloak And Dagger"],"picked":"SKIP","floor":19},{"not_picked":["Riddle With Holes+1","Poisoned Stab"],"picked":"ReplayTheSpireMod:Shiv Toss","floor":23},{"not_picked":["Deadly Poison","Underhanded Strike+1","Flying Knee+1"],"picked":"SKIP","floor":24},{"not_picked":["Sneak Up","Dagger Throw","Underhanded Strike"],"picked":"SKIP","floor":25},{"not_picked":["Draining Mist","Leg Sweep"],"picked":"Burst","floor":27},{"not_picked":["Flying Knee","Dodge and Roll"],"picked":"Cloak And Dagger","floor":28},{"not_picked":["Skewer","Flechettes"],"picked":"Terror","floor":30},{"not_picked":["Wraith Form v2","Burst"],"picked":"Bullet Time","floor":33},{"not_picked":["Quick Slash","Dash"],"picked":"Dodge and Roll+1","floor":35},{"not_picked":["Backflip","Dagger Throw+1","Backstab"],"picked":"SKIP","floor":38},{"not_picked":["Blade Dance","Well Laid Plans+1"],"picked":"Distraction+1","floor":40},{"not_picked":["Poisoned Stab","Prepared+1","Eviscerate"],"picked":"SKIP","floor":42},{"not_picked":["expansioncontent:Hexaburn","expansioncontent:ChargeUp"],"picked":"Replay:SS_forest_5","floor":46},{"not_picked":["Blade Dance+1","Prepared"],"picked":"Well Laid Plans+1","floor":47},{"not_picked":["All Out Attack+1","Flying Knee+1","Flechettes+1"],"picked":"SKIP","floor":48},{"not_picked":["Deadly Poison+1","Hidden Blade"],"picked":"Heel Hook+1","floor":54}],"player_experience":44293,"relics_obtained":[{"floor":2,"key":"ReplayTheSpireMod:Ring of Collecting"},{"floor":2,"key":"Ring of Greed"},{"floor":2,"key":"Golden Egg"},{"floor":2,"key":"Tiny Chest"},{"floor":6,"key":"Pet Ghost"},{"floor":8,"key":"Gremlin Horn"},{"floor":9,"key":"Ring of Peace"},{"floor":9,"key":"Eternal Feather"},{"floor":12,"key":"War Paint"},{"floor":22,"key":"ReplayTheSpireMod:Ring of Challenge"},{"floor":22,"key":"Replay:WaspNest"},{"floor":26,"key":"Ring of Fury"},{"floor":26,"key":"Shovel"},{"floor":27,"key":"Replay:Rubber Ducky"},{"floor":29,"key":"TungstenRod"},{"floor":37,"key":"ReplayTheSpireMod:Ring of Exchange"},{"floor":40,"key":"Snake Skull"},{"floor":41,"key":"Orichalcum"},{"floor":42,"key":"Thread and Needle"},{"floor":43,"key":"Blood Vial"},{"floor":44,"key":"Durian"},{"floor":47,"key":"ReplayTheSpireMod:TigerMarble"},{"floor":52,"key":"Shuriken"},{"floor":54,"key":"White Beast Statue"}],"event_choices":[{"damage_healed":0,"gold_gain":0,"player_choice":"Entered Light","damage_taken":14,"max_hp_gain":0,"max_hp_loss":0,"event_name":"Shining Light","floor":4,"gold_loss":0,"cards_upgraded":["Defend_G","Survivor"]},{"damage_healed":0,"gold_gain":0,"player_choice":"Ignored","damage_taken":0,"max_hp_gain":0,"max_hp_loss":0,"event_name":"Vampires","floor":21,"gold_loss":0},{"damage_healed":0,"gold_gain":0,"player_choice":"Embrace Madness","damage_taken":10,"max_hp_gain":0,"max_hp_loss":0,"event_name":"Winding Halls","floor":36,"gold_loss":0,"cards_obtained":["Madness","Madness"]},{"cards_removed":["Strike_G"],"damage_healed":0,"gold_gain":0,"player_choice":"Removed Attack","damage_taken":0,"max_hp_gain":0,"max_hp_loss":0,"event_name":"Falling","floor":45,"gold_loss":0},{"damage_healed":0,"gold_gain":0,"player_choice":"Memory 1","damage_taken":0,"max_hp_gain":0,"max_hp_loss":0,"event_name":"SensoryStone","floor":46,"gold_loss":0}],"is_beta":false,"boss_relics":[{"not_picked":["ChewingGum","Black Star"],"picked":"WristBlade"},{"not_picked":["Abe\u0027s Treasure","Replay:Drink Me"],"picked":"Sozu"}],"items_purged_floors":[20,53],"is_endless":false,"potions_floor_spawned":[1,5,8,12,16,18,23,24,28,35,47,48],"ascension_level":2}}