{"host":"r3islh0l1a1ykxfu","time":1610555555,"event":{"mods":["BaseMod","Bestiary","Colored Map","Colored Powertips","Highlight Path","Minty Spire (QoL Compilation)","Relic Stats","Slay-I"],"gold_per_floor":[18,30,44,119,131,131,143,143,143,143,162,162,187,204,204,301,301,315,315,315,37,55,80,80,80,80],"floor_reached":25,"language":"ENG","playtime":2473,"items_purged":["Defend_B"],"score":245,"play_id":"c863e631-2241-4f77-b5f2-ac8996d17718","local_time":"20210113103235","is_ascension_mode":true,"campfire_choices":[{"floor":6.0,"key":"REST"},{"floor":8.0,"key":"REST"},{"data":"Zap","floor":10.0,"key":"SMITH"},{"floor":15.0,"key":"REST"}],"circlet_count":0,"master_deck":["Strike_B","Strike_B","Strike_B","Strike_B","Defend_B","Defend_B","Defend_B","Zap+1","Dualcast","Panache","Steam","Loop","Redo+1","Steam","Go for the Eyes","Turbo","Redo","Rainbow","Go for the Eyes+1","Streamline","Steam+1","Zap+1"],"relics":["Cracked Core","Ornamental Fan","Blue Candle","Philosopher\u0027s Stone","Cables","Lee\u0027s Waffle","The Courier"],"acts_visited":["Exordium","TheCity"],"potions_floor_usage":[],"damage_taken":[{"damage":4.0,"enemies":"2 Louse","floor":1.0,"turns":2.0},{"damage":8.0,"enemies":"Small Slimes","floor":2.0,"turns":3.0},{"damage":14.0,"enemies":"Jaw Worm","floor":3.0,"turns":4.0},{"damage":18.0,"enemies":"Large Slime","floor":5.0,"turns":4.0},{"damage":8.0,"enemies":"Red Slaver","floor":7.0,"turns":3.0},{"damage":3.0,"enemies":"2 Fungi Beasts","floor":11.0,"turns":3.0},{"damage":21.0,"enemies":"3 Sentries","floor":13.0,"turns":7.0},{"damage":0.0,"enemies":"3 Louse","floor":14.0,"turns":3.0},{"damage":35.0,"enemies":"Slime Boss","floor":16.0,"turns":12.0},{"damage":21.0,"enemies":"Spheric Guardian","floor":18.0,"turns":4.0},{"damage":26.0,"enemies":"2 Thieves","floor":22.0,"turns":4.0},{"damage":49.0,"enemies":"Book of Stabbing","floor":23.0,"turns":7.0},{"damage":8,"enemies":"Snake Plant","floor":25,"turns":1}],"seed_played":"-6053945664249632643","potions_obtained":[{"floor":2.0,"key":"DuplicationPotion"},{"floor":11.0,"key":"BlessingOfTheForge"},{"floor":14.0,"key":"PowerPotion"},{"floor":16.0,"key":"Dexterity Potion"},{"floor":22.0,"key":"Block Potion"}],"is_trial":false,"path_per_floor":["M","M","M","?","M","R","M","R","T","R","M","?","E","M","R","B",null,"M","?","?","$","M","E","?","M"],"character_chosen":"DEFECT","items_purchased":["Streamline","Lee\u0027s Waffle"],"campfire_rested":3,"item_purchase_floors":[21,21],"current_hp_per_floor":[71,63,49,38,20,42,34,56,56,56,53,53,32,32,54,19,75,54,54,54,82,56,7,7,0,0],"gold":80,"neow_bonus":"RANDOM_COLORLESS_2","is_daily":false,"chose_seed":false,"campfire_upgraded":1,"win_rate":0.0,"timestamp":1610555555,"path_taken":["M","M","M","?","M","R","M","R","T","R","M","?","E","M","R","BOSS","M","?","?","$","M","E","?","?"],"items_purchased_type":["Card","Relic"],"build_version":"2020-12-22","purchased_purges":1,"victory":false,"max_hp_per_floor":[75,75,75,75,75,75,75,75,75,75,75,75,75,75,75,75,75,75,75,75,82,82,82,82,82,82],"relic_stats":{"Lee\u0027s Waffle":28,"counters":[13,55],"Ornamental Fan":[36],"Blue Candle":[0],"obtain_stats":[{"Lee\u0027s Waffle":21,"Ornamental Fan":9,"Blue Candle":13,"Philosopher\u0027s Stone":17,"The Courier":23,"Cracked Core":0,"Cables":20},{"Lee\u0027s Waffle":10,"Ornamental Fan":5,"Blue Candle":7,"Philosopher\u0027s Stone":9,"The Courier":12,"Cracked Core":0,"Cables":10},{"Lee\u0027s Waffle":43,"Ornamental Fan":15,"Blue Candle":24,"Philosopher\u0027s Stone":39,"The Courier":54,"Cracked Core":0,"Cables":43}],"Cables":[9,6,2,1,0]},"card_choices":[{"not_picked":["Magnetism","Chrysalis"],"picked":"Panache","floor":0.0},{"not_picked":["Stack","Sweeping Beam","Coolheaded"],"picked":"SKIP","floor":1.0},{"not_picked":["Barrage","Darkness"],"picked":"Steam","floor":2.0},{"not_picked":["Auto Shields","Aggregate"],"picked":"Loop","floor":3.0},{"not_picked":["Hello World","Stack"],"picked":"Redo","floor":5.0},{"not_picked":["Stack","Defragment"],"picked":"Steam","floor":7.0},{"not_picked":["Steam Power","Hologram"],"picked":"Go for the Eyes","floor":11.0},{"not_picked":["Steam","Thunder Strike"],"picked":"Turbo","floor":13.0},{"not_picked":["Darkness","Steam"],"picked":"Redo","floor":14.0},{"not_picked":["Machine Learning","Biased Cognition"],"picked":"Rainbow","floor":16.0},{"not_picked":["Lockon","Steam"],"picked":"Go for the Eyes+1","floor":18.0},{"not_picked":["Cold Snap","Recycle"],"picked":"Steam+1","floor":22.0},{"not_picked":["Skim","Streamline","Hyperbeam"],"picked":"SKIP","floor":23}],"player_experience":1163094,"relics_obtained":[{"floor":9.0,"key":"Ornamental Fan"},{"floor":13.0,"key":"Blue Candle"},{"floor":23,"key":"The Courier"}],"event_choices":[{"damage_healed":0.0,"max_hp_gain":0.0,"max_hp_loss":0.0,"gold_gain":75.0,"event_name":"World of Goop","player_choice":"Gather Gold","floor":4.0,"gold_loss":0.0,"damage_taken":11.0},{"damage_healed":0.0,"max_hp_gain":0.0,"max_hp_loss":0.0,"gold_gain":0.0,"event_name":"Living Wall","player_choice":"Grow","floor":12.0,"gold_loss":0.0,"damage_taken":0.0,"cards_upgraded":["Redo"]},{"damage_healed":0.0,"max_hp_gain":0.0,"max_hp_loss":0.0,"gold_gain":0.0,"event_name":"Ghosts","player_choice":"Ignored","floor":19.0,"gold_loss":0.0,"damage_taken":0.0},{"damage_healed":0.0,"max_hp_gain":0.0,"max_hp_loss":0.0,"gold_gain":0.0,"event_name":"The Mausoleum","player_choice":"Opened","floor":20.0,"gold_loss":0.0,"damage_taken":0.0,"relics_obtained":["Cables"]},{"damage_healed":0,"gold_gain":0,"player_choice":"Copied","damage_taken":0,"max_hp_gain":0,"max_hp_loss":0,"event_name":"Duplicator","floor":24,"gold_loss":0,"cards_obtained":["Zap"]}],"is_beta":false,"boss_relics":[{"not_picked":["Tiny House","Busted Crown"],"picked":"Philosopher\u0027s Stone"}],"items_purged_floors":[21],"is_endless":false,"potions_floor_spawned":[2,11,14,16,22],"killed_by":"Snake Plant","ascension_level":2}}