{"host":"xm0tf1maiknh0fp9","time":1610518237,"event":{"mods":["BaseMod","Colored Map","Colored Powertips","Googly Eyes","Minty Spire (QoL Compilation)","Replay The Spire","StSLib"],"gold_per_floor":[112,112,131,206,49,80,80,90,90,90,190,190,208,208,208,332,332,357,93,93,93,113,113,113],"floor_reached":23,"language":"ENG","playtime":684,"items_purged":["Strike_P","Parasite"],"score":237,"play_id":"7b7990e1-1e84-4a3e-9b19-7605970c8b5f","local_time":"20210113011037","is_ascension_mode":false,"campfire_choices":[{"floor":7,"key":"REST"},{"data":"BattleHymn","floor":10,"key":"SMITH"},{"data":"Eruption","floor":12,"key":"SMITH"},{"data":"Defend_P","floor":15,"key":"SMITH"}],"circlet_count":0,"master_deck":["Defend_P+1","Defend_P+1","Eruption+1","Vigilance","AbeCurse","ReachHeaven","BattleHymn+1","Tantrum","Adaptation","Survey Options","Deflect+1","FlurryOfBlows+1"],"relics":["Abe\u0027s Treasure","ReplayTheSpireMod:Shallot","Matryoshka","Golden Idol","Kintsugi"],"acts_visited":["Exordium","TheCity"],"potions_floor_usage":[23],"damage_taken":[{"damage":0,"enemies":"Jaw Worm","floor":1,"turns":3},{"damage":0,"enemies":"2 Louse","floor":3,"turns":2},{"damage":28,"enemies":"Lagavulin","floor":6,"turns":3},{"damage":0,"enemies":"Small Slimes","floor":8,"turns":2},{"damage":0,"enemies":"2 Fungi Beasts","floor":13,"turns":2},{"damage":0,"enemies":"Fading Forest","floor":16,"turns":11},{"damage":11,"enemies":"2 Thieves","floor":18,"turns":3},{"damage":0,"enemies":"Spheric Guardian","floor":22,"turns":2},{"damage":57,"enemies":"Slavers","floor":23,"turns":3}],"seed_played":"-6872004759562939862","potions_obtained":[{"floor":1,"key":"Elixir"},{"floor":16,"key":"Dexterity Potion"},{"floor":22,"key":"LiquidBronze"}],"is_trial":false,"path_per_floor":["M","?","M","?","$","E","R","M","T","R","?","R","M","?","R","B",null,"M","$","?","$","M","E"],"character_chosen":"WATCHER","items_purchased":["BattleHymn","Adaptation","Survey Options"],"campfire_rested":1,"item_purchase_floors":[5,19,19],"current_hp_per_floor":[72,72,72,61,61,33,54,54,54,54,54,54,54,54,54,67,67,56,56,56,56,56,0,0],"gold":113,"neow_bonus":"BOSS_RELIC","is_daily":false,"chose_seed":false,"campfire_upgraded":3,"win_rate":0.0,"timestamp":1610518237,"path_taken":["M","?","M","?","$","E","R","M","T","R","?","R","?","?","R","BOSS","M","$","?","$","M","E"],"items_purchased_type":["Card","Card","Card"],"build_version":"2020-12-22","purchased_purges":2,"victory":false,"max_hp_per_floor":[72,72,72,72,72,72,72,72,72,72,72,72,72,67,67,67,67,67,64,64,64,64,64,64],"card_choices":[{"not_picked":["LikeWater","Replay:BluntJabs"],"picked":"ReachHeaven","floor":1},{"not_picked":["CrushJoints","Protect","Replay:ManipulateFuture"],"picked":"SKIP","floor":3},{"not_picked":["Replay:Anticipation","Evaluate"],"picked":"Tantrum","floor":6},{"not_picked":["Tantrum","CutThroughFate","Consecrate"],"picked":"SKIP","floor":8},{"not_picked":["CrushJoints","ThirdEye","BowlingBash"],"picked":"SKIP","floor":13},{"not_picked":["Replay:ManipulateFuture","JustLucky","ThirdEye"],"picked":"SKIP","floor":18},{"not_picked":["Consecrate+1","SashWhip"],"picked":"FlurryOfBlows+1","floor":22}],"player_experience":113369,"relics_obtained":[{"floor":6,"key":"ReplayTheSpireMod:Shallot"},{"floor":9,"key":"Matryoshka"}],"event_choices":[{"damage_healed":0,"gold_gain":75,"player_choice":"Gather Gold","damage_taken":11,"max_hp_gain":0,"max_hp_loss":0,"event_name":"World of Goop","floor":4,"gold_loss":0},{"damage_healed":0,"gold_gain":100,"player_choice":"Gold","damage_taken":0,"max_hp_gain":0,"max_hp_loss":0,"event_name":"Wheel of Change","floor":11,"gold_loss":0},{"damage_healed":0,"gold_gain":0,"player_choice":"Lose Max HP","damage_taken":0,"relics_obtained":["Golden Idol"],"max_hp_gain":0,"max_hp_loss":5,"event_name":"Golden Idol","floor":14,"gold_loss":0},{"cards_removed":["Clumsy"],"damage_healed":0,"gold_gain":0,"player_choice":"Took Card","damage_taken":0,"max_hp_gain":0,"max_hp_loss":0,"event_name":"NoteForYourself","floor":20,"gold_loss":0,"cards_obtained":["Deflect"]}],"is_beta":false,"boss_relics":[{"not_picked":["Runic Pyramid","Runic Dome"],"picked":"Kintsugi"}],"items_purged_floors":[5,19],"is_endless":false,"potions_floor_spawned":[1,16,22],"killed_by":"Slavers","ascension_level":0}}