{"host":"ockkdcgl3b18tfz9","time":1610527641,"event":{"mods":["2.2 Compatiblity","BaseMod","Better Skull","Better Third Choice","BetterRewards","Hermit","Minty Spire (QoL Compilation)","Quick Restart","Replay The Spire","Spicy Shops","StSLib","SuperFastMode","The Jungle"],"gold_per_floor":[81,94,369,380,380,413,413,413,413,426,426,440,440,440],"floor_reached":13,"language":"ENG","playtime":259,"items_purged":[],"score":132,"play_id":"0ff8f67e-030b-417d-bce9-397cb87aa473","local_time":"20210113154721","is_ascension_mode":true,"campfire_choices":[{"floor":7,"key":"REST"},{"floor":11,"key":"REST"}],"circlet_count":0,"master_deck":["hermit:Strike_Hermit","hermit:Strike_Hermit+1","hermit:Strike_Hermit","hermit:Strike_Hermit","hermit:Defend_Hermit","hermit:Defend_Hermit","hermit:Defend_Hermit","hermit:Defend_Hermit","hermit:Snapshot","hermit:Covet","hermit:Determination","hermit:Determination","hermit:Glare","hermit:Determination","hermit:Manifest","Regret","hermit:TrackingShot","hermit:ShadowCloak","hermit:Snipe","hermit:Misfire"],"relics":["hermit:Momento","Pantograph","Ancient Tea Set","The Courier","Bottled Tornado","Dream Catcher"],"acts_visited":["Exordium"],"potions_floor_usage":[6,13,13],"damage_taken":[{"damage":3,"enemies":"2 Louse","floor":1,"turns":2},{"damage":10,"enemies":"Cultist","floor":2,"turns":4},{"damage":6,"enemies":"Jaw Worm","floor":4,"turns":5},{"damage":0,"enemies":"Replay:BlueRogue","floor":6,"turns":7},{"damage":7,"enemies":"Blue Slaver","floor":10,"turns":4},{"damage":18,"enemies":"Looter","floor":12,"turns":5},{"damage":33,"enemies":"3 Sentries","floor":13,"turns":8}],"seed_played":"5284711738870509200","potions_obtained":[{"floor":2,"key":"Reflective Coating"},{"floor":6,"key":"Dexterity Potion"},{"floor":10,"key":"Fire Potion"}],"is_trial":false,"path_per_floor":["M","M","?","M","?","E","R","?","T","M","R","M","E"],"character_chosen":"HERMIT","items_purchased":["hermit:Determination","Pantograph","hermit:Glare"],"campfire_rested":2,"item_purchase_floors":[0,0,0],"current_hp_per_floor":[53,43,43,37,14,14,36,36,36,29,51,33,0,0],"gold":440,"neow_bonus":"","is_daily":false,"chose_seed":false,"campfire_upgraded":0,"win_rate":0.0,"timestamp":1610527641,"path_taken":["M","M","?","?","?","E","R","?","T","M","R","M","E"],"items_purchased_type":["Card","Relic","Card"],"build_version":"2020-12-22","purchased_purges":0,"victory":false,"max_hp_per_floor":[75,75,75,75,75,75,75,75,75,75,75,75,75,75],"card_choices":[{"not_picked":["hermit:Shortfuse","hermit:Vantage"],"picked":"hermit:Determination","floor":1},{"not_picked":["hermit:Glare","hermit:WideOpen"],"picked":"hermit:Manifest","floor":2},{"not_picked":["hermit:HighCaliber","hermit:Feint"],"picked":"hermit:TrackingShot","floor":4},{"not_picked":["hermit:EternalForm","hermit:Spite","hermit:Shortfuse"],"picked":"SKIP","floor":6},{"not_picked":["hermit:EyeOfTheStorm","hermit:Roulette"],"picked":"hermit:ShadowCloak","floor":10},{"not_picked":["hermit:CursedWeapon","hermit:Roulette"],"picked":"hermit:Snipe","floor":11},{"not_picked":["hermit:Headshot","hermit:Feint"],"picked":"hermit:Misfire","floor":12}],"player_experience":269519,"relics_obtained":[{"floor":6,"key":"Bottled Tornado"},{"floor":9,"key":"Dream Catcher"}],"event_choices":[{"damage_healed":0,"gold_gain":275,"player_choice":"Desecrate","damage_taken":0,"max_hp_gain":0,"max_hp_loss":0,"event_name":"Golden Shrine","floor":3,"gold_loss":0,"cards_obtained":["Regret"]},{"damage_healed":0,"gold_gain":1,"player_choice":"Relic Relic ","damage_taken":23,"max_hp_gain":0,"max_hp_loss":0,"event_name":"betterThird:BetterScrap","floor":5,"gold_loss":0,"cards_obtained":["Core Surge"]}],"is_beta":false,"boss_relics":[],"items_purged_floors":[],"is_endless":false,"potions_floor_spawned":[2,6,10],"killed_by":"3 Sentries","ascension_level":4}}