{"host":"fq1bpa5mgr3rtgnr","time":1610504500,"event":{"mods":["AchievementEnabler","BaseMod","Colored Map","Colored Powertips","Highlight Path","Minty Spire (QoL Compilation)","Relic Stats","StSLib","The Animator"],"gold_per_floor":[114,142,142,167,177,177,82,82,135,148,148,186,215,232,232,355,355,372,394,394,425,450,462,462],"floor_reached":23,"language":"ENG","playtime":2953,"items_purged":[],"score":197,"play_id":"0795e66f-f7e3-42ed-9d56-e1114250061c","local_time":"20210112212140","is_ascension_mode":false,"campfire_choices":[{"data":"animator:PandorasActor","floor":6,"key":"SMITH"},{"data":"animator:Benimaru","floor":8,"key":"SMITH"},{"data":"animator:Chris","floor":11,"key":"SMITH"},{"data":"animator:Vanir","floor":15,"key":"SMITH"}],"circlet_count":0,"master_deck":["animator:Kazuma","animator:Aqua","animator:Benimaru+1","animator:PandorasActor+1","animator:Vanir+1","animator:Sonic","animator:Strike_Elsword","animator:Strike_NoGameNoLife+1","animator:Defend_AccelWorld","animator:Defend_GoblinSlayer","animator:Defend_Fate","animator:Chris+1","animator:Layla","animator:Archer","animator:Genos","animator:AcuraShin","animator:GazelDwargon+1","animator:MumenRider+1","animator:Shimakaze","animator:Kaijin+1","animator:Sonic"],"relics":["animator:LivingPicture","animator:TheMissingPiece","animator:PurgingStone","NeowsBlessing","Potion Belt","Matryoshka","Empty Cage"],"acts_visited":["Exordium","TheCity"],"potions_floor_usage":[12,16,19,22,23,23,23],"damage_taken":[{"damage":0.0,"enemies":"Jaw Worm","floor":1.0,"turns":1.0},{"damage":0,"enemies":"Cultist","floor":2,"turns":1},{"damage":0,"enemies":"Small Slimes","floor":4,"turns":1},{"damage":4,"enemies":"3 Louse","floor":5,"turns":3},{"damage":0,"enemies":"Lots of Slimes","floor":10,"turns":5},{"damage":6,"enemies":"3 Sentries","floor":12,"turns":8},{"damage":14,"enemies":"Exordium Thugs","floor":13,"turns":4},{"damage":2,"enemies":"3 Louse","floor":14,"turns":2},{"damage":16,"enemies":"Slime Boss","floor":16,"turns":9},{"damage":9,"enemies":"Shell Parasite","floor":18,"turns":4},{"damage":12,"enemies":"3 Byrds","floor":19,"turns":3},{"damage":23,"enemies":"Sentry and Sphere","floor":21,"turns":4},{"damage":40,"enemies":"Shelled Parasite and Fungi","floor":22,"turns":6},{"damage":28,"enemies":"Book of Stabbing","floor":23,"turns":4}],"seed_played":"5681954074100021295","potions_obtained":[{"floor":1,"key":"GamblersBrew"},{"floor":3,"key":"FearPotion"},{"floor":3,"key":"AttackPotion"},{"floor":12,"key":"animator:FalseLifePotion"},{"floor":13,"key":"Swift Potion"},{"floor":14,"key":"animator:GrowthPotion"},{"floor":16,"key":"DistilledChaos"},{"floor":19,"key":"FairyPotion"}],"is_trial":false,"path_per_floor":["M","M","?","M","M","R","?","R","T","M","R","E","M","M","R","B",null,"M","M","?","M","M","E"],"character_chosen":"THE_ANIMATOR","items_purchased":[],"campfire_rested":0,"item_purchase_floors":[],"current_hp_per_floor":[66,66,66,66,64,64,64,64,64,67,67,61,49,47,47,33,67,60,50,50,27,17,0,0],"gold":462,"neow_bonus":"THREE_ENEMY_KILL","is_daily":false,"chose_seed":false,"campfire_upgraded":4,"win_rate":0.0,"timestamp":1610504500,"path_taken":["M","M","?","?","M","R","?","R","T","M","R","E","M","M","R","BOSS","M","M","?","?","M","E"],"items_purchased_type":[],"build_version":"2020-12-22","purchased_purges":0,"victory":false,"max_hp_per_floor":[66,66,66,66,66,66,66,66,66,67,67,67,67,67,67,67,67,67,67,67,67,67,67,67],"relic_stats":{"counters":[14,55],"obtain_stats":[{"Potion Belt":9,"Matryoshka":12,"animator:PurgingStone":0,"NeowsBlessing":0,"animator:TheMissingPiece":0,"animator:LivingPicture":0,"Empty Cage":17},{"Potion Belt":4,"Matryoshka":6,"animator:PurgingStone":0,"NeowsBlessing":0,"animator:TheMissingPiece":0,"animator:LivingPicture":0,"Empty Cage":9},{"Potion Belt":6,"Matryoshka":19,"animator:PurgingStone":0,"NeowsBlessing":0,"animator:TheMissingPiece":0,"animator:LivingPicture":0,"Empty Cage":34}]},"card_choices":[{"not_picked":["animator:HighElfArcher","animator:IrohaTamaki"],"picked":"animator:Benimaru","floor":1},{"not_picked":["animator:DolaRiku","animator:Sonic"],"picked":"animator:PandorasActor","floor":2},{"not_picked":["animator:Benimaru","animator:Rider"],"picked":"animator:Vanir","floor":4},{"not_picked":["animator:MumenRider","animator:SilverFang"],"picked":"animator:Sonic","floor":5},{"not_picked":["animator:Shuna","animator:IrohaTamaki"],"picked":"animator:Chris","floor":10},{"not_picked":["animator:EmiyaShirou","animator:Eris"],"picked":"animator:Layla","floor":12},{"not_picked":["animator:Mitsurugi","animator:DolaStephanie"],"picked":"animator:Archer","floor":13},{"not_picked":["animator:Tatsumaki","animator:Geryuganshoop"],"picked":"animator:Genos","floor":14},{"not_picked":["animator:GoblinSlayer","animator:HomuraAkemi"],"picked":"animator:AcuraShin","floor":16},{"not_picked":["animator:YachiyoNanami+1","animator:Darkness"],"picked":"animator:GazelDwargon+1","floor":18},{"not_picked":["animator:IzunaHatsuse","animator:Vesta"],"picked":"animator:MumenRider+1","floor":19},{"not_picked":["animator:Viivi","animator:Gillette"],"picked":"animator:Kaijin+1","floor":21},{"not_picked":["animator:Genos","animator:SilverFang"],"picked":"animator:Sonic","floor":22}],"player_experience":383932,"relics_obtained":[{"floor":9,"key":"Potion Belt"},{"floor":12,"key":"Matryoshka"}],"event_choices":[{"damage_healed":0,"gold_gain":0,"player_choice":"Got Potions","damage_taken":0,"max_hp_gain":0,"max_hp_loss":0,"event_name":"Lab","floor":3,"gold_loss":0},{"damage_healed":0,"gold_gain":0,"cards_transformed":["animator:Strike_Fate"],"player_choice":"Transformed","damage_taken":0,"max_hp_gain":0,"max_hp_loss":0,"event_name":"Transmorgrifier","floor":20,"gold_loss":0,"cards_obtained":["animator:Shimakaze"]}],"is_beta":false,"boss_relics":[{"not_picked":["Black Star","Runic Dome"],"picked":"Empty Cage"}],"items_purged_floors":[],"is_endless":false,"potions_floor_spawned":[1,12,13,14,16,19],"killed_by":"Book of Stabbing","ascension_level":0}}