{"host":"h4390p13uu6iw1q5","time":1610558581,"event":{"mods":["BaseMod","Colored Map","Minty Spire (QoL Compilation)"],"gold_per_floor":[114,129,144,219,234,234,249,264,264,264,30,45,60,90,90,190,190,205,220,235,160,175,175,190,190,199,214,229,244,259,274,283,401,460,475,490,505,75,90,18,33,48,107,122,137,146,161,176,185,194],"floor_reached":51,"language":"ENG","playtime":2746,"items_purged":["Strike_P"],"score":846,"play_id":"87709359-dc2a-44b6-b368-89f9630906e7","local_time":"20210113122301","daily_mods":["Cursed Run","Vintage","Lethality"],"is_ascension_mode":false,"campfire_choices":[{"data":"Eruption","floor":6,"key":"SMITH"},{"data":"Strike_P","floor":10,"key":"SMITH"},{"data":"ReachHeaven","floor":15,"key":"SMITH"},{"data":"LessonLearned","floor":23,"key":"SMITH"},{"data":"FollowUp","floor":25,"key":"SMITH"},{"floor":32,"key":"REST"},{"floor":46,"key":"REST"},{"floor":49,"key":"REST"}],"circlet_count":0,"master_deck":["Strike_P+1","Strike_P+1","Strike_P+1","Defend_P+1","Defend_P+1","Defend_P+1","Eruption+1","Vigilance+1","FollowUp+1","Fasting2+1","ReachHeaven+1","LessonLearned+1","Shame","TalkToTheHand+1","Shame","SpiritShield+1","TalkToTheHand+1","BattleHymn+1","Tantrum+1","InnerPeace+1","Clumsy","ThirdEye+1","Swivel+1","Shame"],"relics":["Cursed Key","Darkstone Periapt","Du-Vu Doll","Pen Nib","Happy Flower","PreservedInsect","Potion Belt","Meat on the Bone","Orichalcum","White Beast Statue","ClockworkSouvenir","Bottled Flame","Smiling Mask","War Paint","Empty Cage","Blue Candle","Pantograph","Blood Vial","CeramicFish","Centennial Puzzle","Gremlin Horn","Bronze Scales","Juzu Bracelet","Dream Catcher","Bag of Marbles","InkBottle","Tiny House","Toxic Egg 2","Ginger","The Courier","Oddly Smooth Stone","Damaru","Anchor","Akabeko","Vajra","Yang","Bag of Preparation","Mercury Hourglass","Bottled Tornado","Ancient Tea Set","HornCleat"],"acts_visited":["Exordium","TheCity","TheBeyond"],"potions_floor_usage":[5,5,12,18,20,22,24,27,28,30,31,33,33,33,35,35,36,36,36,36,37,37,48,50,50,50,50,50],"damage_taken":[{"damage":0,"enemies":"Cultist","floor":1,"turns":2},{"damage":0,"enemies":"Jaw Worm","floor":2,"turns":1},{"damage":0,"enemies":"2 Louse","floor":3,"turns":2},{"damage":0,"enemies":"Exordium Thugs","floor":5,"turns":1},{"damage":6,"enemies":"Exordium Wildlife","floor":7,"turns":3},{"damage":0,"enemies":"Looter","floor":8,"turns":3},{"damage":0,"enemies":"Large Slime","floor":12,"turns":2},{"damage":0,"enemies":"Red Slaver","floor":13,"turns":1},{"damage":0,"enemies":"Gremlin Nob","floor":14,"turns":2},{"damage":0,"enemies":"Slime Boss","floor":16,"turns":5},{"damage":8,"enemies":"Shell Parasite","floor":18,"turns":4},{"damage":0,"enemies":"Spheric Guardian","floor":19,"turns":1},{"damage":0,"enemies":"Snecko","floor":20,"turns":2},{"damage":0,"enemies":"Snake Plant","floor":22,"turns":1},{"damage":0,"enemies":"Centurion and Healer","floor":24,"turns":2},{"damage":0,"enemies":"Snecko","floor":27,"turns":2},{"damage":0,"enemies":"Snake Plant","floor":28,"turns":1},{"damage":0,"enemies":"Sentry and Sphere","floor":29,"turns":1},{"damage":1,"enemies":"3 Cultists","floor":30,"turns":1},{"damage":19,"enemies":"Centurion and Healer","floor":31,"turns":3},{"damage":2,"enemies":"Collector","floor":33,"turns":6},{"damage":0,"enemies":"Orb Walker","floor":35,"turns":1},{"damage":1,"enemies":"3 Darklings","floor":36,"turns":2},{"damage":3,"enemies":"Writhing Mass","floor":37,"turns":5},{"damage":0,"enemies":"Jaw Worm Horde","floor":39,"turns":2},{"damage":6,"enemies":"Maw","floor":41,"turns":3},{"damage":0,"enemies":"3 Darklings","floor":42,"turns":1},{"damage":0,"enemies":"Writhing Mass","floor":44,"turns":2},{"damage":0,"enemies":"Sphere and 2 Shapes","floor":45,"turns":1},{"damage":0,"enemies":"4 Shapes","floor":47,"turns":1},{"damage":0,"enemies":"3 Darklings","floor":48,"turns":1},{"damage":16,"enemies":"Donu and Deca","floor":50,"turns":5}],"seed_played":"-4624312993155624390","potions_obtained":[{"floor":2,"key":"Ambrosia"},{"floor":3,"key":"Fire Potion"},{"floor":5,"key":"LiquidBronze"},{"floor":8,"key":"FearPotion"},{"floor":12,"key":"Block Potion"},{"floor":13,"key":"Fire Potion"},{"floor":14,"key":"Strength Potion"},{"floor":16,"key":"Ancient Potion"},{"floor":18,"key":"Weak Potion"},{"floor":20,"key":"BottledMiracle"},{"floor":22,"key":"AttackPotion"},{"floor":24,"key":"AttackPotion"},{"floor":27,"key":"Fruit Juice"},{"floor":28,"key":"BlessingOfTheForge"},{"floor":29,"key":"EntropicBrew"},{"floor":30,"key":"Dexterity Potion"},{"floor":31,"key":"BottledMiracle"},{"floor":33,"key":"SpeedPotion"},{"floor":34,"key":"Weak Potion"},{"floor":35,"key":"BlessingOfTheForge"},{"floor":36,"key":"ColorlessPotion"},{"floor":37,"key":"Dexterity Potion"},{"floor":39,"key":"Ancient Potion"},{"floor":41,"key":"CultistPotion"},{"floor":48,"key":"Explosive Potion"}],"is_trial":false,"path_per_floor":["M","M","M","?","M","R","M","M","T","R","$","M","M","E","R","B",null,"M","M","M","?","M","R","M","R","T","M","M","M","M","M","R","B",null,"M","M","M","$","M","$","M","M","T","M","M","R","M","M","R","B",null],"character_chosen":"WATCHER","items_purchased":["ClockworkSouvenir","FollowUp","Fasting2","BattleHymn","Oddly Smooth Stone","Damaru","Anchor","Tantrum","InnerPeace+1"],"campfire_rested":3,"item_purchase_floors":[11,11,11,38,38,38,38,40,40],"current_hp_per_floor":[72,72,72,61,61,61,55,55,61,61,61,61,61,61,61,67,81,73,73,73,73,75,75,77,77,83,90,92,92,91,73,92,96,103,103,102,100,100,102,102,97,99,105,107,109,109,109,109,109,99],"gold":194,"neow_bonus":"","is_daily":true,"chose_seed":false,"campfire_upgraded":5,"win_rate":0.0,"timestamp":1610558581,"path_taken":["M","M","M","?","M","R","M","M","T","R","$","M","M","E","R","BOSS","M","M","M","?","M","R","M","R","T","M","M","M","M","M","R","BOSS","M","M","M","$","M","$","M","M","T","M","M","R","M","M","R","BOSS"],"items_purchased_type":["Relic","Card","Card","Card","Relic","Relic","Relic","Card","Card"],"build_version":"2020-12-22","purchased_purges":1,"victory":true,"max_hp_per_floor":[72,72,72,72,72,72,72,72,78,78,78,78,78,78,78,84,81,81,81,81,81,81,81,81,81,87,92,92,92,92,92,92,98,103,103,103,103,103,103,103,103,103,109,109,109,109,109,109,109,115],"card_choices":[{"not_picked":["Crescendo","Fasting2"],"picked":"ReachHeaven","floor":14},{"not_picked":["Alpha","Devotion"],"picked":"LessonLearned","floor":16},{"not_picked":["FlyingSleeves","BowlingBash"],"picked":"TalkToTheHand","floor":32},{"not_picked":["Establishment","Alpha"],"picked":"SpiritShield","floor":33},{"not_picked":["ThirdEye","Meditate"],"picked":"TalkToTheHand","floor":34},{"not_picked":["FlurryOfBlows","ForeignInfluence+1"],"picked":"ThirdEye+1","floor":46},{"not_picked":["Prostrate+1","SashWhip"],"picked":"Swivel+1","floor":49}],"player_experience":2439806,"relics_obtained":[{"floor":1,"key":"Pen Nib"},{"floor":2,"key":"Happy Flower"},{"floor":3,"key":"PreservedInsect"},{"floor":5,"key":"Potion Belt"},{"floor":7,"key":"Meat on the Bone"},{"floor":8,"key":"Orichalcum"},{"floor":9,"key":"White Beast Statue"},{"floor":12,"key":"Bottled Flame"},{"floor":13,"key":"Smiling Mask"},{"floor":14,"key":"War Paint"},{"floor":18,"key":"Blue Candle"},{"floor":19,"key":"Pantograph"},{"floor":20,"key":"Blood Vial"},{"floor":22,"key":"CeramicFish"},{"floor":24,"key":"Centennial Puzzle"},{"floor":26,"key":"Gremlin Horn"},{"floor":27,"key":"Bronze Scales"},{"floor":28,"key":"Juzu Bracelet"},{"floor":29,"key":"Dream Catcher"},{"floor":30,"key":"Bag of Marbles"},{"floor":31,"key":"InkBottle"},{"floor":35,"key":"Toxic Egg 2"},{"floor":36,"key":"Ginger"},{"floor":37,"key":"The Courier"},{"floor":39,"key":"Akabeko"},{"floor":41,"key":"Vajra"},{"floor":42,"key":"Yang"},{"floor":43,"key":"Bag of Preparation"},{"floor":44,"key":"Mercury Hourglass"},{"floor":45,"key":"Bottled Tornado"},{"floor":47,"key":"Ancient Tea Set"},{"floor":48,"key":"HornCleat"}],"event_choices":[{"damage_healed":0,"gold_gain":75,"player_choice":"Gather Gold","damage_taken":11,"max_hp_gain":0,"max_hp_loss":0,"event_name":"World of Goop","floor":4,"gold_loss":0},{"cards_removed":["Defend_P"],"damage_healed":0,"gold_gain":0,"player_choice":"Gave Gold","damage_taken":0,"max_hp_gain":0,"max_hp_loss":0,"event_name":"Beggar","floor":21,"gold_loss":75}],"is_beta":false,"boss_relics":[{"not_picked":["SacredBark","Ectoplasm"],"picked":"Empty Cage"},{"not_picked":["Black Star","Velvet Choker"],"picked":"Tiny House"}],"items_purged_floors":[38],"is_endless":false,"potions_floor_spawned":[2,3,5,8,12,13,14,16,18,19,20,22,24,27,28,29,30,31,33,35,36,37,39,41,42,44,45,47,48],"ascension_level":0}}