{"host":"yi49lbnhh35mzi7n","time":1610500481,"event":{"mods":["BaseMod","Bestiary","BetterRewards","Colored Map","Conspire","Downfall","Googly Eyes","Hermit","Hubris","Infinite Spire","Minty Spire (QoL Compilation)","Quick Restart","Replay The Spire","StSLib","The Bladedancer","The Construct","The Jungle","The Necromancer","Yuri Mod"],"gold_per_floor":[111,121,121,140,155,182,132,158,184,184,184,184],"floor_reached":11,"language":"ENG","playtime":151,"items_purged":[],"score":87,"play_id":"c0a6bd65-1e43-445d-970a-a8af47e81ee7","local_time":"20210113021441","is_ascension_mode":true,"campfire_choices":[],"circlet_count":0,"master_deck":["Strike_R","Strike_R","Strike_R","Strike_R","Defend_R","Defend_R","Defend_R","Defend_R","Bash","Cleave","ReplayTheSpireMod:Strike From Hell","Rampage","Dark Embrace","Disarm","Feel No Pain"],"relics":["Burning Blood","NeowsBlessing","Bronze Scales","infinitespire:Beetle Shell","infinitespire:Lucky Rock","Unceasing Top"],"acts_visited":["Exordium"],"potions_floor_usage":[5,8],"damage_taken":[{"damage":0,"enemies":"Small Slimes","floor":1,"turns":1},{"damage":0,"enemies":"Cultist","floor":2,"turns":1},{"damage":0,"enemies":"Jaw Worm","floor":4,"turns":1},{"damage":4,"enemies":"Blue Slaver","floor":5,"turns":3},{"damage":20,"enemies":"Gremlin Nob","floor":6,"turns":4},{"damage":49,"enemies":"Lagavulin","floor":8,"turns":6},{"damage":41,"enemies":"Gremlin Nob","floor":11,"turns":4}],"seed_played":"-6357694551076941701","potions_obtained":[{"floor":2,"key":"Swift Potion"},{"floor":3,"key":"Toxic Potion"},{"floor":3,"key":"Weak Potion"},{"floor":3,"key":"DistilledChaos"}],"is_trial":false,"path_per_floor":["M","M","?","M","M","E","?","E","T","T","E"],"character_chosen":"IRONCLAD","items_purchased":[],"campfire_rested":0,"item_purchase_floors":[],"current_hp_per_floor":[80,80,80,80,80,66,66,23,23,23,0,0],"gold":184,"neow_bonus":"THREE_ENEMY_KILL","is_daily":false,"chose_seed":false,"campfire_upgraded":0,"win_rate":0.0,"timestamp":1610500481,"path_taken":["M","M","?","M","?","E","?","E","T","?","E"],"items_purchased_type":[],"build_version":"2020-12-22","purchased_purges":0,"victory":false,"max_hp_per_floor":[80,80,80,80,80,80,80,80,80,80,80,80],"card_choices":[{"not_picked":["Heavy Blade","Sentinel"],"picked":"Cleave","floor":1},{"not_picked":["Heavy Blade","Thunderclap"],"picked":"ReplayTheSpireMod:Strike From Hell","floor":2},{"not_picked":["Flex","ReplayTheSpireMod:Strike From Hell"],"picked":"Rampage","floor":4},{"not_picked":["Perfected Strike","Thunderclap"],"picked":"Dark Embrace","floor":5},{"not_picked":["hubris:ReadiedAction","Second Wind"],"picked":"Disarm","floor":6},{"not_picked":["Burning Pact","Warcry"],"picked":"Feel No Pain","floor":8}],"player_experience":568558,"relics_obtained":[{"floor":6,"key":"Bronze Scales"},{"floor":8,"key":"infinitespire:Beetle Shell"},{"floor":9,"key":"infinitespire:Lucky Rock"},{"floor":10,"key":"Unceasing Top"}],"event_choices":[{"damage_healed":0,"gold_gain":0,"player_choice":"Got Potions","damage_taken":0,"max_hp_gain":0,"max_hp_loss":0,"event_name":"Lab","floor":3,"gold_loss":0},{"cards_removed":["Strike_R"],"damage_healed":0,"gold_gain":0,"player_choice":"Card Removal","damage_taken":0,"max_hp_gain":0,"max_hp_loss":0,"event_name":"The Cleric","floor":7,"gold_loss":50}],"is_beta":false,"boss_relics":[],"items_purged_floors":[],"is_endless":false,"potions_floor_spawned":[2],"killed_by":"Gremlin Nob","ascension_level":1}}