{"host":"6jrnojxwearbrjzo","time":1610562282,"event":{"mods":["BaseMod","Colored Map","Conspire","Highlight Path","Minty Spire (QoL Compilation)","Quick Restart","Replay The Spire","Shop Mod","Spicy Shops","StSLib","The Servant 0.9.4"],"gold_per_floor":[112,129,146,146,3,36,48,78,117,152,164,192,204,234,246,363,375,399,425,437,9,44,44,44],"floor_reached":23,"language":"ZHS","playtime":741,"items_purged":["Decay"],"score":201,"play_id":"e476d5d0-4624-45ee-8362-784ff99d8448","local_time":"20210114022442","is_ascension_mode":true,"campfire_choices":[{"data":"Seek","floor":11,"key":"SMITH"},{"data":"Crystallizer","floor":15,"key":"SMITH"}],"circlet_count":0,"master_deck":["Strike_B","Strike_B","Defend_B","Defend_B","Gash","Gash","Seek+1","ReplayGash","Scrape","Crystallizer+1","Reboot","Streamline","ReplayTheSpireMod:Repulse","FTL","Redo+1"],"relics":["Cracked Core","NeowsBlessing","MawBank","Omamori","Vajra","Kintsugi","Mirror","TheAbacus","Replay:Rubber Ducky"],"acts_visited":["Exordium","TheCity"],"potions_floor_usage":[6,6,16,16,19,22],"damage_taken":[{"damage":0,"enemies":"Cultist","floor":1,"turns":1},{"damage":0,"enemies":"Small Slimes","floor":2,"turns":1},{"damage":0,"enemies":"Jaw Worm","floor":3,"turns":1},{"damage":18,"enemies":"Gremlin Nob","floor":6,"turns":4},{"damage":4,"enemies":"Exordium Thugs","floor":8,"turns":4},{"damage":1,"enemies":"2 Fungi Beasts","floor":12,"turns":2},{"damage":1,"enemies":"Exordium Wildlife","floor":14,"turns":2},{"damage":36,"enemies":"The Guardian","floor":16,"turns":8},{"damage":0,"enemies":"Spheric Guardian","floor":18,"turns":2},{"damage":13,"enemies":"2 Thieves","floor":19,"turns":3},{"damage":34,"enemies":"conspire:MimicChest","floor":22,"turns":5},{"damage":34,"enemies":"Book of Stabbing","floor":23,"turns":3}],"seed_played":"-2073214099159127215","potions_obtained":[{"floor":1,"key":"FocusPotion"},{"floor":2,"key":"ColorlessPotion"},{"floor":12,"key":"Dexterity Potion"},{"floor":14,"key":"Energy Potion"},{"floor":18,"key":"Block Potion"},{"floor":22,"key":"Fruit Juice"}],"is_trial":false,"path_per_floor":["M","M","M","?","$","E","?","M","T","T","R","M","$","M","R","B",null,"M","M","?","$","?","E"],"character_chosen":"DEFECT","items_purchased":["ReplayGash","Mirror","TheAbacus","FTL"],"campfire_rested":0,"item_purchase_floors":[5,21,21,21],"current_hp_per_floor":[75,75,75,75,75,57,57,53,53,53,53,52,52,51,51,15,75,75,62,62,62,33,0,0],"gold":44,"neow_bonus":"THREE_ENEMY_KILL","is_daily":false,"chose_seed":false,"campfire_upgraded":2,"win_rate":0.0,"timestamp":1610562282,"path_taken":["M","?","M","?","?","E","?","M","T","?","R","M","$","M","R","BOSS","M","M","?","$","?","E"],"items_purchased_type":["Card","Relic","Relic","Card"],"build_version":"2020-12-22","purchased_purges":1,"victory":false,"max_hp_per_floor":[75,75,75,75,75,75,75,75,75,75,75,75,75,75,75,75,75,75,75,75,75,80,80,80],"card_choices":[{"not_picked":["Turbo","Steam"],"picked":"Gash","floor":1},{"not_picked":["Auto Shields","Compile Driver"],"picked":"Gash","floor":2},{"not_picked":["Conserve Battery","Barrage"],"picked":"Seek","floor":3},{"not_picked":["Doom and Gloom","Coolheaded"],"picked":"Scrape","floor":6},{"not_picked":["Turbo","ReplayTheSpireMod:System Scan","Streamline"],"picked":"SKIP","floor":8},{"not_picked":["Rip and Tear","Stack","Compile Driver"],"picked":"SKIP","floor":12},{"not_picked":["BasicCrystalCard","Capacitor"],"picked":"Crystallizer","floor":14},{"not_picked":["Multi-Cast","Rainbow"],"picked":"Reboot","floor":16},{"not_picked":["Force Field","Leap"],"picked":"Streamline","floor":18},{"not_picked":["Scrape+1","Loop"],"picked":"ReplayTheSpireMod:Repulse","floor":19},{"not_picked":["Compile Driver","Leap"],"picked":"Redo+1","floor":22}],"player_experience":67724,"relics_obtained":[{"floor":6,"key":"MawBank"},{"floor":9,"key":"Omamori"},{"floor":10,"key":"Vajra"},{"floor":22,"key":"Replay:Rubber Ducky"}],"event_choices":[{"damage_healed":0,"gold_gain":0,"player_choice":"Cursed","damage_taken":0,"max_hp_gain":0,"max_hp_loss":0,"event_name":"Wheel of Change","floor":4,"gold_loss":0,"cards_obtained":["Decay"]},{"damage_healed":0,"gold_gain":0,"player_choice":"Ignored","damage_taken":0,"max_hp_gain":0,"max_hp_loss":0,"event_name":"Ghosts","floor":20,"gold_loss":0}],"is_beta":false,"boss_relics":[{"not_picked":["Replay:Ancient Bell","conspire:SeveredTorchhead"],"picked":"Kintsugi"}],"items_purged_floors":[5],"is_endless":false,"potions_floor_spawned":[1,2,12,14,18,22],"killed_by":"Book of Stabbing","ascension_level":1}}