{"host":"4sgoj70bvr8ov3jh","time":1610512046,"event":{"mods":["2.2 Compatiblity","AchievementEnabler","BaseMod","Chen","GifTheSpireLib","Hero for Fun","Marisa????????","Minty Spire (QoL Compilation)","Permanent Neow","Remilia_Scarlet Moed?????·?????3.3.5","StSLib","The Alterego","The Servant 0.9.4"],"gold_per_floor":[12114,12114,12129,10496,10511,10541,10541,10556,10556,10556,9206,9221,9252,9282,9282,9382,9382,9397,9412,8930,8930,8845,8845,8845,8845,8895,8910,8949,8964,8889,8904,8904,9022,9072,9087,9114,9148,8095,8110,7625,7625,7684,7693,7708,7735,7750,7765,7780,7780,7789],"floor_reached":51,"language":"ENG","playtime":2603,"items_purged":[],"score":1327,"play_id":"8f78d49d-586a-4331-97c4-29ff1f53329b","local_time":"20210112202726","daily_mods":["Cursed Run","Vintage","Lethality"],"is_ascension_mode":false,"campfire_choices":[{"data":"Eruption","floor":7,"key":"SMITH"},{"data":"Strike_P","floor":10,"key":"SMITH"},{"floor":15,"key":"DIG"},{"floor":23,"key":"DIG"},{"floor":25,"key":"DIG"},{"floor":32,"key":"DIG"},{"floor":41,"key":"DIG"},{"data":"1","floor":49,"key":"LIFT"}],"circlet_count":0,"master_deck":["Strike_P+1","Strike_P+1","Strike_P+1","Strike_P+1","Defend_P+1","Defend_P+1","Defend_P+1","Defend_P+1","Eruption+1","Vigilance+1","Swift Strike+1","Thinking Ahead+1","Forethought+1","Madness+1","Trip+1","Blind+1","LikeWater+1","Indignation+1","Study+1","FlyingSleeves+1","BowlingBash+1","Madness+1","Trip+1","Blind+1","FearNoEvil+1","Wallop+1","Conclude+1","ClearTheMind+1","Brilliance+1","FlyingSleeves+1","Metamorphosis+1","InstantArmor+1","Shame","Trip+1","Consecrate+1","CrushJoints+1","DeceiveReality+1","FollowUp+1","Crescendo+1","RemiliaMod:CMPB+1","Contraction+1","Writhe","alterego_mod:Valkyrie+1","ForeignInfluence+1","Consecrate+1","Jack Of All Trades+1","Transmutation+1","Deflect+1","Clumsy","Sadistic Nature+1","Metamorphosis+1","Madness+1","Magnetism+1","Shame","Consecrate+1","Impatience+1","Secret Technique+1","Transmutation+1","Mind Blast+1","Trip+1","Secret Technique+1","The Bomb+1","Flash of Steel+1","Forethought+1","Dark Shackles+1","TalkToTheHand+1","SashWhip+1","Nirvana+1","Collect+1","Perseverance+1","FollowUp+1","Spin+1","Writhe","BottledTime+1","Writhe"],"relics":["Cursed Key","Darkstone Periapt","Du-Vu Doll","The Courier","Black Blood","Membership Card","Pen Nib","Happy Flower","Pantograph","Toxic Egg 2","Molten Egg 2","Frozen Egg 2","Incense Burner","Incense Burner","Incense Burner","Incense Burner","Incense Burner","Incense Burner","Incense Burner","Inserter","Cracked Core","PrismaticShard","Bronze Scales","Bronze Scales","Bronze Scales","Bronze Scales","PrismaticShard","Bronze Scales","Bronze Scales","Bronze Scales","Bronze Scales","Bronze Scales","Bronze Scales","Bronze Scales","Bronze Scales","Bronze Scales","Bronze Scales","Bronze Scales","Bronze Scales","Bronze Scales","Bronze Scales","Bronze Scales","Bronze Scales","Bronze Scales","Bronze Scales","Bronze Scales","Bronze Scales","Bronze Scales","Bronze Scales","Bronze Scales","Bronze Scales","Bronze Scales","Bronze Scales","Bronze Scales","Bronze Scales","Bronze Scales","Bronze Scales","Bronze Scales","Bronze Scales","Bronze Scales","Bronze Scales","Bronze Scales","Bronze Scales","Bronze Scales","Bronze Scales","Nuclear Battery","War Paint","War Paint","War Paint","War Paint","War Paint","War Paint","ClockworkSouvenir","Regal Pillow","Oddly Smooth Stone","Question Card","FossilizedHelix","Mummified Hand","Damaru","TeardropLocket","TungstenRod","TungstenRod","TungstenRod","TungstenRod","TungstenRod","TungstenRod","TungstenRod","TungstenRod","TungstenRod","TungstenRod","TungstenRod","TungstenRod","TungstenRod","TungstenRod","TungstenRod","TungstenRod","TungstenRod","TungstenRod","TungstenRod","TungstenRod","TungstenRod","TungstenRod","TungstenRod","TungstenRod","TungstenRod","TungstenRod","TungstenRod","TungstenRod","TungstenRod","TungstenRod","TungstenRod","TungstenRod","TungstenRod","TungstenRod","TungstenRod","TungstenRod","TungstenRod","TungstenRod","TungstenRod","TungstenRod","TungstenRod","TungstenRod","TungstenRod","TungstenRod","TungstenRod","TungstenRod","TungstenRod","TungstenRod","TungstenRod","TungstenRod","TungstenRod","TungstenRod","TungstenRod","TungstenRod","TungstenRod","TungstenRod","TungstenRod","TungstenRod","TungstenRod","TungstenRod","TungstenRod","TungstenRod","TungstenRod","TungstenRod","TungstenRod","TungstenRod","TungstenRod","TungstenRod","TungstenRod","TungstenRod","TungstenRod","TungstenRod","War Paint","TungstenRod","War Paint","War Paint","TungstenRod","War Paint","War Paint","TungstenRod","TungstenRod","TungstenRod","TungstenRod","TungstenRod","TungstenRod","TungstenRod","TungstenRod","TungstenRod","TungstenRod","Frozen Egg 2","PreservedInsect","Potion Belt","Meat on the Bone","White Beast Statue","Whetstone","Letter Opener","StrikeDummy","Bird Faced Urn","StrikeDummy","StrikeDummy","StrikeDummy","StrikeDummy","StrikeDummy","Lantern","Tiny Chest","Boot","Anchor","Shovel","Shuriken","Kunai","Shuriken","Shuriken","Shuriken","Shuriken","Shuriken","Shuriken","Shuriken","Shuriken","Shuriken","Shuriken","Shuriken","Shuriken","Shuriken","Shuriken","Kunai","Kunai","Kunai","Kunai","Kunai","Kunai","Kunai","Kunai","Kunai","Kunai","Kunai","Kunai","Kunai","Kunai","Kunai","Kunai","Kunai","Kunai","Matryoshka","Art of War","Molten Egg 2","Orichalcum","Blue Candle","BreadOfAWashokuLover","OldScarf","Cables","Dead Branch","Enchiridion","Unceasing Top","Uniform","Smiling Mask","War Paint","SacredBark","SacredBark","SacredBark","SacredBark","SacredBark","Pantograph","Gremlin Horn","Ornamental Fan","Omamori","Ancient Tea Set","Bottled Lightning","Blood Vial","CeramicFish","Centennial Puzzle","InkBottle","Bronze Scales","Dream Catcher","Bag of Marbles","Akabeko","Vajra","Toxic Egg 2","The Courier","Ginger","Tiny House","Yang","Mercury Hourglass","Chemical X","HornCleat","Pear","Dead Branch","StoneCalendar","Thread and Needle","Pocketwatch","Toolbox","Mango","Ice Cream","CaptainsWheel","Incense Burner","Lizard Tail","Turnip","Girya","Torii","CloakClasp","GoldenEye"],"acts_visited":["Exordium","TheCity","TheBeyond"],"potions_floor_usage":[28,33,33],"damage_taken":[{"damage":0,"enemies":"Cultist","floor":1,"turns":3},{"damage":21,"enemies":"Jaw Worm","floor":3,"turns":3},{"damage":0,"enemies":"2 Louse","floor":5,"turns":1},{"damage":0,"enemies":"Gremlin Nob","floor":6,"turns":1},{"damage":0,"enemies":"Exordium Thugs","floor":8,"turns":1},{"damage":0,"enemies":"Exordium Wildlife","floor":12,"turns":2},{"damage":0,"enemies":"3 Sentries","floor":13,"turns":2},{"damage":0,"enemies":"Lagavulin","floor":14,"turns":2},{"damage":0,"enemies":"Slime Boss","floor":16,"turns":2},{"damage":0,"enemies":"Shell Parasite","floor":18,"turns":1},{"damage":0,"enemies":"Spheric Guardian","floor":19,"turns":1},{"damage":0,"enemies":"Snecko","floor":27,"turns":2},{"damage":0,"enemies":"Slavers","floor":28,"turns":1},{"damage":0,"enemies":"Snake Plant","floor":29,"turns":1},{"damage":0,"enemies":"Centurion and Healer","floor":31,"turns":1},{"damage":0,"enemies":"Collector","floor":33,"turns":2},{"damage":0,"enemies":"Orb Walker","floor":35,"turns":1},{"damage":0,"enemies":"3 Darklings","floor":39,"turns":1},{"damage":0,"enemies":"Mind Bloom Boss Battle","floor":42,"turns":1},{"damage":0,"enemies":"Writhing Mass","floor":44,"turns":2},{"damage":0,"enemies":"2 Orb Walkers","floor":45,"turns":1},{"damage":0,"enemies":"Jaw Worm Horde","floor":46,"turns":1},{"damage":0,"enemies":"Maw","floor":47,"turns":2},{"damage":0,"enemies":"3 Darklings","floor":48,"turns":1},{"damage":0,"enemies":"Donu and Deca","floor":50,"turns":2}],"seed_played":"-4624312993155624390","potions_obtained":[{"floor":3,"key":"Ambrosia"},{"floor":6,"key":"FearPotion"},{"floor":8,"key":"FearPotion"},{"floor":12,"key":"Fire Potion"},{"floor":13,"key":"Strength Potion"},{"floor":19,"key":"BottledMiracle"},{"floor":28,"key":"Fruit Juice"},{"floor":29,"key":"BlessingOfTheForge"},{"floor":31,"key":"EntropicBrew"},{"floor":33,"key":"Dexterity Potion"},{"floor":34,"key":"Weak Potion"}],"is_trial":false,"path_per_floor":["M","?","M","$","M","E","R","M","T","R","$","M","?","E","R","B",null,"M","M","$","?","?","R","T","R","T","M","E","M","?","M","R","B",null,"M","?","T","$","M","$","R","?","T","M","?","M","M","M","R","B",null],"character_chosen":"WATCHER","items_purchased":["Swift Strike","Thinking Ahead","Forethought+1","Madness+1","Trip+1","Blind+1","ClockworkSouvenir","Regal Pillow","Oddly Smooth Stone","Question Card","FossilizedHelix","Mummified Hand","Damaru","TeardropLocket","TungstenRod","LikeWater","Indignation","Study+1","FlyingSleeves","BowlingBash","Evaluate","Madness+1","Trip+1","Blind+1","FearNoEvil+1","Wallop+1","Conclude+1","ClearTheMind+1","Brilliance+1","FlyingSleeves+1","Metamorphosis+1","Frozen Egg 2","Whetstone","Letter Opener","StrikeDummy","Bird Faced Urn","Lantern","Tiny Chest","Boot","Anchor","Shovel","Shuriken","Kunai","Trip+1","Matryoshka","Art of War","Molten Egg 2","Consecrate+1","CrushJoints+1","DeceiveReality+1","FollowUp+1","Crescendo+1","Ornamental Fan","Omamori","Ancient Tea Set","ForeignInfluence+1","Consecrate+1","Jack Of All Trades+1","Transmutation+1","Bottled Lightning","Chemical X","HornCleat","Pear","Dead Branch","StoneCalendar","Thread and Needle","Consecrate+1","Impatience+1","Secret Technique+1","Transmutation+1","Mind Blast+1","Trip+1","Secret Technique+1","The Bomb+1","Flash of Steel+1","Forethought+1","Dark Shackles+1","TalkToTheHand+1","SashWhip+1","Toolbox","Mango","Ice Cream","CaptainsWheel","Nirvana+1","Collect+1","Perseverance+1","FollowUp+1"],"campfire_rested":0,"item_purchase_floors":[4,4,4,4,4,4,4,4,4,4,4,4,4,4,4,4,4,4,4,4,4,4,4,4,4,4,4,4,4,4,4,4,11,11,11,11,11,11,11,11,11,11,11,11,11,11,11,11,11,11,11,11,20,20,20,20,20,20,20,20,38,38,38,38,38,38,38,38,38,38,38,38,38,38,38,38,38,38,38,40,40,40,40,40,40,40,40],"current_hp_per_floor":[72,58,49,49,61,72,72,72,78,78,78,78,78,78,78,84,84,84,84,84,84,84,84,84,84,84,84,94,94,94,94,94,100,105,105,105,111,121,121,135,135,135,141,141,141,141,141,141,141,147],"gold":7789,"neow_bonus":"","is_daily":true,"chose_seed":false,"campfire_upgraded":2,"win_rate":0.0,"timestamp":1610512046,"path_taken":["M","?","M","$","M","E","R","M","T","R","$","M","?","E","R","BOSS","M","M","$","?","?","R","?","R","T","?","E","M","?","M","R","BOSS","M","?","?","$","?","$","R","?","T","M","?","M","M","M","R","BOSS"],"items_purchased_type":["Card","Card","Card","Card","Card","Card","Relic","Relic","Relic","Relic","Relic","Relic","Relic","Relic","Relic","Card","Card","Card","Card","Card","Card","Card","Card","Card","Card","Card","Card","Card","Card","Card","Card","Relic","Relic","Relic","Relic","Relic","Relic","Relic","Relic","Relic","Relic","Relic","Relic","Card","Relic","Relic","Relic","Card","Card","Card","Card","Card","Relic","Relic","Relic","Card","Card","Card","Card","Relic","Relic","Relic","Relic","Relic","Relic","Relic","Card","Card","Card","Card","Card","Card","Card","Card","Card","Card","Card","Card","Card","Relic","Relic","Relic","Relic","Card","Card","Card","Card"],"build_version":"2020-12-22","purchased_purges":0,"victory":true,"max_hp_per_floor":[72,72,72,72,72,72,72,72,78,78,78,78,78,78,78,84,84,84,84,84,84,84,84,84,84,84,84,94,94,94,94,94,100,105,105,105,111,121,121,135,135,135,141,141,141,141,141,141,141,147],"card_choices":[{"not_picked":["Steam Power+1","Thunderclap+1","Perfected Strike+1"],"picked":"InstantArmor+1","floor":6},{"not_picked":["Sweeping Beam+1","Chen:SelfConfidence+1","BestPractice+1"],"picked":"RemiliaMod:CMPB+1","floor":13},{"not_picked":["Power Through+1","Dagger Throw+1","Chen:Assault+1"],"picked":"Contraction+1","floor":14},{"not_picked":["CollectingQuirk+1","alterego_mod:Venus+1","Chen:Afterimages+1"],"picked":"alterego_mod:Valkyrie+1","floor":16},{"not_picked":["RemiliaMod:CDXSJ+1","Chen:Salvo+1","Snipe+1"],"picked":"Deflect+1","floor":28},{"not_picked":["Die Die Die+1","Phantasmal Killer+1","Impervious+1"],"picked":"Sadistic Nature+1","floor":33},{"not_picked":["Secret Weapon+1","Impatience+1","Bandage Up+1"],"picked":"Metamorphosis+1","floor":36},{"not_picked":["HandOfGreed+1","Impatience+1","Metamorphosis+1"],"picked":"Madness+1","floor":36},{"not_picked":["Swift Strike+1","HandOfGreed+1","Deep Breath+1"],"picked":"Magnetism+1","floor":36},{"not_picked":["Chen:PentagramFlight+1","FastForward+1","True Grit+1"],"picked":"Spin+1","floor":42},{"not_picked":["Warcry+1","alterego_mod:PresenceConcealment+1","RemiliaMod:CJNNPSJ+1"],"picked":"BottledTime+1","floor":45}],"player_experience":191972,"relics_obtained":[{"floor":1,"key":"Pen Nib"},{"floor":3,"key":"Happy Flower"},{"floor":5,"key":"PreservedInsect"},{"floor":6,"key":"Potion Belt"},{"floor":8,"key":"Meat on the Bone"},{"floor":9,"key":"White Beast Statue"},{"floor":12,"key":"Orichalcum"},{"floor":14,"key":"Smiling Mask"},{"floor":15,"key":"War Paint"},{"floor":18,"key":"Pantograph"},{"floor":19,"key":"Gremlin Horn"},{"floor":23,"key":"CeramicFish"},{"floor":24,"key":"Centennial Puzzle"},{"floor":24,"key":"InkBottle"},{"floor":25,"key":"Bronze Scales"},{"floor":26,"key":"Dream Catcher"},{"floor":26,"key":"Bag of Marbles"},{"floor":27,"key":"Akabeko"},{"floor":28,"key":"Vajra"},{"floor":29,"key":"Toxic Egg 2"},{"floor":31,"key":"The Courier"},{"floor":32,"key":"Ginger"},{"floor":35,"key":"Yang"},{"floor":37,"key":"Mercury Hourglass"},{"floor":39,"key":"Pocketwatch"},{"floor":41,"key":"Incense Burner"},{"floor":42,"key":"Lizard Tail"},{"floor":43,"key":"Turnip"},{"floor":44,"key":"Girya"},{"floor":46,"key":"Torii"},{"floor":47,"key":"CloakClasp"},{"floor":48,"key":"GoldenEye"}],"event_choices":[{"damage_healed":0,"gold_gain":0,"player_choice":"Entered Light","damage_taken":14,"max_hp_gain":0,"max_hp_loss":0,"event_name":"Shining Light","floor":2,"gold_loss":0,"cards_upgraded":["Defend_P","Strike_P"]},{"damage_healed":0,"gold_gain":0,"player_choice":"Searched \u00272\u0027 times","damage_taken":0,"relics_obtained":["Blue Candle"],"max_hp_gain":0,"max_hp_loss":0,"event_name":"Dead Adventurer","floor":13,"gold_loss":0},{"damage_healed":0,"gold_gain":0,"player_choice":"Ignored","damage_taken":0,"max_hp_gain":0,"max_hp_loss":0,"event_name":"Ghosts","floor":21,"gold_loss":0},{"damage_healed":0,"gold_gain":0,"player_choice":"Obtained Relic","damage_taken":0,"relics_obtained":["Blood Vial"],"max_hp_gain":0,"max_hp_loss":0,"event_name":"Addict","floor":22,"gold_loss":85},{"cards_removed":["Evaluate"],"damage_healed":0,"gold_gain":0,"player_choice":"Gave Gold","damage_taken":0,"max_hp_gain":0,"max_hp_loss":0,"event_name":"Beggar","floor":30,"gold_loss":75},{"damage_healed":0,"gold_gain":0,"player_choice":"Memory 3","damage_taken":10,"max_hp_gain":0,"max_hp_loss":0,"event_name":"SensoryStone","floor":36,"gold_loss":0},{"damage_healed":0,"gold_gain":0,"player_choice":"Fight","damage_taken":0,"max_hp_gain":0,"max_hp_loss":0,"event_name":"MindBloom","floor":42,"gold_loss":0},{"damage_healed":0,"gold_gain":0,"player_choice":"Fight","damage_taken":0,"max_hp_gain":0,"max_hp_loss":0,"event_name":"Mysterious Sphere","floor":45,"gold_loss":0}],"is_beta":false,"boss_relics":[{"not_picked":["Ectoplasm","Empty Cage"],"picked":"SacredBark"},{"not_picked":["Black Star","Velvet Choker"],"picked":"Tiny House"}],"items_purged_floors":[],"is_endless":false,"potions_floor_spawned":[3,6,8,12,13,14,16,18,19,27,28,29,31,33,35,39,42,44,45,46,47,48],"ascension_level":0}}