{"host":"9709z2dy8v1s63sm","time":1610516789,"event":{"mods":["AchievementEnabler","BaseMod","Minty Spire (QoL Compilation)","StSLib","SuperFastMode"],"gold_per_floor":[119,119,119,130,130,160,160,178,178,178,178,14,53,77,77,203,203,223,237,250,265,265,265,304,324,324,47,47,68,104,48,48,172,172,197,197,212,14,347,373,373,399,468,468,486,519,538,569,569,569,569,569,26,54,54],"floor_reached":56,"playtime":3195,"items_purged":["Strike_R","Defend_R","Defend_R"],"score":1803,"play_id":"45eb5c60-13c7-4e78-859d-1fb52e1a10e8","local_time":"20210113144629","is_ascension_mode":true,"campfire_choices":[{"data":"Double Tap","floor":7.0,"key":"SMITH"},{"data":"Power Through","floor":11.0,"key":"SMITH"},{"data":"Shrug It Off","floor":15.0,"key":"SMITH"},{"data":"Blood for Blood","floor":23.0,"key":"SMITH"},{"data":"Dark Embrace","floor":32.0,"key":"SMITH"},{"data":"Evolve","floor":41.0,"key":"SMITH"},{"floor":49.0,"key":"RECALL"},{"data":"Second Wind","floor":52.0,"key":"SMITH"}],"circlet_count":0,"master_deck":["Defend_R+1","Defend_R+1","Bash+1","Blood for Blood+1","Power Through+1","Double Tap+1","Shrug It Off+1","Offering","Reaper","Evolve+1","Shockwave+1","Burning Pact","True Grit+1","Second Wind+1","Shrug It Off+1","Disarm+1","Dark Embrace+1","Brutality","Blood for Blood+1","Blood for Blood+1","Warcry+1","Seeing Red+1","Offering+1","Shrug It Off+1","Sentinel+1"],"relics":["Burning Blood","NeowsBlessing","The Courier","Toy Ornithopter","PreservedInsect","Oddly Smooth Stone","Happy Flower","Coffee Dripper","Lantern","War Paint","Toxic Egg 2","Bronze Scales","Empty Cage","DollysMirror","Bag of Preparation","Strawberry","Smiling Mask","Kunai","Membership Card","Centennial Puzzle","Vajra","Bag of Marbles","Pantograph","Nunchaku"],"acts_visited":["Exordium","TheCity","TheBeyond","TheEnding"],"potions_floor_usage":[54],"damage_taken":[{"damage":0.0,"enemies":"Small Slimes","floor":1.0,"turns":1.0},{"damage":0.0,"enemies":"2 Louse","floor":4.0,"turns":1.0},{"damage":0.0,"enemies":"Gremlin Nob","floor":6.0,"turns":1.0},{"damage":5.0,"enemies":"Jaw Worm","floor":8.0,"turns":6.0},{"damage":7.0,"enemies":"Lagavulin","floor":13.0,"turns":9.0},{"damage":0.0,"enemies":"Looter","floor":14.0,"turns":4.0},{"damage":24.0,"enemies":"Hexaghost","floor":16.0,"turns":9.0},{"damage":18.0,"enemies":"Chosen","floor":18.0,"turns":4.0},{"damage":23.0,"enemies":"2 Thieves","floor":19.0,"turns":4.0},{"damage":14.0,"enemies":"Shelled Parasite and Fungi","floor":20.0,"turns":6.0},{"damage":9.0,"enemies":"Cultist and Chosen","floor":21.0,"turns":7.0},{"damage":10.0,"enemies":"Book of Stabbing","floor":24.0,"turns":6.0},{"damage":13.0,"enemies":"Sentry and Sphere","floor":25.0,"turns":7.0},{"damage":6.0,"enemies":"3 Cultists","floor":29.0,"turns":6.0},{"damage":6.0,"enemies":"Gremlin Leader","floor":30.0,"turns":5.0},{"damage":57.0,"enemies":"Automaton","floor":33.0,"turns":13.0},{"damage":10.0,"enemies":"Orb Walker","floor":35.0,"turns":5.0},{"damage":17.0,"enemies":"3 Darklings","floor":37.0,"turns":8.0},{"damage":9.0,"enemies":"Giant Head","floor":40.0,"turns":6.0},{"damage":27.0,"enemies":"Reptomancer","floor":42.0,"turns":3.0},{"damage":21.0,"enemies":"Maw","floor":45.0,"turns":5.0},{"damage":8.0,"enemies":"Giant Head","floor":46.0,"turns":4.0},{"damage":7.0,"enemies":"Jaw Worm Horde","floor":47.0,"turns":4.0},{"damage":10.0,"enemies":"Nemesis","floor":48.0,"turns":5.0},{"damage":28.0,"enemies":"Time Eater","floor":50.0,"turns":9.0},{"damage":44,"enemies":"Shield and Spear","floor":54,"turns":3},{"damage":32,"enemies":"The Heart","floor":55,"turns":6}],"seed_played":"272313728520819410","potions_obtained":[{"floor":4.0,"key":"BloodPotion"},{"floor":8.0,"key":"SpeedPotion"},{"floor":14.0,"key":"SteroidPotion"},{"floor":18.0,"key":"FairyPotion"},{"floor":45.0,"key":"BloodPotion"},{"floor":48.0,"key":"Swift Potion"}],"is_trial":false,"path_per_floor":["M","?","?","M","?","E","R","M","T","?","R","$","E","M","R","B",null,"M","M","M","M","?","R","E","M","T","$","?","M","E","$","R","B",null,"M","?","M","$","?","E","R","E","T","?","M","E","M","E","R","B",null,"R","$","E","B",null],"character_chosen":"IRONCLAD","items_purchased":["Shrug It Off","Oddly Smooth Stone","Toxic Egg 2","Shrug It Off+1","Dark Embrace","DollysMirror","Membership Card","Offering+1","Centennial Puzzle","Shrug It Off+1","Sentinel+1","Vajra","Bag of Marbles","Pantograph"],"campfire_rested":0,"item_purchase_floors":[12,12,27,27,31,38,53,53,53,53,53,53,53,53],"current_hp_per_floor":[78,66,66,72,56,62,62,63,63,43,43,43,42,48,48,30,68,68,61,65,74,74,74,80,79,79,79,79,80,80,80,80,35,69,71,71,76,76,76,73,73,59,59,59,69,78,77,79,79,63,78,78,78,67,64],"gold":54,"neow_bonus":"THREE_ENEMY_KILL","is_daily":false,"chose_seed":false,"campfire_upgraded":7,"win_rate":0.0,"timestamp":1610516789,"path_taken":["M","?","?","?","?","E","R","M","T","?","R","?","E","M","R","BOSS","M","M","M","M","?","R","E","M","T","$","?","?","E","$","R","BOSS","M","?","M","$","?","E","R","E","T","?","M","E","M","E","R","BOSS","R","$","E","BOSS"],"items_purchased_type":["Card","Relic","Relic","Card","Card","Relic","Relic","Card","Relic","Card","Card","Relic","Relic","Relic"],"build_version":"2020-12-22","purchased_purges":3,"victory":true,"max_hp_per_floor":[80,80,80,80,80,80,80,80,80,80,80,80,80,80,80,80,80,80,80,80,80,80,80,80,80,80,80,80,80,80,80,80,80,80,80,76,76,76,76,76,76,83,83,83,83,83,83,83,83,83,83,83,83,83,83],"card_choices":[{"not_picked":["Iron Wave","Perfected Strike"],"picked":"Blood for Blood","floor":1.0},{"not_picked":["Feel No Pain","Heavy Blade"],"picked":"Power Through","floor":4.0},{"not_picked":["Headbutt","Cleave"],"picked":"Double Tap","floor":6.0},{"not_picked":["Clothesline","Clash","Havoc"],"picked":"SKIP","floor":8.0},{"not_picked":["Heavy Blade","Armaments","Warcry"],"picked":"SKIP","floor":13.0},{"not_picked":["Armaments","Body Slam"],"picked":"Offering","floor":14.0},{"not_picked":["Impervious","Exhume"],"picked":"Reaper","floor":16.0},{"not_picked":["Intimidate","Sword Boomerang+1"],"picked":"Evolve","floor":18.0},{"not_picked":["Rampage","Iron Wave"],"picked":"Shockwave+1","floor":19.0},{"not_picked":["Flex","Evolve","Armaments"],"picked":"SKIP","floor":20.0},{"not_picked":["Cleave","Pommel Strike"],"picked":"Burning Pact","floor":21.0},{"not_picked":["Inflame","Feed"],"picked":"True Grit","floor":24.0},{"not_picked":["Wild Strike","Warcry"],"picked":"Second Wind","floor":25.0},{"not_picked":["Fire Breathing+1","Shrug It Off+1"],"picked":"Disarm+1","floor":29.0},{"not_picked":["Anger","Intimidate+1","Pommel Strike+1"],"picked":"SKIP","floor":30.0},{"not_picked":["Limit Break+1","Berserk"],"picked":"Brutality","floor":33.0},{"not_picked":["Sword Boomerang","Cleave+1","Shrug It Off+1"],"picked":"SKIP","floor":35.0},{"not_picked":["Iron Wave+1","Pommel Strike+1","Spot Weakness+1"],"picked":"SKIP","floor":37.0},{"not_picked":["Second Wind+1","Perfected Strike"],"picked":"Blood for Blood+1","floor":40.0},{"not_picked":["Cleave+1","True Grit+1","Clash+1"],"picked":"SKIP","floor":42.0},{"not_picked":["Spot Weakness+1","Carnage","Blood for Blood"],"picked":"SKIP","floor":45.0},{"not_picked":["Second Wind+1","Limit Break+1"],"picked":"Warcry+1","floor":46.0},{"not_picked":["Twin Strike","Iron Wave","True Grit+1"],"picked":"SKIP","floor":47.0},{"not_picked":["Wild Strike","Searing Blow"],"picked":"Seeing Red+1","floor":48.0},{"not_picked":["Reckless Charge+1","Armaments+1","True Grit+1"],"picked":"SKIP","floor":54}],"player_experience":65233,"relics_obtained":[{"floor":6.0,"key":"Toy Ornithopter"},{"floor":9.0,"key":"PreservedInsect"},{"floor":13.0,"key":"Happy Flower"},{"floor":24.0,"key":"Lantern"},{"floor":26.0,"key":"War Paint"},{"floor":30.0,"key":"Bronze Scales"},{"floor":40.0,"key":"Bag of Preparation"},{"floor":42.0,"key":"Strawberry"},{"floor":46.0,"key":"Smiling Mask"},{"floor":48.0,"key":"Kunai"},{"floor":54,"key":"Nunchaku"}],"event_choices":[{"damage_healed":0.0,"max_hp_gain":0.0,"max_hp_loss":0.0,"gold_gain":0.0,"event_name":"Scrap Ooze","player_choice":"Success","floor":2.0,"gold_loss":0.0,"damage_taken":12.0,"relics_obtained":["The Courier"]},{"cards_removed":["Strike_R"],"damage_healed":0.0,"max_hp_gain":0.0,"max_hp_loss":0.0,"gold_gain":0.0,"event_name":"Living Wall","player_choice":"Forget","floor":3.0,"gold_loss":0.0,"damage_taken":0.0},{"damage_healed":0.0,"max_hp_gain":0.0,"max_hp_loss":0.0,"gold_gain":0.0,"event_name":"Shining Light","player_choice":"Entered Light","floor":5.0,"gold_loss":0.0,"damage_taken":16.0,"cards_upgraded":["Defend_R","Bash"]},{"damage_healed":0.0,"max_hp_gain":0.0,"max_hp_loss":0.0,"gold_gain":0.0,"event_name":"Golden Idol","player_choice":"Take Damage","floor":10.0,"gold_loss":0.0,"damage_taken":20.0,"relics_obtained":["Golden Idol"]},{"damage_healed":0.0,"max_hp_gain":0.0,"max_hp_loss":0.0,"gold_gain":0.0,"event_name":"Vampires","player_choice":"Ignored","floor":22.0,"gold_loss":0.0,"damage_taken":0.0},{"cards_removed":["Strike_R"],"damage_healed":0.0,"max_hp_gain":0.0,"max_hp_loss":0.0,"gold_gain":0.0,"event_name":"Bonfire Elementals","player_choice":"Offered Basic","floor":28.0,"gold_loss":0.0,"damage_taken":0.0},{"damage_healed":0.0,"max_hp_gain":0.0,"max_hp_loss":4.0,"gold_gain":0.0,"event_name":"Winding Halls","player_choice":"Max HP","floor":36.0,"gold_loss":0.0,"damage_taken":0.0},{"damage_healed":0.0,"max_hp_gain":0.0,"max_hp_loss":0.0,"gold_gain":333.0,"event_name":"The Moai Head","player_choice":"Gave Idol","floor":39.0,"relics_lost":["Golden Idol"],"gold_loss":0.0,"damage_taken":0.0},{"damage_healed":0.0,"max_hp_gain":0.0,"max_hp_loss":0.0,"gold_gain":0.0,"event_name":"Tomb of Lord Red Mask","player_choice":"Ignored","floor":44.0,"gold_loss":0.0,"damage_taken":0.0}],"is_beta":false,"boss_relics":[{"not_picked":["Astrolabe","Philosopher\u0027s Stone"],"picked":"Coffee Dripper"},{"not_picked":["Tiny House","Black Star"],"picked":"Empty Cage"}],"items_purged_floors":[27,38,53],"is_endless":false,"potions_floor_spawned":[4,8,14,18,21,25,45,48],"ascension_level":7}}