{"host":"40gggw0x72bpm5se","time":1610506362,"event":{"mods":["ATMod(°¢èªMod)","Act Like it!","Aspiration","BaseMod","Better Vampires","Colored Map","Conspire","Downfall","Energized Spire","Friendly Minions","Gensokyo","GungeonMod","Infinite Spire","Koishi","Library of Ruina","Library of Ruina Extra","Lobotomy","LobotomyExtend","Minty Spire (QoL Compilation)","Quarter Circle Forward PUNCH!","Quick Restart","Reimu£¨²©ÀöÁéÃÎ£©","Relic Stats","Replay The Spire","RumiaBox-Â¶Ã×æ«µÄÉñÃØºÐ×Ó","Shop Mod","Spicy Shops","StSLib","The Alterego","UnlockEverythingMod","Waifu the Spire","Youmu£¨»êÆÇÑýÃÎ£©","vexMod","¡¾¹¦ÄÜMod¡¿»ìãçÖ®»·ÐÞ¸´²¹¶¡","¡¾ÒÅÎï¿¨ÅÆ¡¿REMEMod"],"gold_per_floor":[113,147,159,159,173,207,207,241,241,274,58,58,58,58,58,163,163,176,176,186,206,216,251,251,280,280,296,296,296,309,325,325,429,1095,1113,1113,1161,1179,1179,1209,1209,662,662,680,42,42,139,174,174,183],"floor_reached":51,"playtime":2942,"items_purged":["alterego_mod:Strike","alterego_mod:Strike"],"score":970,"play_id":"25e6db63-b07d-4944-baac-35cc6de0b218","local_time":"20210113105242","is_ascension_mode":true,"campfire_choices":[{"data":"DaCapo","floor":7.0,"key":"SMITH"},{"data":"alterego_mod:BiFurious","floor":15.0,"key":"SMITH"},{"data":"alterego_mod:AlterEgo","floor":24,"key":"SMITH"},{"data":"AT_DarkMatter","floor":32,"key":"SMITH"},{"data":"alterego_mod:Venus","floor":41,"key":"SMITH"},{"data":"Metamorphosis","floor":46,"key":"SMITH"},{"floor":49,"key":"RECALL"}],"circlet_count":0,"master_deck":["alterego_mod:Strike","alterego_mod:Strike","alterego_mod:Defend","alterego_mod:Defend","alterego_mod:Defend","alterego_mod:Defend","alterego_mod:Impale","alterego_mod:BigMeatyClaws","alterego_mod:BrynhildrsRune","DaCapo+1","AT_DarkMatter+1","alterego_mod:Cooking","alterego_mod:Stockings","alterego_mod:DiscoLights","alterego_mod:IndependentAction","alterego_mod:BusterCard","alterego_mod:BusterCard","alterego_mod:TrashNCrash+1","alterego_mod:BiFurious+1","alterego_mod:MagicResistance+1","alterego_mod:Support+1","alterego_mod:Birthday+1","alterego_mod:Rip+1","alterego_mod:Bunnysuit","alterego_mod:Jiggle","alterego_mod:ChallengeComplete","alterego_mod:Venus+1","alterego_mod:Birthday+1","alterego_mod:Birthday+1","alterego_mod:BustOut","Metamorphosis+1","alterego_mod:Venus","alterego_mod:Venus","alterego_mod:Punishment","alterego_mod:Bounce"],"relics":["REME_ComplimentaryCards","AT_ATBox","aspiration:PoetsPen_weak","LetterFromLob","Replay:WaspNest","Strawberry","qcfpunch:Red_Gi","AT_BladeRuinedKing","PageOfLittleHelper","MerchantsRug","DemoMod:GreenGuonStone","Runic Dome","Baka2","PageOfSingingMachine","Tea:ReiMu","Question Card","Omamori","Gensokyo:ConquerorOfFear","Bottled Tornado","Strawberry","vexMod:RockOfEvil","vexMod:HeadHunter","vexMod:ConsolationPrize","ClockworkSouvenir","Mastiff:ReiMu","Chemical X","PageOfWrath","infinitespire:BottledMercury","PageOfTheQueenOfHatred"],"acts_visited":["Gensokyo:Gensokyo","Gensokyo:Gensokyoer","TheBeyond"],"potions_floor_usage":[30,33,38,51],"damage_taken":[{"damage":4.0,"enemies":"Gensokyo:Gryphon","floor":1.0,"turns":4.0},{"damage":0.0,"enemies":"Gensokyo:Aya","floor":2.0,"turns":5.0},{"damage":10.0,"enemies":"Gensokyo:3_Fairies","floor":3.0,"turns":6.0},{"damage":0.0,"enemies":"Gensokyo:Python","floor":5.0,"turns":2.0},{"damage":0.0,"enemies":"Gensokyo:Mamizou","floor":6.0,"turns":7.0},{"damage":5.0,"enemies":"Gensokyo:Aya","floor":8.0,"turns":3.0},{"damage":2.0,"enemies":"Gensokyo:Cirno","floor":10.0,"turns":4.0},{"damage":25.0,"enemies":"Gensokyo:Yukari","floor":16.0,"turns":4.0},{"damage":15.0,"enemies":"Gensokyo:2_Gloops","floor":18.0,"turns":2.0},{"damage":6.0,"enemies":"Gensokyo:3_Dogs","floor":20.0,"turns":3.0},{"damage":19.0,"enemies":"Gensokyo:Wraith","floor":21.0,"turns":3.0},{"damage":12.0,"enemies":"Gensokyo:Slime_Group","floor":22.0,"turns":2.0},{"damage":0,"enemies":"Gensokyo:Tenshi","floor":23,"turns":1},{"damage":32,"enemies":"Gensokyo:Reisen","floor":25,"turns":5},{"damage":0,"enemies":"Gensokyo:Tenshi","floor":27,"turns":2},{"damage":88,"enemies":"Gensokyo:Swordslinger","floor":30,"turns":3},{"damage":6,"enemies":"Gensokyo:Monolith_and_Dog","floor":31,"turns":3},{"damage":44,"enemies":"Gensokyo:Kaguya","floor":33,"turns":6},{"damage":0,"enemies":"Orb Walker","floor":35,"turns":1},{"damage":7,"enemies":"2 Orb Walkers","floor":37,"turns":2},{"damage":9,"enemies":"3 Shapes","floor":38,"turns":1},{"damage":12,"enemies":"Jaw Worm Horde","floor":40,"turns":2},{"damage":5,"enemies":"Transient","floor":44,"turns":3},{"damage":66,"enemies":"Reptomancer","floor":47,"turns":3},{"damage":17,"enemies":"Writhing Mass","floor":48,"turns":2},{"damage":9,"enemies":"Replay:Hell Engine","floor":50,"turns":3},{"damage":41,"enemies":"Malkuth","floor":51,"turns":3},{"damage":27,"enemies":"Yesod","floor":51,"turns":3},{"damage":102,"enemies":"Tiphereth","floor":51,"turns":6},{"damage":66,"enemies":"Binah","floor":51,"turns":6}],"seed_played":"3636727086968561484","potions_obtained":[{"floor":1.0,"key":"hexamod:EctoCoolerPotion"},{"floor":5.0,"key":"Venom Potion"},{"floor":8.0,"key":"Energy Potion"},{"floor":22.0,"key":"Reflective Coating"},{"floor":23,"key":"SpeedPotion"},{"floor":27,"key":"BlessingOfTheForge"},{"floor":37,"key":"SmokeBomb"},{"floor":38,"key":"REME_GoldPotion"}],"is_trial":false,"path_per_floor":["M","?","M","?","M","E","R","E","T","E","$","?","T","?","R","B",null,"M","?","M","M","M","E","R","E","T","E","?","T","M","M","R","B",null,"M","?","?","M","T","M","R","$","T","M","$","R","E","M","R","B",null],"character_chosen":"The_Alterego","items_purchased":["alterego_mod:BiFurious","MerchantsRug","ClockworkSouvenir","Mastiff:ReiMu","Chemical X","alterego_mod:BustOut","Metamorphosis","infinitespire:BottledMercury"],"campfire_rested":0,"item_purchase_floors":[11,11,42,42,42,45,45,45],"current_hp_per_floor":[66,69,98,95,95,102,102,102,102,103,103,103,103,103,103,81,107,104,104,101,103,91,91,91,77,77,86,86,86,57,73,73,38,114,114,114,110,105,105,102,102,102,102,100,100,114,54,74,74,95],"gold":553,"neow_bonus":"BOSS_RELIC","is_daily":false,"chose_seed":false,"campfire_upgraded":6,"win_rate":0.0,"timestamp":1610506362,"path_taken":["M","?","M","?","M","E","R","E","T","E","?","?","?","?","R","BOSS","M","?","?","M","M","E","R","E","T","E","?","?","M","M","R","BOSS","M","?","?","M","?","M","R","$","T","M","$","R","E","M","R","BOSS"],"items_purchased_type":["Card","Relic","Relic","Relic","Relic","Card","Card","Relic"],"build_version":"2020-12-22","purchased_purges":2,"victory":true,"max_hp_per_floor":[70,100,100,107,107,107,107,107,107,107,107,107,107,107,107,107,107,107,107,107,107,107,107,107,107,107,107,107,107,107,114,114,114,114,114,114,114,114,114,114,114,114,114,114,114,114,114,114,114,114],"relic_stats":{"counters":[31,107],"Chemical X":[11],"Question Card":24,"obtain_stats":[{"DemoMod:GreenGuonStone":13,"infinitespire:BottledMercury":45,"PageOfTheQueenOfHatred":47,"AT_ATBox":0,"Tea:ReiMu":25,"Gensokyo:UndefinedDarkness":28,"aspiration:PoetsPen_weak":0,"DemoMod:GlassGuonStoneRelic":1,"PageOfSingingMachine":23,"Bottled Tornado":29,"vexMod:RockOfEvil":34,"ClockworkSouvenir":42,"PageOfWrath":43,"Baka2":20,"Mastiff:ReiMu":42,"Strawberry":4,"qcfpunch:Red_Gi":6,"Chemical X":42,"MerchantsRug":11,"alterego_mod:MasochisticConstitution":0,"vexMod:ConsolationPrize":39,"PageOfLittleHelper":10,"Replay:WaspNest":2,"AT_BladeRuinedKing":8,"Baka":1,"Omamori":27,"Gensokyo:ConquerorOfFear":30,"Question Card":26,"Runic Dome":17,"vexMod:HeadHunter":37,"LetterFromLob":1,"REME_ComplimentaryCards":0},{"DemoMod:GreenGuonStone":7,"infinitespire:BottledMercury":23,"PageOfTheQueenOfHatred":24,"AT_ATBox":0,"Tea:ReiMu":14,"Gensokyo:UndefinedDarkness":15,"aspiration:PoetsPen_weak":0,"DemoMod:GlassGuonStoneRelic":1,"PageOfSingingMachine":13,"Bottled Tornado":15,"vexMod:RockOfEvil":18,"ClockworkSouvenir":22,"PageOfWrath":22,"Baka2":10,"Mastiff:ReiMu":22,"Strawberry":3,"qcfpunch:Red_Gi":5,"Chemical X":22,"MerchantsRug":7,"alterego_mod:MasochisticConstitution":0,"vexMod:ConsolationPrize":21,"PageOfLittleHelper":7,"Replay:WaspNest":2,"AT_BladeRuinedKing":6,"Baka":1,"Omamori":15,"Gensokyo:ConquerorOfFear":16,"Question Card":14,"Runic Dome":8,"vexMod:HeadHunter":20,"LetterFromLob":1,"REME_ComplimentaryCards":0},{"DemoMod:GreenGuonStone":31,"infinitespire:BottledMercury":74,"PageOfTheQueenOfHatred":77,"AT_ATBox":0,"Tea:ReiMu":51,"Gensokyo:UndefinedDarkness":53,"aspiration:PoetsPen_weak":0,"DemoMod:GlassGuonStoneRelic":4,"PageOfSingingMachine":46,"Bottled Tornado":53,"vexMod:RockOfEvil":65,"ClockworkSouvenir":71,"PageOfWrath":71,"Baka2":40,"Mastiff:ReiMu":71,"Strawberry":15,"qcfpunch:Red_Gi":24,"Chemical X":71,"MerchantsRug":31,"alterego_mod:MasochisticConstitution":0,"vexMod:ConsolationPrize":69,"PageOfLittleHelper":31,"Replay:WaspNest":9,"AT_BladeRuinedKing":27,"Baka":4,"Omamori":53,"Gensokyo:ConquerorOfFear":56,"Question Card":51,"Runic Dome":35,"vexMod:HeadHunter":68,"LetterFromLob":4,"REME_ComplimentaryCards":0}]},"card_choices":[{"not_picked":["alterego_mod:SuperDuperMasochism","alterego_mod:1TonWallop"],"picked":"alterego_mod:Cooking","floor":1.0},{"not_picked":["alterego_mod:Palingenesis","alterego_mod:TrashNCrash"],"picked":"alterego_mod:Stockings","floor":2.0},{"not_picked":["alterego_mod:Belle","alterego_mod:Santa"],"picked":"alterego_mod:DiscoLights","floor":3.0},{"not_picked":["alterego_mod:Rip","alterego_mod:HighServant"],"picked":"alterego_mod:IndependentAction","floor":5.0},{"not_picked":["alterego_mod:Cycle","alterego_mod:PresenceConcealment"],"picked":"alterego_mod:BusterCard","floor":6.0},{"not_picked":["alterego_mod:Table","alterego_mod:Punishment"],"picked":"alterego_mod:BusterCard","floor":8.0},{"not_picked":["alterego_mod:GoddessCore","alterego_mod:SakuraFive"],"picked":"alterego_mod:TrashNCrash","floor":10.0},{"not_picked":["alterego_mod:InsideBaseball","alterego_mod:BrynhildrRomantia"],"picked":"alterego_mod:AlterEgo","floor":16.0},{"not_picked":["alterego_mod:HighServant","alterego_mod:Complex"],"picked":"alterego_mod:MagicResistance+1","floor":18.0},{"not_picked":["alterego_mod:PurpleHair+1","alterego_mod:Cooking","alterego_mod:PainIsPleasure"],"picked":"SKIP","floor":20.0},{"not_picked":["alterego_mod:PresenceConcealment","alterego_mod:Cushion","alterego_mod:HighServant"],"picked":"SKIP","floor":21.0},{"not_picked":["alterego_mod:Punishment","alterego_mod:Stockings"],"picked":"alterego_mod:Support+1","floor":22.0},{"not_picked":["alterego_mod:1TonWallop+1","alterego_mod:BiFurious"],"picked":"alterego_mod:Birthday+1","floor":23},{"not_picked":["alterego_mod:Rake","alterego_mod:TrashNCrash+1"],"picked":"alterego_mod:Rip+1","floor":25},{"not_picked":["alterego_mod:Weigh","alterego_mod:TrashNCrash","alterego_mod:1TonWallop"],"picked":"alterego_mod:Bunnysuit","floor":27},{"not_picked":["alterego_mod:1TonWallop+1","alterego_mod:DustData","alterego_mod:Complex"],"picked":"alterego_mod:Jiggle","floor":30},{"not_picked":["alterego_mod:Stockings+1","alterego_mod:Rip+1","alterego_mod:Smother"],"picked":"alterego_mod:ChallengeComplete","floor":31},{"not_picked":["alterego_mod:PainIsPleasure","alterego_mod:Antipathy","alterego_mod:Lift"],"picked":"alterego_mod:Venus","floor":33},{"not_picked":["alterego_mod:Pet","alterego_mod:Cushion","alterego_mod:SakuraPetals","alterego_mod:BiFurious"],"picked":"SKIP","floor":35},{"not_picked":["alterego_mod:BoobPocket","alterego_mod:Rip","alterego_mod:HighServant"],"picked":"alterego_mod:Birthday+1","floor":37},{"not_picked":["alterego_mod:Collar","alterego_mod:Pet","alterego_mod:Cooking"],"picked":"alterego_mod:GachaTicket+1","floor":38},{"not_picked":["alterego_mod:1TonWallop+1","alterego_mod:BoobPocket","alterego_mod:Maid+1"],"picked":"alterego_mod:Punishment+1","floor":40},{"not_picked":["alterego_mod:SakuraFive","alterego_mod:Bounce","alterego_mod:Schoolgirl+1"],"picked":"alterego_mod:Birthday+1","floor":44},{"not_picked":["alterego_mod:Valkyrie","alterego_mod:Antipathy","alterego_mod:Lift"],"picked":"alterego_mod:Venus","floor":47},{"not_picked":["alterego_mod:Schoolgirl","alterego_mod:TrashNCrash","alterego_mod:Venus","alterego_mod:Pet+1"],"picked":"SKIP","floor":47},{"not_picked":["alterego_mod:DiscoLights","alterego_mod:SuperDuperMasochism+1","alterego_mod:DestructionOfProperty"],"picked":"alterego_mod:Punishment","floor":48}],"player_experience":48042,"relics_obtained":[{"floor":1.0,"key":"Baka"},{"floor":1.0,"key":"LetterFromLob"},{"floor":2.0,"key":"Replay:WaspNest"},{"floor":6.0,"key":"qcfpunch:Red_Gi"},{"floor":8.0,"key":"AT_BladeRuinedKing"},{"floor":10.0,"key":"PageOfLittleHelper"},{"floor":13.0,"key":"DemoMod:GreenGuonStone"},{"floor":20.0,"key":"Baka2"},{"floor":23,"key":"PageOfSingingMachine"},{"floor":25,"key":"Tea:ReiMu"},{"floor":26,"key":"Question Card"},{"floor":27,"key":"Omamori"},{"floor":29,"key":"Bottled Tornado"},{"floor":30,"key":"Gensokyo:ConquerorOfFear"},{"floor":31,"key":"Strawberry"},{"floor":37,"key":"vexMod:HeadHunter"},{"floor":39,"key":"vexMod:ConsolationPrize"},{"floor":43,"key":"PageOfWrath"},{"floor":47,"key":"PageOfTheQueenOfHatred"}],"event_choices":[{"damage_healed":0,"gold_gain":0,"player_choice":"Fight","damage_taken":0,"max_hp_gain":0,"max_hp_loss":0,"event_name":"Mysterious Sphere","floor":37,"gold_loss":0}],"is_beta":false,"boss_relics":[{"not_picked":["aspiration:FutureDiary","vexMod:CursedCompass"],"picked":"Runic Dome"},{"not_picked":["REME_DuelDisc","Pandora\u0027s Box"],"picked":"vexMod:RockOfEvil"}],"items_purged_floors":[11,42],"is_endless":false,"potions_floor_spawned":[1,5,8,22,23,27,37,38],"ascension_level":1}}