{"host":"grli52lbdph2722t","time":1610549837,"event":{"mods":["AchievementEnabler","BaseMod","Downfall","Minty Spire (QoL Compilation)","Quick Restart","StSLib"],"gold_per_floor":[300,314,764,777,69,89,89,121,149,61,85,127,157,184,212,224,224,224],"floor_reached":16,"language":"ENG","playtime":838,"items_purged":["downfall:Icky"],"score":193,"play_id":"5d3866bb-a3fa-4d1f-b407-e7f9fe46bd34","local_time":"20210113155717","is_ascension_mode":true,"campfire_choices":[{"data":"Guardian:TwinSlam","floor":1.0,"key":"SMITH"},{"data":"Guardian:SphericShield","floor":10.0,"key":"SMITH"}],"circlet_count":0,"master_deck":["Guardian:Strike_Guardian","Guardian:Strike_Guardian","Guardian:Strike_Guardian","Guardian:Strike_Guardian","Guardian:Defend_Guardian","Guardian:Defend_Guardian","Guardian:Defend_Guardian","Guardian:Defend_Guardian","Guardian:CurlUp","Guardian:TwinSlam+1","Guardian:ChargeCore","downfall:Icky","downfall:Icky","Guardian:Orbwalk","Guardian:SphericShield+1","Guardian:BronzeOrb","Guardian:Planning","Guardian:Emergency","Guardian:PrismaticBeam","Guardian:Gem_Fragmented","Guardian:PolyBeam","Guardian:MultiBeam","Guardian:WalkerClaw","Guardian:TimeBomb"],"relics":["Guardian:ModeShifter","Old Coin","Meat on the Bone","Medical Kit","Art of War","MawBank","downfall:HeartBlessingGreen","Tiny Chest"],"acts_visited":["Exordium"],"potions_floor_usage":[16,16,16],"damage_taken":[{"damage":1.0,"enemies":"2 Louse","floor":2.0,"turns":4.0},{"damage":6.0,"enemies":"Cultist","floor":4.0,"turns":4.0},{"damage":5.0,"enemies":"downfall:FleeingMerchant","floor":5.0,"turns":4.0},{"damage":0.0,"enemies":"Jaw Worm","floor":6.0,"turns":3.0},{"damage":44.0,"enemies":"3 Sentries","floor":8.0,"turns":12.0},{"damage":0.0,"enemies":"2 Fungi Beasts","floor":9.0,"turns":5.0},{"damage":4.0,"enemies":"Exordium Wildlife","floor":11.0,"turns":7.0},{"damage":16.0,"enemies":"Gremlin Nob","floor":12.0,"turns":4.0},{"damage":0.0,"enemies":"3 Louse","floor":13.0,"turns":3.0},{"damage":7.0,"enemies":"Exordium Thugs","floor":14.0,"turns":4.0},{"damage":8.0,"enemies":"3 Louse","floor":15.0,"turns":2.0},{"damage":44,"enemies":"ArchetypeAct1Statuses","floor":16,"turns":13}],"seed_played":"-2173438793581868909","potions_obtained":[{"floor":6.0,"key":"sneckomod:MuddlingPotion"},{"floor":8.0,"key":"Dexterity Potion"},{"floor":11.0,"key":"Swift Potion"},{"floor":13.0,"key":"DuplicationPotion"}],"is_trial":false,"path_per_floor":["R","M","?","M","$","M","T","E","M","R","M","E","M","M","M","B"],"character_chosen":"GUARDIAN","items_purchased":["Meat on the Bone","Guardian:Gem_Synthetic","Guardian:BronzeOrb","Medical Kit"],"campfire_rested":0,"item_purchase_floors":[5,5,5,5],"current_hp_per_floor":[72,71,71,65,60,60,60,28,40,40,48,44,44,49,41,0,0,0],"gold":224,"neow_bonus":"ONE_RARE_RELIC","is_daily":false,"chose_seed":false,"campfire_upgraded":2,"win_rate":0.0,"timestamp":1610549837,"path_taken":["R","M","?","M","$","M","T","E","M","R","M","E","M","M","M","BOSS"],"items_purchased_type":["Relic","Card","Card","Relic"],"build_version":"2020-12-22","purchased_purges":1,"victory":false,"max_hp_per_floor":[80,80,80,80,80,80,80,80,80,80,80,80,80,80,80,80,80,80],"card_choices":[{"not_picked":["Guardian:Gem_Cyan","Guardian:TemporalShield"],"picked":"Guardian:ChargeCore","floor":2.0},{"not_picked":["Guardian:RefractedBeam","Guardian:TimeBomb"],"picked":"Guardian:Orbwalk","floor":4.0},{"not_picked":["Guardian:VentSteam","Guardian:PrismaticBeam"],"picked":"Guardian:SphericShield","floor":5.0},{"not_picked":["Guardian:RollAttack","Guardian:PiercingHide"],"picked":"Guardian:Planning","floor":6.0},{"not_picked":["Guardian:Recover","Guardian:Planning"],"picked":"Guardian:Emergency","floor":8.0},{"not_picked":["Guardian:Gem_Yellow","Guardian:BodySlam"],"picked":"Guardian:PrismaticBeam","floor":9.0},{"not_picked":["Guardian:ChargeUp","Guardian:VentSteam"],"picked":"Guardian:Gem_Fragmented","floor":11.0},{"not_picked":["Guardian:GuardianWhirl","Guardian:Gem_Red"],"picked":"Guardian:PolyBeam","floor":12.0},{"not_picked":["Guardian:Recover","Guardian:Reroute"],"picked":"Guardian:MultiBeam","floor":13.0},{"not_picked":["Guardian:ArmoredProtocol","Guardian:ChargeCore"],"picked":"Guardian:WalkerClaw","floor":14.0},{"not_picked":["Guardian:Gem_Red","Guardian:PiercingHide"],"picked":"Guardian:TimeBomb","floor":15.0}],"player_experience":4977586,"relics_obtained":[{"floor":7.0,"key":"Art of War"},{"floor":8.0,"key":"MawBank"},{"floor":12.0,"key":"Tiny Chest"}],"event_choices":[],"is_beta":false,"boss_relics":[],"items_purged_floors":[5],"is_endless":false,"potions_floor_spawned":[6,8,11,12,13],"killed_by":"ArchetypeAct1Statuses","ascension_level":9}}