{"host":"sf9jac3ppl7h88gj","time":1610571549,"event":{"mods":["AchievementEnabler","Ascension Unlocker","BaseMod","Colored Map","Custom Start","Force Act Four","Minty Spire (QoL Compilation)","Replay The Spire","StSLib"],"gold_per_floor":[431,470,503,536,557,578,656,591,636,767,841,730,780,780,780,893,893,948,863,877,922,978,978,1040,1096,1096,1096,829,853,853,884,884,970,970,981,981,1006,1026,1082,1126,1126,1163,1163,1182,807,559,568,568,568,588,604,604,604,346,390,406],"floor_reached":57,"language":"ENG","playtime":21253,"items_purged":["Strike_P"],"score":2664,"play_id":"4a35e378-2acd-41b5-8934-30ae7b0d2af5","local_time":"20210113155909","is_ascension_mode":true,"campfire_choices":[{"data":"1","floor":6,"key":"LIFT"},{"data":"2","floor":23,"key":"LIFT"},{"data":"3","floor":32,"key":"LIFT"},{"floor":41,"key":"RECALL"},{"floor":49,"key":"DIG"}],"circlet_count":0,"master_deck":["AscendersBane","Eruption","Vigilance+1","Judgement+1","Replay:ManipulateFuture+1","CutThroughFate+1","WheelKick+1","Evaluate+1","BowlingBash+1","Prostrate+1","Judgement+1","Wish+1","EmptyFist+1","ReplayTheSpireMod:Private Reserves+1","SashWhip+1","ClearTheMind+1","CarveReality+1","Halt+1","BattleHymn+1","MentalFortress+1","SpiritShield+1","DeceiveReality+1","Prostrate+1","InnerPeace+1","Adaptation+1","Adaptation+1","Brilliance+1","Replay:LoomingThreat+1","Crescendo+1","Blasphemy+1","Crescendo+1","Vengeance+1","Consecrate+1","FollowUp+1","FollowUp+1","Enlightenment+1"],"relics":["HolyWater","Replay:Arrowhead","Astrolabe","Black Star","Burning Blood","CeramicFish","Chameleon Ring","ClockworkSouvenir","Counterbalance","Darkstone Periapt","Dream Catcher","Empty Cage","Frozen Egg 2","Girya","Golden Egg","Gremlin Food","Gremlin Horn","Mirror","Juzu Bracelet","Lantern","Matryoshka","MawBank","MealTicket","Membership Card","Molten Egg 2","Replay:Multitool","Old Coin","Pantograph","Peace Pipe","Replay:PocketPolymizer","Potion Belt","Quantum Egg","Question Card","Regal Pillow","SacredBark","Shovel","Singing Bowl","SlaversCollar","Smiling Mask","Blue Doll","TeardropLocket","Toxic Egg 2","VioletLotus","White Beast Statue","InkBottle","War Paint","Replay:Baseball","Toy Ornithopter","Replay:Ringing Soul","Meat on the Bone","GoldenEye","ReplayFunnel","Fusion Hammer","Orichalcum","Ginger","Garlic","PreservedInsect","Ancient Tea Set","Onion Ring","Bottled Tornado","Pen Nib","Replay:Kaleidoscope","Bag of Marbles","Replay:Bandana","Snack Pack","Durian","TungstenRod","Replay:Rubber Ducky","Replay:Mystery Machine","OrangePellets","ReplayTheSpireMod:Lightbulb","BargainBundle","Nunchaku","Centennial Puzzle","Pear","Bottled Flame"],"acts_visited":["Exordium","TheCity","TheBeyond","TheEnding"],"potions_floor_usage":[7,13,16,16,24,31,33,33,40,50,56,56,56],"damage_taken":[{"damage":0,"enemies":"Small Slimes","floor":1,"turns":1},{"damage":0,"enemies":"Cultist","floor":2,"turns":2},{"damage":0,"enemies":"2 Louse","floor":3,"turns":2},{"damage":0,"enemies":"Blue Slaver","floor":4,"turns":1},{"damage":0,"enemies":"Lagavulin","floor":7,"turns":3},{"damage":0,"enemies":"3 Sentries","floor":11,"turns":2},{"damage":0,"enemies":"Gremlin Gang","floor":13,"turns":1},{"damage":4,"enemies":"The Guardian","floor":16,"turns":4},{"damage":0,"enemies":"2 Thieves","floor":18,"turns":2},{"damage":0,"enemies":"Spheric Guardian","floor":20,"turns":1},{"damage":0,"enemies":"Snake Plant","floor":21,"turns":2},{"damage":0,"enemies":"Chosen and Byrds","floor":22,"turns":2},{"damage":0,"enemies":"Gremlin Leader","floor":24,"turns":4},{"damage":0,"enemies":"Cultist and Chosen","floor":25,"turns":2},{"damage":0,"enemies":"Snake Plant","floor":29,"turns":2},{"damage":0,"enemies":"Book of Stabbing","floor":31,"turns":1},{"damage":0,"enemies":"Collector","floor":33,"turns":4},{"damage":0,"enemies":"Orb Walker","floor":35,"turns":3},{"damage":0,"enemies":"3 Darklings","floor":37,"turns":2},{"damage":0,"enemies":"4 Shapes","floor":38,"turns":3},{"damage":0,"enemies":"2 Orb Walkers","floor":39,"turns":2},{"damage":0,"enemies":"R_Hoarder","floor":40,"turns":3},{"damage":0,"enemies":"Jaw Worm Horde","floor":42,"turns":3},{"damage":0,"enemies":"Sphere and 2 Shapes","floor":44,"turns":1},{"damage":28,"enemies":"Awakened One","floor":50,"turns":7},{"damage":0,"enemies":"Replay:Hell Engine","floor":51,"turns":5},{"damage":0,"enemies":"Shield and Spear","floor":55,"turns":2},{"damage":70,"enemies":"The Heart","floor":56,"turns":7}],"seed_played":"1194871301616334839","potions_obtained":[{"floor":1,"key":"Fruit Juice"},{"floor":2,"key":"Doom Potion"},{"floor":3,"key":"Languid Potion"},{"floor":4,"key":"AttackPotion"},{"floor":7,"key":"Fire Potion"},{"floor":11,"key":"Fire Potion"},{"floor":13,"key":"BlessingOfTheForge"},{"floor":16,"key":"Elixir"},{"floor":18,"key":"StancePotion"},{"floor":21,"key":"DuplicationPotion"},{"floor":24,"key":"StancePotion"},{"floor":31,"key":"ColorlessPotion"},{"floor":33,"key":"GamblersBrew"},{"floor":35,"key":"DuplicationPotion"},{"floor":40,"key":"SkillPotion"},{"floor":53,"key":"Explosive Potion"},{"floor":53,"key":"Regen Potion"}],"is_trial":true,"path_per_floor":["M","M","M","M","?","R","E","$","T","?","E","$","M","?","R_BF","B",null,"M","?","M","M","M","R","E","M","T","?","$","M","?","E","R","B",null,"M","?","M","M","?","E","R","M","T","M","$","$","?","?","R","B","B",null,"R","$","E","B",null],"character_chosen":"WATCHER","items_purchased":["ReplayTheSpireMod:Private Reserves+1","SashWhip+1","ReplayFunnel","MentalFortress+1","Ancient Tea Set","Adaptation+1","Onion Ring","Bandage Up+1","Consecrate+1","Durian","TungstenRod","Explosive Potion","Replay:Rubber Ducky","Replay:Mystery Machine","OrangePellets","FollowUp+1","BargainBundle","Nunchaku","Centennial Puzzle","FollowUp+1","Enlightenment+1"],"campfire_rested":0,"item_purchase_floors":[8,8,12,12,28,28,28,28,45,45,45,45,46,46,46,46,54,54,54,54,54],"current_hp_per_floor":[67,68,68,68,68,68,68,68,68,44,53,71,79,79,79,97,97,100,100,102,104,107,107,109,112,112,78,96,105,105,118,118,128,128,130,130,133,135,138,141,141,144,144,146,154,157,166,166,166,146,166,166,166,169,181,140],"gold":406,"neow_bonus":"","is_daily":false,"chose_seed":false,"campfire_upgraded":0,"win_rate":0.0,"timestamp":1610571549,"path_taken":["M","M","M","M","?","R","E","$","T","?","E","?","M","?","R_BF","BOSS","M","?","M","M","M","R","E","M","T","?","$","M","?","E","R","BOSS","M","?","M","M","?","E","R","M","T","M","?","$","?","?","R","BOSS","BOSS","R","$","E","BOSS"],"items_purchased_type":["Card","Card","Relic","Card","Relic","Card","Relic","Card","Card","Relic","Relic","Potion","Relic","Relic","Relic","Card","Relic","Relic","Relic","Card","Card"],"build_version":"2020-12-22","purchased_purges":1,"victory":true,"max_hp_per_floor":[68,68,68,68,68,68,68,68,68,71,74,77,79,79,79,97,97,100,100,102,104,107,107,109,112,112,117,120,123,123,125,125,128,128,130,130,133,135,138,141,141,144,144,146,154,157,166,166,166,166,166,166,166,169,181,181],"card_choices":[{"not_picked":["Replay:ManipulateFuture+1","ThirdEye+1","Adaptation+1"],"picked":"WheelKick+1","floor":1},{"not_picked":["Sanctity+1","MentalFortress+1","LikeWater+1"],"picked":"Evaluate+1","floor":2},{"not_picked":["JustLucky+1","Evaluate+1","Replay:DivineShield+1"],"picked":"BowlingBash+1","floor":3},{"not_picked":["WheelKick+1","Vault+1","Replay:Hum+1"],"picked":"Prostrate+1","floor":4},{"not_picked":["Replay:Anticipation+1","ClearTheMind+1","Worship+1"],"picked":"EmptyFist+1","floor":7},{"not_picked":["Swivel+1","WindmillStrike+1","CrushJoints+1"],"picked":"ClearTheMind+1","floor":10},{"not_picked":["Swivel+1","ThirdEye+1","Adaptation+1"],"picked":"CarveReality+1","floor":10},{"not_picked":["CrushJoints+1","Perseverance+1","Replay:BluntJabs+1"],"picked":"Halt+1","floor":10},{"not_picked":["SignatureMove+1","LessonLearned+1","Brilliance+1"],"picked":"BattleHymn+1","floor":11},{"not_picked":["Halt+1","Replay:Vibes+1","CarveReality+1","BowlingBash+1"],"picked":"Singing Bowl","floor":13},{"not_picked":["Brilliance+1","LessonLearned+1","ConjureBlade+1"],"picked":"SpiritShield+1","floor":16},{"not_picked":["EmptyBody+1","JustLucky+1","PathToVictory+1"],"picked":"DeceiveReality+1","floor":18},{"not_picked":["ThirdEye+1","Vengeance+1","Crescendo+1","PathToVictory+1"],"picked":"Singing Bowl","floor":20},{"not_picked":["EmptyMind+1","EmptyBody+1","Wireheading+1","WreathOfFlame+1"],"picked":"Singing Bowl","floor":21},{"not_picked":["Replay:Hum+1","CutThroughFate+1","EmptyFist+1"],"picked":"Prostrate+1","floor":22},{"not_picked":["LikeWater+1","EmptyFist+1","SignatureMove+1","EmptyBody+1"],"picked":"Singing Bowl","floor":24},{"not_picked":["Replay:Battleflow+1","Evaluate+1","Protect+1"],"picked":"InnerPeace+1","floor":25},{"not_picked":["CutThroughFate+1","EmptyFist+1","WaveOfTheHand+1"],"picked":"Brilliance+1","floor":29},{"not_picked":["CrushJoints+1","Replay:AtTheReady+1","ReachHeaven+1","FollowUp+1"],"picked":"Singing Bowl","floor":31},{"not_picked":["DevaForm+1","MasterReality+1","Establishment+1"],"picked":"Replay:LoomingThreat+1","floor":33},{"not_picked":["ThirdEye+1","EmptyFist+1","FlurryOfBlows+1","CutThroughFate+1"],"picked":"Singing Bowl","floor":35},{"not_picked":["Replay:Hum+1","TalkToTheHand+1","Sanctity+1"],"picked":"Crescendo+1","floor":37},{"not_picked":["FlyingSleeves+1","Replay:Anticipation+1","PathToVictory+1","Meditate+1"],"picked":"Singing Bowl","floor":38},{"not_picked":["Replay:Hum+1","Collect+1","BowlingBash+1"],"picked":"Blasphemy+1","floor":39},{"not_picked":["EmptyBody+1","CrushJoints+1","EmptyMind+1"],"picked":"Crescendo+1","floor":40},{"not_picked":["ForeignInfluence+1","Replay:Hum+1","EmptyBody+1"],"picked":"Vengeance+1","floor":42},{"not_picked":["JustLucky+1","EmptyFist+1","BowlingBash+1","LikeWater+1"],"picked":"Singing Bowl","floor":44},{"not_picked":["PathToVictory+1","WheelKick+1","CrushJoints+1","Brilliance+1"],"picked":"Singing Bowl","floor":55}],"player_experience":1175601,"relics_obtained":[{"floor":7,"key":"InkBottle"},{"floor":7,"key":"War Paint"},{"floor":9,"key":"Replay:Baseball"},{"floor":10,"key":"Toy Ornithopter"},{"floor":10,"key":"Replay:Ringing Soul"},{"floor":11,"key":"Meat on the Bone"},{"floor":11,"key":"GoldenEye"},{"floor":24,"key":"Ginger"},{"floor":24,"key":"Garlic"},{"floor":26,"key":"PreservedInsect"},{"floor":31,"key":"Bottled Tornado"},{"floor":31,"key":"Pen Nib"},{"floor":39,"key":"Replay:Kaleidoscope"},{"floor":40,"key":"Bag of Marbles"},{"floor":40,"key":"Replay:Bandana"},{"floor":43,"key":"Snack Pack"},{"floor":49,"key":"ReplayTheSpireMod:Lightbulb"},{"floor":55,"key":"Pear"},{"floor":55,"key":"Bottled Flame"}],"event_choices":[{"damage_healed":0,"gold_gain":0,"cards_transformed":["Defend_P"],"player_choice":"Transformed","damage_taken":0,"max_hp_gain":0,"max_hp_loss":0,"event_name":"Transmorgrifier","floor":5,"gold_loss":0,"cards_obtained":["Judgement"]},{"damage_healed":0,"gold_gain":0,"player_choice":"Ignored","damage_taken":0,"max_hp_gain":0,"max_hp_loss":0,"event_name":"Shining Light","floor":14,"gold_loss":0},{"damage_healed":0,"gold_gain":0,"player_choice":"Ignored","damage_taken":0,"max_hp_gain":0,"max_hp_loss":0,"event_name":"Liars Game","floor":15,"gold_loss":0},{"damage_healed":0,"gold_gain":0,"player_choice":"Obtained Relic","damage_taken":0,"relics_obtained":["Orichalcum"],"max_hp_gain":0,"max_hp_loss":0,"event_name":"Addict","floor":19,"gold_loss":85},{"damage_healed":0,"gold_gain":0,"player_choice":"Shed Blood","damage_taken":39,"max_hp_gain":5,"max_hp_loss":0,"event_name":"Forgotten Altar","floor":27,"gold_loss":0},{"damage_healed":0,"gold_gain":0,"player_choice":"Ignored","damage_taken":0,"max_hp_gain":0,"max_hp_loss":0,"event_name":"Beggar","floor":30,"gold_loss":0},{"cards_removed":["Bandage Up"],"damage_healed":0,"gold_gain":0,"player_choice":"Removed Skill","damage_taken":0,"max_hp_gain":0,"max_hp_loss":0,"event_name":"Falling","floor":36,"gold_loss":0},{"damage_healed":0,"gold_gain":0,"player_choice":"Fight","damage_taken":0,"max_hp_gain":0,"max_hp_loss":0,"event_name":"Mysterious Sphere","floor":39,"gold_loss":0},{"damage_healed":31,"gold_gain":0,"player_choice":"Writhe","damage_taken":0,"max_hp_gain":0,"max_hp_loss":0,"event_name":"Winding Halls","floor":47,"gold_loss":0,"cards_obtained":["Writhe"]},{"cards_removed":["Writhe"],"damage_healed":0,"gold_gain":0,"player_choice":"Removed Curses","damage_taken":0,"max_hp_gain":0,"max_hp_loss":0,"event_name":"Fountain of Cleansing","floor":48,"gold_loss":0}],"is_beta":false,"boss_relics":[{"not_picked":["Ectoplasm","Abe\u0027s Treasure"],"picked":"Fusion Hammer"},{"not_picked":["Pandora\u0027s Box","Kintsugi"],"picked":"HolyWater"}],"items_purged_floors":[8],"is_endless":false,"potions_floor_spawned":[1,2,3,4,7,11,13,16,18,20,21,22,24,25,29,31,33,35,37,38,39,40,42,44,55],"ascension_level":20}}