{"host":"rrijuq6t336nf2aj","time":1610565086,"event":{"mods":["BaseMod","Colored Map","Colored Powertips","Curses Come First","DeckTracker","Googly Eyes","Minty Spire (QoL Compilation)","Quick Restart","StSLib","The Marked"],"gold_per_floor":[109,129,184,197,197,197,230,246,271,289,289,300,310,325,325,325,325],"floor_reached":16,"language":"ENG","playtime":751,"items_purged":[],"score":106,"play_id":"671ccc1a-84cf-4ac9-a69f-48b09022388b","local_time":"20210113191126","is_ascension_mode":false,"campfire_choices":[{"data":"theMarked:Overcharge","floor":6,"key":"SMITH"},{"floor":11,"key":"REST"},{"floor":15,"key":"REST"}],"circlet_count":0,"master_deck":["theMarked:Strike","theMarked:Strike","theMarked:Strike","theMarked:Strike","theMarked:Strike","theMarked:Defend","theMarked:Defend","theMarked:Defend","theMarked:Defend","theMarked:SoldierOfQuellstein","theMarked:ChainLightning","theMarked:Overcharge+1","theMarked:CreepingChasm","theMarked:Static","theMarked:CreepingChasm","theMarked:Polarize","theMarked:SwordAndMagic","theMarked:Electrocute"],"relics":["theMarked:ArtifactOfAir","Juzu Bracelet","Blood Vial","Regal Pillow"],"acts_visited":["Exordium"],"potions_floor_usage":[16],"damage_taken":[{"damage":1,"enemies":"Cultist","floor":1,"turns":4},{"damage":7,"enemies":"2 Louse","floor":2,"turns":2},{"damage":0,"enemies":"Small Slimes","floor":4,"turns":2},{"damage":30,"enemies":"Lagavulin","floor":7,"turns":5},{"damage":1,"enemies":"2 Fungi Beasts","floor":8,"turns":3},{"damage":4,"enemies":"Blue Slaver","floor":10,"turns":3},{"damage":0,"enemies":"Looter","floor":12,"turns":2},{"damage":21,"enemies":"2 Fungi Beasts","floor":13,"turns":4},{"damage":25,"enemies":"Blue Slaver","floor":14,"turns":3},{"damage":61,"enemies":"The Guardian","floor":16,"turns":8}],"seed_played":"4951661106211137125","potions_obtained":[{"floor":5,"key":"SpeedPotion"},{"floor":5,"key":"CultistPotion"},{"floor":5,"key":"SteroidPotion"},{"floor":12,"key":"GamblersBrew"}],"is_trial":false,"path_per_floor":["M","M","T","M","?","R","E","M","T","M","R","M","M","M","R","B"],"character_chosen":"THE_DEFAULT","items_purchased":[],"campfire_rested":2,"item_purchase_floors":[],"current_hp_per_floor":[69,62,62,62,62,62,32,33,33,31,67,69,49,26,62,3,3],"gold":325,"neow_bonus":"","is_daily":false,"chose_seed":false,"campfire_upgraded":1,"win_rate":0.0,"timestamp":1610565086,"path_taken":["M","M","?","M","?","R","E","M","T","M","R","M","M","M","R","BOSS"],"items_purchased_type":[],"build_version":"2020-12-22","purchased_purges":0,"victory":false,"max_hp_per_floor":[70,70,70,70,70,70,70,70,70,70,70,70,70,70,70,70,70],"card_choices":[{"not_picked":["theMarked:WastefulAttack","theMarked:TakeCover"],"picked":"theMarked:ChainLightning","floor":1},{"not_picked":["theMarked:Electrocute","theMarked:WastefulAttack"],"picked":"theMarked:Overcharge","floor":2},{"not_picked":["theMarked:ElectricStrings","theMarked:LightningStrikesTwice"],"picked":"theMarked:CreepingChasm","floor":4},{"not_picked":["theMarked:Aftermath","theMarked:BanishingStrike"],"picked":"theMarked:Static","floor":7},{"not_picked":["theMarked:ReduceFriction","theMarked:ChainLightning"],"picked":"theMarked:CreepingChasm","floor":8},{"not_picked":["theMarked:RepellingDischarge","theMarked:HeightenedSenses"],"picked":"theMarked:Polarize","floor":10},{"not_picked":["theMarked:SwordAndMagic","theMarked:ContemptForTheProud","theMarked:Parkour"],"picked":"SKIP","floor":12},{"not_picked":["theMarked:ContemptForTheProud","theMarked:Parkour"],"picked":"theMarked:SwordAndMagic","floor":12},{"not_picked":["theMarked:CreepingChasm","theMarked:Reabsorb"],"picked":"theMarked:Electrocute","floor":13},{"not_picked":["theMarked:ThrowWeapon","theMarked:ResourceFulStrike","theMarked:Parkour"],"picked":"SKIP","floor":14}],"player_experience":0,"relics_obtained":[{"floor":3,"key":"Juzu Bracelet"},{"floor":7,"key":"Blood Vial"},{"floor":9,"key":"Regal Pillow"}],"event_choices":[{"damage_healed":0,"gold_gain":0,"player_choice":"Got Potions","damage_taken":0,"max_hp_gain":0,"max_hp_loss":0,"event_name":"Lab","floor":5,"gold_loss":0}],"is_beta":false,"boss_relics":[],"items_purged_floors":[],"is_endless":false,"potions_floor_spawned":[8,12,14],"killed_by":"The Guardian","ascension_level":0}}