{"host":"jlwuvr7xihyubt0e","time":1610513195,"event":{"mods":["BaseMod","Better Note","Better Third Choice","Colored Map","Hermit","Highlight Path","Infinite Spire","Jorbs\u0027s Wanderer Trilogy","Marisa????????","Minty Spire (QoL Compilation)","Replay The Spire","StSLib","The Cursed","The Disciple","The Jungle","The Runesmith","The Servant 0.9.4"],"gold_per_floor":[113,288,307,307,307,307,338,350,350,364,27,27,38,57,57,155,155,155,155,11,11,11,11,11,11,11,11,11,11,11,11,11,11,11,11,11,11,11,11,11,11,11,11,11,11,11,11,11,11,11],"floor_reached":51,"language":"ENG","playtime":4999,"items_purged":["Doubt","Strike_R"],"score":706,"play_id":"dd2c2fe9-0f34-43f4-9d53-94aa0fdff38e","local_time":"20210112224635","is_ascension_mode":false,"campfire_choices":[{"data":"Bash","floor":6,"key":"SMITH"},{"data":"Warcry","floor":12,"key":"SMITH"},{"data":"Brutality","floor":15,"key":"SMITH"},{"data":"Double Tap","floor":25,"key":"SMITH"},{"data":"Whirlwind","floor":28,"key":"SMITH"},{"data":"infinitespire:SevenWalls","floor":32,"key":"SMITH"},{"floor":40,"key":"REST"},{"data":"Rage","floor":42,"key":"SMITH"},{"floor":44,"key":"REST"},{"floor":49,"key":"REST"}],"circlet_count":0,"master_deck":["Strike_R","Strike_R","Strike_R","Defend_R","Defend_R","Defend_R","Bash+1","Anger","Clothesline","Wild Strike+1","Dropkick","Shrug It Off","Warcry+1","Brutality+1","Cleave","Double Tap+1","Flex+1","Iron Wave+1","Thunderclap","Bash","Whirlwind+1","infinitespire:SevenWalls+1","Spot Weakness","Headbutt","Bloodletting","Rage+1","Clothesline+1","Combust+1","Battle Trance","Secret Weapon","Infernal Blade+1","Offering"],"relics":["Burning Blood","Chameleon Ring","infinitespire:FocusingShard","Shuriken","Ectoplasm","ClockworkSouvenir","Nloth\u0027s Gift","infinitespire:Lucky Rock","Champion Belt","Lizard Tail","Runic Cube","Ornamental Fan","infinitespire:Joker Card"],"acts_visited":["Exordium","TheCity","TheBeyond"],"potions_floor_usage":[13,18,22,31,33,37,50,50,50],"damage_taken":[{"damage":0,"enemies":"Cultist","floor":1,"turns":1},{"damage":0,"enemies":"2 Louse","floor":3,"turns":1},{"damage":0,"enemies":"Lagavulin","floor":7,"turns":1},{"damage":11,"enemies":"Jaw Worm","floor":8,"turns":2},{"damage":5,"enemies":"Large Slime","floor":10,"turns":6},{"damage":11,"enemies":"Exordium Wildlife","floor":13,"turns":3},{"damage":10,"enemies":"Blue Slaver","floor":14,"turns":3},{"damage":59,"enemies":"Hexaghost","floor":16,"turns":8},{"damage":0,"enemies":"2 Thieves","floor":18,"turns":1},{"damage":9,"enemies":"Shell Parasite","floor":19,"turns":3},{"damage":1,"enemies":"Snake Plant","floor":22,"turns":2},{"damage":21,"enemies":"Replay:Snechameleon","floor":23,"turns":3},{"damage":9,"enemies":"Centurion and Healer","floor":27,"turns":3},{"damage":1,"enemies":"Cultist and Chosen","floor":31,"turns":2},{"damage":31,"enemies":"Champ","floor":33,"turns":5},{"damage":3,"enemies":"3 Darklings","floor":35,"turns":3},{"damage":6,"enemies":"Orb Walker","floor":36,"turns":2},{"damage":4,"enemies":"Sphere and 2 Shapes","floor":37,"turns":3},{"damage":20,"enemies":"3 Darklings","floor":38,"turns":2},{"damage":23,"enemies":"4 Shapes","floor":39,"turns":3},{"damage":24,"enemies":"Jaw Worm Horde","floor":41,"turns":3},{"damage":16,"enemies":"R_Hoarder","floor":45,"turns":5},{"damage":6,"enemies":"Writhing Mass","floor":47,"turns":3},{"damage":35,"enemies":"Nightmare","floor":48,"turns":7},{"damage":33,"enemies":"Donu and Deca","floor":50,"turns":6}],"seed_played":"-4097270808073261073","potions_obtained":[{"floor":10,"key":"ColorlessPotion"},{"floor":13,"key":"GamblersBrew"},{"floor":14,"key":"AttackPotion"},{"floor":16,"key":"SmokeBomb"},{"floor":22,"key":"Dexterity Potion"},{"floor":23,"key":"FearPotion"},{"floor":35,"key":"ColorlessPotion"},{"floor":37,"key":"Strength Potion"},{"floor":45,"key":"SpeedPotion"},{"floor":48,"key":"BloodPotion"}],"is_trial":false,"path_per_floor":["M","?","M","?","?","R","E","M","T","M","$","R","M","M","R","B",null,"M","M","$","?","M","E","?","R","T","M","R","AVR","?","M","R","B",null,"M","M","M","M","M","R","M","R","T","R","E","?","M","NM","R","B",null],"character_chosen":"IRONCLAD","items_purchased":["Shuriken","ClockworkSouvenir"],"campfire_rested":3,"item_purchase_floors":[11,20],"current_hp_per_floor":[80,80,80,85,85,85,85,80,80,81,81,81,76,72,72,19,85,85,82,82,82,85,70,70,70,70,67,67,67,67,72,72,47,85,85,85,85,71,54,79,61,61,61,85,75,75,75,46,71,69],"gold":11,"neow_bonus":"THREE_ENEMY_KILL","is_daily":false,"chose_seed":false,"campfire_upgraded":7,"win_rate":0.0,"timestamp":1610513195,"path_taken":["M","?","M","?","?","R","E","M","T","M","$","R","M","M","R","BOSS","M","M","$","?","M","E","?","R","T","M","R","AVR","?","M","R","BOSS","M","M","M","M","M","R","M","R","T","R","E","?","M","NM","R","BOSS"],"items_purchased_type":["Relic","Relic"],"build_version":"2020-12-22","purchased_purges":2,"victory":true,"max_hp_per_floor":[80,80,80,85,85,85,85,85,85,85,85,85,85,85,85,85,85,85,85,85,85,85,85,85,85,85,85,85,85,85,85,85,85,85,85,85,85,85,85,85,85,85,85,85,85,85,85,85,85,85],"card_choices":[{"not_picked":["Havoc","ReplayTheSpireMod:Corrosion Curse"],"picked":"Anger","floor":1},{"not_picked":["Body Slam","Cleave"],"picked":"Clothesline","floor":3},{"not_picked":["Armaments","Evolve"],"picked":"Dropkick","floor":7},{"not_picked":["Body Slam","Pummel"],"picked":"Shrug It Off","floor":8},{"not_picked":["True Grit","Heavy Blade"],"picked":"Warcry","floor":10},{"not_picked":["Combust","Replay:Undeath\u0027s Touch"],"picked":"Brutality","floor":13},{"not_picked":["Heavy Blade","Evolve"],"picked":"Cleave","floor":14},{"not_picked":["Brutality","Immolate"],"picked":"Double Tap","floor":16},{"not_picked":["Headbutt+1","Body Slam"],"picked":"Flex+1","floor":19},{"not_picked":["Perfected Strike","Reckless Charge","Wild Strike"],"picked":"SKIP","floor":22},{"not_picked":["Perfected Strike+1","Offering"],"picked":"Iron Wave+1","floor":23},{"not_picked":["Wild Strike","Replay:Undeath\u0027s Touch"],"picked":"Whirlwind","floor":27},{"not_picked":["Fiend Fire","Heavy Blade"],"picked":"Headbutt","floor":31},{"not_picked":["Armaments","Spot Weakness+1"],"picked":"Bloodletting","floor":35},{"not_picked":["Warcry+1","Perfected Strike+1"],"picked":"Rage","floor":36},{"not_picked":["Anger","Wild Strike"],"picked":"Clothesline+1","floor":37},{"not_picked":["Brutality","Run Through+1","Wild Strike+1"],"picked":"SKIP","floor":38},{"not_picked":["Heavy Blade+1","Headbutt"],"picked":"Combust+1","floor":39},{"not_picked":["ReplayReversal","Dark Embrace+1","Life Link"],"picked":"SKIP","floor":41},{"not_picked":["Feed","Exhume"],"picked":"Battle Trance","floor":45},{"not_picked":["Replay:Dark Deal","Metamorphosis"],"picked":"Secret Weapon","floor":46},{"not_picked":["Body Slam+1","Heavy Blade+1"],"picked":"Infernal Blade+1","floor":47},{"not_picked":["Fiend Fire","Thunderclap"],"picked":"Offering","floor":48}],"player_experience":692744,"relics_obtained":[{"floor":7,"key":"Chameleon Ring"},{"floor":9,"key":"infinitespire:FocusingShard"},{"floor":23,"key":"infinitespire:Lucky Rock"},{"floor":26,"key":"Champion Belt"},{"floor":45,"key":"Ornamental Fan"},{"floor":48,"key":"infinitespire:Joker Card"}],"event_choices":[{"damage_healed":0,"gold_gain":175,"player_choice":"AGREE","damage_taken":113,"max_hp_gain":0,"max_hp_loss":0,"event_name":"betterThird:BetterSerpent","floor":2,"gold_loss":0},{"damage_healed":0,"gold_gain":0,"player_choice":"Donut","damage_taken":0,"max_hp_gain":5,"max_hp_loss":0,"event_name":"Big Fish","floor":4,"gold_loss":0},{"damage_healed":0,"gold_gain":0,"player_choice":"Traded Relic","damage_taken":0,"relics_obtained":["Nloth\u0027s Gift"],"max_hp_gain":0,"max_hp_loss":0,"event_name":"N\u0027loth","floor":21,"relics_lost":["NeowsBlessing"],"gold_loss":0},{"damage_healed":0,"gold_gain":0,"player_choice":"2 cards matched","damage_taken":0,"max_hp_gain":0,"max_hp_loss":0,"event_name":"Match and Keep!","floor":24,"gold_loss":0,"cards_obtained":["Thunderclap","Bash"]},{"damage_healed":0,"gold_gain":0,"cards_transformed":["Strike_R"],"player_choice":"Transformed","damage_taken":0,"max_hp_gain":0,"max_hp_loss":0,"event_name":"Transmorgrifier","floor":30,"gold_loss":0,"cards_obtained":["Spot Weakness"]},{"damage_healed":0,"gold_gain":0,"player_choice":"Memory 1","damage_taken":0,"max_hp_gain":0,"max_hp_loss":0,"event_name":"SensoryStone","floor":46,"gold_loss":0}],"is_beta":false,"boss_relics":[{"not_picked":["Ooze Armor","ReplayTheSpireMod:DimensionalGlitch"],"picked":"Ectoplasm"},{"not_picked":["SacredBark","Honey Jar"],"picked":"Runic Cube"}],"items_purged_floors":[11,29],"is_endless":false,"potions_floor_spawned":[10,13,14,16,22,23,35,37,45,48],"ascension_level":0}}