{"host":"cr892wvdvh6p7gzy","time":1610545533,"event":{"mods":["A Magickal Journey","Aspiration","BaseMod","BetterRewards","Downfall","GifTheSpireLib","Hubris","Infinite Spire","Minty Spire (QoL Compilation)","READ ME - Guardian Mod","Replay The Spire","SOS???????","StSLib","The Bug Knight","The Kombatant","TheHero","???Mod??????Boss"],"gold_per_floor":[115,115,126,142,159,159,185,185,238,264,281,91,91,108,108,206,206,216,216,230,230,230,230,230,230],"floor_reached":24,"language":"ITA","playtime":1386,"items_purged":[],"score":252,"play_id":"f85e88b4-9378-44cb-a7b0-53c93dea83a8","local_time":"20210113144533","is_ascension_mode":true,"campfire_choices":[{"data":"Bash","floor":6,"key":"SMITH"},{"data":"Flame Barrier","floor":8,"key":"SMITH"},{"data":"Rampage","floor":13,"key":"SMITH"},{"data":"Whirlwind","floor":15,"key":"SMITH"},{"data":"Berserk","floor":23,"key":"SMITH"}],"circlet_count":0,"master_deck":["Strike_R","Strike_R","Strike_R","Strike_R","Strike_R","Defend_R","Defend_R","Defend_R","Defend_R","Bash+1","Intimidate","Flame Barrier+1","Rampage+1","Immolate","Whirlwind+1","Berserk+1","Writhe","hexamod:Float","Replay:Fractal Strike","hubris:NaturalOne"],"relics":["Burning Blood","Replay:Ringing Soul","Lantern","ReplayTheSpireMod:Shallot","ReplayTheSpireMod:SealedPack","hubris:Icosahedron"],"acts_visited":["Exordium","TheCity"],"potions_floor_usage":[10,16],"damage_taken":[{"damage":2,"enemies":"Small Slimes","floor":1,"turns":5},{"damage":3,"enemies":"Cultist","floor":3,"turns":4},{"damage":3,"enemies":"2 Louse","floor":4,"turns":3},{"damage":7,"enemies":"2 Fungi Beasts","floor":5,"turns":5},{"damage":9,"enemies":"Replay:BlueRogue","floor":7,"turns":7},{"damage":19,"enemies":"Gremlin Nob","floor":10,"turns":5},{"damage":4,"enemies":"Large Slime","floor":11,"turns":6},{"damage":0,"enemies":"3 Louse","floor":14,"turns":1},{"damage":26,"enemies":"Slime Boss","floor":16,"turns":8},{"damage":22,"enemies":"Spheric Guardian","floor":18,"turns":4},{"damage":19,"enemies":"2 Thieves","floor":20,"turns":3},{"damage":9,"enemies":"Snake Plant","floor":24,"turns":4}],"seed_played":"-1449557315593459994","potions_obtained":[{"floor":3,"key":"Dexterity Potion"},{"floor":7,"key":"LiquidMemories"},{"floor":11,"key":"HeartOfIron"},{"floor":14,"key":"HeartOfIron"}],"is_trial":false,"path_per_floor":["M","?","M","M","M","R","E","R","T","E","M","$","R","M","R","B",null,"M","?","M","?","?","R","M"],"character_chosen":"IRONCLAD","items_purchased":["Flex","Immolate"],"campfire_rested":0,"item_purchase_floors":[12,12],"current_hp_per_floor":[88,88,88,88,87,87,84,84,84,71,76,79,79,88,88,71,103,87,87,77,88,88,88,79,79],"gold":230,"neow_bonus":"TEN_PERCENT_HP_BONUS","is_daily":false,"chose_seed":false,"campfire_upgraded":5,"win_rate":0.0,"timestamp":1610545533,"path_taken":["M","?","?","M","M","R","E","R","T","E","M","$","R","M","R","BOSS","M","?","M","?","?","R","M"],"items_purchased_type":["Card","Card"],"build_version":"2020-12-22","purchased_purges":0,"victory":false,"max_hp_per_floor":[88,88,88,88,88,88,88,88,88,88,91,94,94,97,97,100,103,103,103,106,106,106,106,106,106],"card_choices":[{"not_picked":["Shockwave","hubris:SharpeningStone"],"picked":"Intimidate","floor":1},{"not_picked":["Clash","Body Slam"],"picked":"Flame Barrier","floor":3},{"not_picked":["infinitespire:OneForAll","ReplayReversal","Thunderclap"],"picked":"SKIP","floor":4},{"not_picked":["Sword Boomerang","Reckless Charge","Iron Wave"],"picked":"SKIP","floor":5},{"not_picked":["Seeing Red","Pommel Strike","ReplayReversal"],"picked":"SKIP","floor":7},{"not_picked":["Anger","Iron Wave","Shockwave"],"picked":"SKIP","floor":10},{"not_picked":["Anger","Iron Wave","Shockwave"],"picked":"SKIP","floor":10},{"not_picked":["Replay:Undeath\u0027s Touch","Iron Wave"],"picked":"Rampage","floor":11},{"not_picked":["Clash","Reckless Charge"],"picked":"Whirlwind","floor":14},{"not_picked":["Immolate","Feed"],"picked":"Berserk","floor":16},{"not_picked":["m_Survivalism","Defend_Dante"],"picked":"hexamod:Float","floor":17},{"not_picked":["infinitespire:SevenWalls","infinitespire:TheBestDefense"],"picked":"Replay:Fractal Strike","floor":17},{"not_picked":["Rage+1","Dropkick","Shrug It Off"],"picked":"SKIP","floor":18},{"not_picked":["Headbutt+1","hubris:ReadiedAction","Flex+1"],"picked":"SKIP","floor":20}],"player_experience":437389,"relics_obtained":[{"floor":7,"key":"Replay:Ringing Soul"},{"floor":9,"key":"Lantern"},{"floor":10,"key":"ReplayTheSpireMod:Shallot"}],"event_choices":[{"damage_healed":0,"gold_gain":0,"player_choice":"Ignored","damage_taken":0,"max_hp_gain":0,"max_hp_loss":0,"event_name":"Purifier","floor":2,"gold_loss":0},{"cards_removed":["Flex"],"damage_healed":0,"gold_gain":0,"player_choice":"Elegance","damage_taken":0,"max_hp_gain":0,"max_hp_loss":0,"event_name":"Back to Basics","floor":22,"gold_loss":0}],"is_beta":false,"boss_relics":[{"not_picked":["Replay:Grab Bag","Honey Jar"],"picked":"ReplayTheSpireMod:SealedPack"}],"items_purged_floors":[],"is_endless":false,"potions_floor_spawned":[3,7,11,14],"killed_by":"Snake Plant","ascension_level":2}}