{"host":"i58uscbei3sy5089","time":1610557652,"event":{"mods":["ATMod(阿瑾Mod)","Act Like it!","BaseMod","Challenge The Spire","Colored Powertips","Conspire","Infinite Spire","Koishi","Lobotomy","LobotomyExtend","Minty Spire (QoL Compilation)","MostiFishMod","Prisma Mod","Quick Restart","Replay The Spire","Shop Mod","Spicy Shops","StSLib","TestMod","The Administrix","The Construct","The Marked","UnlockEverythingMod","WarShipGirlsR/战舰少女R mod","[IsaacMod]以撒尖塔","vexMod","【功能Mod】混沌之环修复补丁","【遗物卡牌】REMEMod","篝火指南"],"gold_per_floor":[112,123,136,153,0,0,0,34,59,71,146,146,196,210,210,315,315,349,367,386,400,400,400,154,184,184,184,216,216,236,18,18,114,114,141,168,168,111,61,61,83,0,0,10,41,41,79,97,97,97],"floor_reached":51,"language":"ZHS","playtime":2742,"items_purged":["PrismaMod:IllyaCommonAttack","PrismaMod:IllyaCommonAttack","PrismaMod:IllyaCarnivalPrismaAstolfo","PrismaMod:IllyaUberPoisonChannel","PrismaMod:IllyaAlice","PrismaMod:IllyaInstallCaster","PrismaMod:IllyaCommonAttack","PrismaMod:IllyaCommonDefend","PrismaMod:IllyaCommonAttack","PrismaMod:IllyaCommonAttack"],"score":1433,"play_id":"a214a16d-802a-4267-b2b7-e2da30204c59","local_time":"20210114010732","is_ascension_mode":true,"campfire_choices":[{"data":"PrismaMod:IllyaUncommonDefend","floor":6,"key":"SMITH"},{"data":"AT_ThistleTea","floor":12,"key":"SMITH"},{"data":"PrismaMod:ChloeGaeBolg","floor":15,"key":"SMITH"},{"data":"PrismaMod:IllyaSaphire","floor":27,"key":"SMITH"},{"data":"testmod-BloodBlade","floor":29,"key":"SMITH"},{"data":"PrismaMod:IllyaSaphire","floor":32,"key":"SMITH"},{"floor":40,"key":"RECALL"},{"data":"PrismaMod:IllyaUncommonAttack","floor":49,"key":"SMITH"}],"circlet_count":0,"master_deck":["PrismaMod:IllyaCommonDefend","PrismaMod:IllyaCommonDefend","PrismaMod:IllyaCommonDefend","PrismaMod:IllyaCommonDefend","PrismaMod:IllyaUncommonAttack+1","PrismaMod:IllyaUncommonDefend+1","PrismaMod:ChloeGaeBolg+1","AT_ThistleTea+1","QueenOfHatred","WallGazer","PrismaMod:IllyaInstallAlterEgo","PrismaMod:IllyaReinForce+1","FieryBird","PrismaMod:IllyaRapidFire+1","OSAHOGD","PrismaMod:IllyaGrailKun+1","infinitespire:NeuralNetwork+1","testmod-BloodBlade+1","PrismaMod:IllyaSaphire+1","PrismaMod:IllyaSaphire+1","testmod-Reverberation+1","testmod-PainDetonator+1","MHz","PrismaMod:IllyaSaphire+1","PrismaMod:IllyaBride+1","LongBird","PrismaMod:IllyaUberPoisonChannel+1","PrismaMod:IllyaReinForce+1","PrismaMod:IllyaGrail+1"],"relics":["PrismaMod:PrismaRuby","testmod-TestBox","HushsDoor","DaveBox","AT_ATBox","REME_ComplimentaryCards","Civilization","UnicornStump","testmod-TimeTraveler","CogitoBucket","SynthV:TestCard","LetterFromLob","SteamSale","Smiling Mask","AT_BellowingDragoncrestRing","testmod-Fanaticism","GuppysCollar","MyShadow","GreenFoldingFan","Calipers","Heaven_r","Moonlight_r","vexMod:GhostlyGear","MerchantsRug","Golden Egg","testmod-ArcanaOfDestiny","DianPoetry","infinitespire:EvilPickle","HaiYi:Twilight","GuppysHairball","GuppysPaw","BionicSphere","Red Mask","Omamori","Regal Pillow"],"acts_visited":["Exordium","TheCity","TheBeyond"],"potions_floor_usage":[31],"damage_taken":[{"damage":0,"enemies":"Small Slimes","floor":1,"turns":3},{"damage":0,"enemies":"Jaw Worm","floor":2,"turns":2},{"damage":0,"enemies":"2 Louse","floor":3,"turns":2},{"damage":0,"enemies":"Large Slime","floor":4,"turns":2},{"damage":0,"enemies":"Lagavulin","floor":8,"turns":5},{"damage":0,"enemies":"Red Slaver","floor":10,"turns":2},{"damage":13,"enemies":"Hiden Room Battle","floor":13,"turns":2},{"damage":0,"enemies":"Lots of Slimes","floor":14,"turns":1},{"damage":15,"enemies":"Hexaghost","floor":16,"turns":5},{"damage":2,"enemies":"2 Thieves","floor":18,"turns":1},{"damage":2,"enemies":"Chosen","floor":19,"turns":2},{"damage":24,"enemies":"Snake Plant","floor":20,"turns":1},{"damage":0,"enemies":"Chosen and Byrds","floor":21,"turns":2},{"damage":4,"enemies":"Gremlin Leader","floor":23,"turns":1},{"damage":4,"enemies":"Gremlin Leader","floor":25,"turns":2},{"damage":17,"enemies":"Slavers","floor":28,"turns":2},{"damage":4,"enemies":"Centurion and Healer","floor":30,"turns":1},{"damage":4,"enemies":"Pondfish","floor":33,"turns":2},{"damage":2,"enemies":"3 Shapes","floor":35,"turns":1},{"damage":6,"enemies":"3 Darklings","floor":36,"turns":3},{"damage":4,"enemies":"Spire Growth","floor":41,"turns":2},{"damage":4,"enemies":"Sphere and 2 Shapes","floor":44,"turns":1},{"damage":6,"enemies":"R_Hoarder","floor":45,"turns":2},{"damage":2,"enemies":"Nemesis","floor":47,"turns":1},{"damage":52,"enemies":"Transient","floor":48,"turns":2},{"damage":0,"enemies":"Awakened One","floor":50,"turns":2},{"damage":0,"enemies":"Malkuth","floor":51,"turns":1},{"damage":0,"enemies":"Netzach","floor":51,"turns":1},{"damage":6,"enemies":"Geburah","floor":51,"turns":4},{"damage":10,"enemies":"Binah","floor":51,"turns":4},{"damage":123,"enemies":"Angela","floor":51,"turns":2}],"seed_played":"10806328336513488","potions_obtained":[{"floor":2,"key":"Elixir"},{"floor":4,"key":"Dexterity Potion"},{"floor":10,"key":"Venom Potion"},{"floor":28,"key":"EntropicBrew"},{"floor":33,"key":"construct:ShiftPotion"},{"floor":35,"key":"Fire Potion"},{"floor":41,"key":"construct:ShiftPotion"},{"floor":47,"key":"GamblersBrew"}],"is_trial":false,"path_per_floor":["M","M","M","M","$","R","$","E","T","M","?","R","?","M","R","B",null,"M","M","M","M","AVR","E","R","E","T","R","E","R","M","$","R","B",null,"M","M","AVR","$","$","R","M","?","T","M","E","?","E","M","R","B",null],"character_chosen":"ILLYA","items_purchased":["SteamSale","GuppysCollar","MyShadow","PrismaMod:IllyaInstallAlterEgo","PrismaMod:IllyaAlice","vexMod:GhostlyGear","MerchantsRug","testmod-BloodBlade","DianPoetry","testmod-Reverberation","testmod-PainDetonator","GuppysHairball","GuppysPaw"],"campfire_rested":0,"item_purchase_floors":[5,17,17,17,17,24,24,24,31,31,31,34,34],"current_hp_per_floor":[77,80,85,91,91,91,91,98,98,106,95,95,95,116,116,123,110,126,146,165,187,187,86,86,131,131,131,168,168,209,209,209,262,308,346,393,393,393,393,393,441,441,441,492,544,544,597,651,651,710],"gold":97,"neow_bonus":"","is_daily":false,"chose_seed":false,"campfire_upgraded":7,"win_rate":0.0,"timestamp":1610557652,"path_taken":["M","M","M","M","$","R","$","E","T","M","?","R","?","M","R","BOSS","M","M","?","M","AVR","E","R","E","T","R","E","R","M","$","R","BOSS","M","M","AVR","?","$","R","?","?","T","M","E","?","E","M","R","BOSS"],"items_purchased_type":["Relic","Relic","Relic","Card","Card","Relic","Relic","Card","Relic","Card","Card","Relic","Relic"],"build_version":"2020-12-22","purchased_purges":10,"victory":true,"max_hp_per_floor":[77,80,85,91,91,91,91,98,98,106,106,106,116,131,131,147,110,128,147,169,191,191,214,214,240,240,240,269,269,300,300,300,335,308,346,393,393,393,393,393,441,441,441,492,544,544,597,651,651,710],"card_choices":[{"not_picked":["Funeral","HappyTeddy","ShyLook"],"picked":"Singing Bowl","floor":1},{"not_picked":["PrismaMod:IllyaCheapAttack","PrismaMod:IllyaCarnivalPrismaAstolfo","PrismaMod:IllyaUncommonAttack"],"picked":"SKIP","floor":1},{"not_picked":["VoidDream","LittleHelper","SpiderBud"],"picked":"Singing Bowl","floor":2},{"not_picked":["PrismaMod:IllyaStunPoison","PrismaMod:IllyaUncommonAttack","PrismaMod:IllyaBride","PrismaMod:IllyaMaid","PrismaMod:IllyaRussianRoulette"],"picked":"SKIP","floor":2},{"not_picked":["Scorched","FairyFestival","Alriune"],"picked":"Singing Bowl","floor":3},{"not_picked":["PrismaMod:IllyaMinorRapidFire","PrismaMod:IllyaUncommonAttack","PrismaMod:IllyaHassanGift","PrismaMod:IllyaAssassinRevenge","PrismaMod:IllyaRussianRoulette"],"picked":"SKIP","floor":3},{"not_picked":["BlackSwan","CrumblingArmor","OldLady"],"picked":"Singing Bowl","floor":4},{"not_picked":["RedShoes","VoidDream"],"picked":"QueenOfHatred","floor":4},{"not_picked":["PrismaMod:IllyaCommonEvoke","Bomb","PrismaMod:IllyaMaid","PrismaMod:IllyaAssassinRevenge"],"picked":"PrismaMod:IllyaUberPoisonChannel","floor":4},{"not_picked":["CrumblingArmor","MeatLantern","FairyFestival"],"picked":"Singing Bowl","floor":8},{"not_picked":["PrismaMod:IllyaUberChannel","PrismaMod:IllyaCheapChannelAttack","PrismaMod:IllyaZwei","PrismaMod:IllyaPoisonTippedWeapons","PrismaMod:IllyaPartialInstallAssassin"],"picked":"SKIP","floor":8},{"not_picked":["Bloodbath","Alriune","VoidDream"],"picked":"Singing Bowl","floor":10},{"not_picked":["PrismaMod:IllyaStunPoison","PrismaMod:IllyaHassanGift","PrismaMod:IllyaDualEvoke","PrismaMod:IllyaPoisonTippedWeapons","PrismaMod:IllyaPoisonBlock"],"picked":"SKIP","floor":10},{"not_picked":["Alriune","CrumblingArmor","Wellcheers"],"picked":"Singing Bowl","floor":13},{"not_picked":["VoidDream","BlackSwan","MeatLantern"],"picked":"Singing Bowl","floor":14},{"not_picked":["Scorched","CherryBlossoms"],"picked":"WallGazer","floor":14},{"not_picked":["PrismaMod:IllyaCheapChannelDefend","PrismaMod:IllyaZwei","PrismaMod:IllyaGun","PrismaMod:IllyaUberChannel","PrismaMod:IllyaCheapAttack"],"picked":"SKIP","floor":14},{"not_picked":["VoidDream","BeautyBeast","Murderer"],"picked":"Singing Bowl","floor":16},{"not_picked":["PrismaMod:IllyaInstallMoonCancer","PrismaMod:IllyaZwei","PrismaMod:IllyaInstallLancer","PrismaMod:IllyaUberAttackChannel"],"picked":"PrismaMod:IllyaCarnivalPrismaAstolfo","floor":16},{"not_picked":["HappyTeddy","Scorched","ShyLook"],"picked":"Singing Bowl","floor":18},{"not_picked":["PrismaMod:IllyaGrailKun","PrismaMod:IllyaUncommonAOEAttack","PrismaMod:IllyaMinorReinForce","PrismaMod:IllyaCheapChannelDefend"],"picked":"PrismaMod:IllyaReinForce+1","floor":18},{"not_picked":["UniverseFragment","Funeral"],"picked":"FieryBird","floor":19},{"not_picked":["PrismaMod:IllyaBoysLove","PrismaMod:IllyaPartialInstallAssassin","PrismaMod:IllyaDualEvoke","PrismaMod:IllyaBerserCAR"],"picked":"PrismaMod:IllyaRapidFire+1","floor":19},{"not_picked":["Wellcheers","Bloodbath"],"picked":"OSAHOGD","floor":20},{"not_picked":["PrismaMod:IllyaBerserCAR","PrismaMod:IllyaFriendMaker","PrismaMod:IllyaMinorZwei+1","PrismaMod:IllyaCheapChannelAttack"],"picked":"PrismaMod:IllyaGrailKun+1","floor":20},{"not_picked":["Laetitia","PunishingBird","FairyFestival"],"picked":"Singing Bowl","floor":21},{"not_picked":["PrismaMod:IllyaBlindPoisonToss","PrismaMod:IllyaPoisonTippedWeapons","PrismaMod:IllyaHassanGift+1","PrismaMod:IllyaUncommonAOEAttack","PrismaMod:IllyaBoysLove"],"picked":"SKIP","floor":21},{"not_picked":["LaLuna","PunishingBird","Porccubus"],"picked":"Singing Bowl","floor":25},{"not_picked":["PrismaMod:IllyaBerserCAR","PrismaMod:IllyaUncommonAttack+1","PrismaMod:IllyaInstallMoonCancer","PrismaMod:IllyaRubysPotion+1"],"picked":"PrismaMod:IllyaSaphire","floor":25},{"not_picked":["BeautyBeast","QueenBee","Woodsman"],"picked":"Singing Bowl","floor":28},{"not_picked":["PrismaMod:IllyaInstallRider","PrismaMod:IllyaCommandSeal","PrismaMod:IllyaBerserCAR","PrismaMod:IllyaRussianRoulette","PrismaMod:IllyaCommonEvoke+1"],"picked":"SKIP","floor":28},{"not_picked":["LittlePrince","Variant","DreamingCurrent"],"picked":"Singing Bowl","floor":30},{"not_picked":["PrismaMod:IllyaFriendMaker","PrismaMod:IllyaPoisonBomb","PrismaMod:IllyaUncommonDefend","PrismaMod:IllyaUpgradeOrbs"],"picked":"PrismaMod:IllyaSaphire","floor":30},{"not_picked":["HappyTeddy","RedShoes","PunishingBird"],"picked":"Singing Bowl","floor":33},{"not_picked":["PrismaMod:IllyaZwei","PrismaMod:IllyaCarnivalDefend","PrismaMod:IllyaCarnivalAttack","PrismaMod:IllyaInstallArcher"],"picked":"PrismaMod:IllyaInstallCaster","floor":33},{"not_picked":["HeroicMonk","SilentOrchestra","WhiteNight"],"picked":"Singing Bowl","floor":35},{"not_picked":["PrismaMod:IllyaEvokeAll","PrismaMod:IllyaMaid","PrismaMod:IllyaGun","PrismaMod:IllyaUpgradeOrbs+1","PrismaMod:IllyaCarnivalAttack"],"picked":"SKIP","floor":35},{"not_picked":["SingingMachine","BigBadWolf","DreamingCurrent"],"picked":"Singing Bowl","floor":36},{"not_picked":["Alriune","BigBird"],"picked":"MHz","floor":36},{"not_picked":["PrismaMod:IllyaPoisonTippedWeapons","PrismaMod:IllyaUpgradeOrbs+1","PrismaMod:IllyaBride+1","PrismaMod:IllyaCommonEvoke+1"],"picked":"PrismaMod:IllyaSaphire+1","floor":36},{"not_picked":["MeatLantern","Mercenary","WhiteNight"],"picked":"Singing Bowl","floor":41},{"not_picked":["PrismaMod:IllyaFriendMaker+1","PrismaMod:IllyaCommonEvoke+1","PrismaMod:IllyaGun+1","PrismaMod:IllyaUncommonEvoke+1","PrismaMod:IllyaCheapDefend"],"picked":"SKIP","floor":41},{"not_picked":["GreedKing","HeroicMonk","BigBird"],"picked":"Singing Bowl","floor":44},{"not_picked":["PrismaMod:IllyaFeed+1","PrismaMod:IllyaCheapChannelPoison+1","PrismaMod:IllyaCommonEvoke+1","PrismaMod:IllyaHassanGift+1"],"picked":"PrismaMod:IllyaBride+1","floor":44},{"not_picked":["UniverseFragment","Mercenary"],"picked":"LongBird","floor":45},{"not_picked":["PrismaMod:IllyaHassanGift+1","PrismaMod:IllyaPoisoningPhantasm+1","PrismaMod:IllyaDevil","PrismaMod:IllyaSaphire+1"],"picked":"PrismaMod:IllyaUberPoisonChannel","floor":45},{"not_picked":["Freischutz","Scarecrow","BigBird"],"picked":"Singing Bowl","floor":47},{"not_picked":["PrismaMod:IllyaTestament","PrismaMod:IllyaInstallRuler","PrismaMod:IllyaPartialInstallAssassin+1","PrismaMod:IllyaMaid+1"],"picked":"PrismaMod:IllyaReinForce+1","floor":47},{"not_picked":["HeroicMonk","BigBadWolf","Mercenary"],"picked":"Singing Bowl","floor":48},{"not_picked":["PrismaMod:IllyaCheapChannelAttack","PrismaMod:IllyaGrailKun","PrismaMod:IllyaCommandSeal","PrismaMod:IllyaBlindPoisonToss+1"],"picked":"PrismaMod:IllyaGrail+1","floor":48}],"player_experience":725007,"relics_obtained":[{"floor":1,"key":"SynthV:TestCard"},{"floor":1,"key":"LetterFromLob"},{"floor":8,"key":"REME_HandOfSuture"},{"floor":9,"key":"Smiling Mask"},{"floor":13,"key":"AT_BellowingDragoncrestRing"},{"floor":13,"key":"SynthV:C4"},{"floor":25,"key":"Golden Egg"},{"floor":26,"key":"DoctorsRemote"},{"floor":28,"key":"testmod-ArcanaOfDestiny"},{"floor":45,"key":"Omamori"},{"floor":47,"key":"Regal Pillow"}],"event_choices":[{"damage_healed":0,"gold_gain":75,"player_choice":"Gather Gold","damage_taken":11,"max_hp_gain":0,"max_hp_loss":0,"event_name":"World of Goop","floor":11,"gold_loss":0},{"damage_healed":0,"gold_gain":0,"player_choice":"Fight","damage_taken":0,"max_hp_gain":0,"max_hp_loss":0,"event_name":"HidenRoomEvent","floor":13,"gold_loss":0},{"damage_healed":0,"gold_gain":0,"player_choice":"Paid","damage_taken":0,"relics_obtained":["Red Mask"],"max_hp_gain":0,"max_hp_loss":0,"event_name":"Tomb of Lord Red Mask","floor":42,"gold_loss":83}],"is_beta":false,"boss_relics":[{"not_picked":["Tiny House","testmod-NegativeEmotionEnhancer"],"picked":"testmod-Fanaticism"},{"not_picked":[]},{"not_picked":["testmod-EnergyCheck","SacredBark"],"picked":"HaiYi:Twilight"},{"not_picked":[]}],"items_purged_floors":[17,22,24,31,31,34,37,38,38,39],"is_endless":false,"potions_floor_spawned":[2,4,10,13,18,21,23,28,33,35,41,47],"ascension_level":1}}