{"host":"mi0eibewekhugwl1","time":1610543035,"event":{"mods":["AchievementEnabler","BaseMod","Colored Map","Colored Powertips","DeckTracker","Keyboard Shortcuts","Minty Spire (QoL Compilation)","Quick Restart","Rare Cards Sparkle","Relic Stats","StSLib","SuperFastMode","everything is the same but u backflip on backflip"],"gold_per_floor":[110,130,148,159,175,175,210,224,224,243,243,253,253,14,14,88,88,108,125,143,160,160,160,160,160],"floor_reached":24,"language":"KOR","playtime":415,"items_purged":[],"score":508,"play_id":"dcbc1618-9623-44eb-95d4-3ee5829d9e9b","local_time":"20210113220355","is_ascension_mode":true,"campfire_choices":[{"data":"Cleave","floor":6,"key":"SMITH"},{"data":"Uppercut","floor":11,"key":"SMITH"},{"data":"Dropkick","floor":13,"key":"SMITH"},{"data":"Immolate","floor":15,"key":"SMITH"},{"data":"Pommel Strike","floor":23,"key":"SMITH"}],"circlet_count":0,"master_deck":["AscendersBane","Strike_R","Strike_R","Strike_R","Strike_R","Strike_R","Defend_R","Defend_R","Defend_R","Defend_R","Bash","Cleave+1","Dropkick","Rampage","Uppercut+1","Dropkick+1","Immolate+1","Fire Breathing","Flame Barrier","Pommel Strike+1"],"relics":["Burning Blood","Magic Flower","InkBottle","Coffee Dripper"],"acts_visited":["Exordium","TheCity"],"potions_floor_usage":[5,7],"damage_taken":[{"damage":1,"enemies":"Cultist","floor":1,"turns":3},{"damage":15,"enemies":"Small Slimes","floor":2,"turns":3},{"damage":12,"enemies":"Jaw Worm","floor":3,"turns":3},{"damage":16,"enemies":"Blue Slaver","floor":4,"turns":4},{"damage":0,"enemies":"Gremlin Gang","floor":5,"turns":3},{"damage":25,"enemies":"Gremlin Nob","floor":7,"turns":4},{"damage":12,"enemies":"2 Fungi Beasts","floor":8,"turns":3},{"damage":7,"enemies":"Large Slime","floor":10,"turns":5},{"damage":14,"enemies":"Exordium Thugs","floor":12,"turns":4},{"damage":0,"enemies":"Slime Boss","floor":16,"turns":5},{"damage":0,"enemies":"Chosen","floor":18,"turns":2},{"damage":24,"enemies":"3 Byrds","floor":19,"turns":4},{"damage":26,"enemies":"Cultist and Chosen","floor":20,"turns":4},{"damage":27,"enemies":"Snake Plant","floor":21,"turns":4},{"damage":33,"enemies":"Sentry and Sphere","floor":24,"turns":5}],"seed_played":"4502731212869918991","potions_obtained":[{"floor":1,"key":"EssenceOfSteel"},{"floor":2,"key":"LiquidMemories"},{"floor":12,"key":"SneckoOil"},{"floor":18,"key":"Ancient Potion"},{"floor":20,"key":"DistilledChaos"},{"floor":21,"key":"EntropicBrew"}],"is_trial":false,"path_per_floor":["M","M","M","M","M","R","E","M","T","M","R","M","R","$","R","B",null,"M","M","M","M","?","R","M"],"character_chosen":"IRONCLAD","items_purchased":["Immolate","Fire Breathing"],"campfire_rested":0,"item_purchase_floors":[14,14],"current_hp_per_floor":[73,64,58,48,54,54,35,32,32,34,34,29,29,29,29,38,66,75,60,43,25,25,25,0,0],"gold":160,"neow_bonus":"THREE_CARDS","is_daily":false,"chose_seed":false,"campfire_upgraded":5,"win_rate":0.0,"timestamp":1610543035,"path_taken":["M","M","M","?","M","R","E","M","T","?","R","M","R","$","R","BOSS","M","?","M","M","?","R","M"],"items_purchased_type":["Card","Card"],"build_version":"2020-12-22","purchased_purges":0,"victory":false,"max_hp_per_floor":[75,75,75,75,75,75,75,75,75,75,75,75,75,75,75,75,75,75,75,75,75,75,75,75,75],"relic_stats":{"counters":[15,56],"Magic Flower":[24],"obtain_stats":[{"Magic Flower":7,"Coffee Dripper":17,"Burning Blood":0,"InkBottle":9},{"Magic Flower":6,"Coffee Dripper":10,"Burning Blood":0,"InkBottle":7},{"Magic Flower":20,"Coffee Dripper":37,"Burning Blood":0,"InkBottle":23}],"Burning Blood":108,"InkBottle":[9]},"card_choices":[{"not_picked":["Twin Strike","Headbutt"],"picked":"Cleave","floor":0},{"not_picked":["Sentinel","Anger","Sever Soul"],"picked":"SKIP","floor":1},{"not_picked":["Cleave","Clothesline","Shockwave"],"picked":"SKIP","floor":2},{"not_picked":["Sword Boomerang","Flex"],"picked":"Dropkick","floor":3},{"not_picked":["Body Slam","Blood for Blood"],"picked":"Rampage","floor":4},{"not_picked":["Anger","Dark Embrace","Rupture"],"picked":"SKIP","floor":5},{"not_picked":["Clash","Sword Boomerang"],"picked":"Uppercut","floor":7},{"not_picked":["Dark Embrace","Flex"],"picked":"Dropkick","floor":8},{"not_picked":["Twin Strike","Warcry","Infernal Blade"],"picked":"SKIP","floor":10},{"not_picked":["Sword Boomerang","Iron Wave","Clash"],"picked":"SKIP","floor":12},{"not_picked":["Clash","Anger","Clothesline"],"picked":"SKIP","floor":18},{"not_picked":["Anger","Sword Boomerang"],"picked":"Flame Barrier","floor":19},{"not_picked":["Thunderclap","Wild Strike","Anger+1"],"picked":"SKIP","floor":20},{"not_picked":["Sword Boomerang","True Grit"],"picked":"Pommel Strike","floor":21}],"player_experience":1738432,"relics_obtained":[{"floor":7,"key":"Magic Flower"},{"floor":9,"key":"InkBottle"}],"event_choices":[{"damage_healed":0,"gold_gain":0,"player_choice":"Ignored","damage_taken":0,"max_hp_gain":0,"max_hp_loss":0,"event_name":"Cursed Tome","floor":22,"gold_loss":0}],"is_beta":false,"boss_relics":[{"not_picked":["Runic Cube","SlaversCollar"],"picked":"Coffee Dripper"}],"items_purged_floors":[],"is_endless":false,"potions_floor_spawned":[1,2,12,18,20,21],"killed_by":"Sentry and Sphere","ascension_level":20}}