{"host":"091y6d77ht7dl3wb","time":1610531603,"event":{"mods":["AchievementEnabler","BaseMod","Colored Map","Minty Spire (QoL Compilation)","Rare Cards Sparkle","StSLib"],"gold_per_floor":[113,113,113,125,136,136,136,136,136,176,198,223,256,7,7,145,145,175,175,85,0,22,72,72,72],"floor_reached":24,"language":"KOR","playtime":928,"items_purged":[],"score":216,"play_id":"3c70e0e1-274e-4ae1-9740-73d7112cf61e","local_time":"20210113185323","daily_mods":["Allstar","Heirloom","Time Dilation"],"is_ascension_mode":false,"campfire_choices":[{"floor":6,"key":"REST"},{"floor":8,"key":"REST"},{"floor":15,"key":"REST"}],"circlet_count":0,"master_deck":["Strike_B","Strike_B","Strike_B+1","Defend_B+1","Defend_B","Defend_B","Defend_B","Zap","Dualcast","Enlightenment","Master of Strategy","Magnetism","Trip","Enlightenment","Gash","Rip and Tear","Coolheaded","Go for the Eyes","Storm","Rebound","White Noise","Core Surge+1","Conserve Battery+1","Sunder+1","Scrape+1","Sweeping Beam+1","Go for the Eyes+1"],"relics":["Cracked Core","Calipers","Golden Idol","Meat on the Bone","CeramicFish","Molten Egg 2","SlaversCollar","Kunai","Bag of Preparation"],"acts_visited":["Exordium","TheCity"],"potions_floor_usage":[10,18,23,23],"damage_taken":[{"damage":14,"enemies":"Small Slimes","floor":1,"turns":4},{"damage":6,"enemies":"Jaw Worm","floor":4,"turns":3},{"damage":0,"enemies":"2 Louse","floor":5,"turns":2},{"damage":17,"enemies":"Gremlin Nob","floor":10,"turns":4},{"damage":21,"enemies":"Exordium Thugs","floor":11,"turns":6},{"damage":1,"enemies":"Blue Slaver","floor":12,"turns":3},{"damage":2,"enemies":"Looter","floor":13,"turns":2},{"damage":14,"enemies":"The Guardian","floor":16,"turns":9},{"damage":18,"enemies":"2 Thieves","floor":18,"turns":4},{"damage":11,"enemies":"Spheric Guardian","floor":22,"turns":4},{"damage":45,"enemies":"Slavers","floor":23,"turns":6},{"damage":23,"enemies":"Centurion and Healer","floor":24,"turns":4}],"seed_played":"3040129339666414546","potions_obtained":[{"floor":4,"key":"AttackPotion"},{"floor":10,"key":"Swift Potion"},{"floor":13,"key":"Explosive Potion"},{"floor":18,"key":"Swift Potion"},{"floor":23,"key":"SteroidPotion"}],"is_trial":true,"path_per_floor":["M","?","?","M","M","R","?","R","T","E","M","M","M","$","R","B",null,"M","?","$","?","M","E","M"],"character_chosen":"DEFECT","items_purchased":["Molten Egg 2","Sunder+1","Scrape+1"],"campfire_rested":3,"item_purchase_floors":[14,20,20],"current_hp_per_floor":[61,54,39,33,33,55,37,59,59,42,33,44,42,42,64,50,75,57,57,57,57,46,13,0,0],"gold":72,"neow_bonus":"","is_daily":false,"chose_seed":false,"campfire_upgraded":0,"win_rate":0.0,"timestamp":1610531603,"path_taken":["M","?","?","M","M","R","?","R","T","E","M","M","M","$","R","BOSS","M","?","$","?","M","E","M"],"items_purchased_type":["Relic","Card","Card"],"build_version":"2020-12-22","purchased_purges":0,"victory":false,"max_hp_per_floor":[75,75,75,75,75,75,75,75,75,75,75,75,75,75,75,75,75,75,75,75,75,75,75,75,75],"card_choices":[{"not_picked":["Beam Cell","Coolheaded"],"picked":"Gash","floor":1},{"not_picked":["Self Repair","Loop"],"picked":"Rip and Tear","floor":4},{"not_picked":["Ball Lightning","Turbo"],"picked":"Coolheaded","floor":5},{"not_picked":["Stack","White Noise"],"picked":"Go for the Eyes","floor":10},{"not_picked":["Lockon","Amplify"],"picked":"Storm","floor":11},{"not_picked":["Barrage","Coolheaded"],"picked":"Rebound","floor":12},{"not_picked":["Steam","Sweeping Beam"],"picked":"White Noise","floor":13},{"not_picked":["Seek","Rainbow"],"picked":"Core Surge+1","floor":16},{"not_picked":["Steam Power","Heatsinks"],"picked":"Conserve Battery+1","floor":18},{"not_picked":["Compile Driver+1","Redo"],"picked":"Sweeping Beam+1","floor":22},{"not_picked":["Reinforced Body","Stack+1"],"picked":"Go for the Eyes+1","floor":23}],"player_experience":215233,"relics_obtained":[{"floor":9,"key":"Meat on the Bone"},{"floor":10,"key":"CeramicFish"},{"floor":23,"key":"Bag of Preparation"}],"event_choices":[{"cards_removed":["Strike_B"],"damage_healed":0,"gold_gain":0,"player_choice":"Card Removal","damage_taken":7,"max_hp_gain":0,"max_hp_loss":0,"event_name":"Golden Wing","floor":2,"gold_loss":0},{"damage_healed":0,"gold_gain":0,"player_choice":"Entered Light","damage_taken":15,"max_hp_gain":0,"max_hp_loss":0,"event_name":"Shining Light","floor":3,"gold_loss":0,"cards_upgraded":["Strike_B","Defend_B"]},{"damage_healed":0,"gold_gain":0,"player_choice":"Take Damage","damage_taken":18,"relics_obtained":["Golden Idol"],"max_hp_gain":0,"max_hp_loss":0,"event_name":"Golden Idol","floor":7,"gold_loss":0},{"damage_healed":0,"gold_gain":0,"player_choice":"Ignored","damage_taken":0,"max_hp_gain":0,"max_hp_loss":0,"event_name":"Ghosts","floor":19,"gold_loss":0},{"damage_healed":0,"gold_gain":0,"player_choice":"Obtained Relic","damage_taken":0,"relics_obtained":["Kunai"],"max_hp_gain":0,"max_hp_loss":0,"event_name":"Addict","floor":21,"gold_loss":85}],"is_beta":false,"boss_relics":[{"not_picked":["Velvet Choker","Fusion Hammer"],"picked":"SlaversCollar"}],"items_purged_floors":[],"is_endless":false,"potions_floor_spawned":[4,10,13,18,23],"killed_by":"Centurion and Healer","ascension_level":0}}