{"host":"jscggscbx0p7706o","time":1610510043,"event":{"mods":["AchievementEnabler","BaseMod","Block Reminder","Colored Powertips","Minty Spire (QoL Compilation)","Permanent Neow","Quick Restart","StSLib"],"gold_per_floor":[110,125,125,135,135,160,160,189,189,201,53,72,85,96,96,201,201,213,54,54,153,128,158,158,171,171,171,189,199,218,133,133,133,133],"floor_reached":33,"language":"ENG","playtime":2730,"items_purged":[],"score":337,"play_id":"54b26e5c-f63a-4ae8-ad0b-dc8a1b6189c2","local_time":"20210113115403","is_ascension_mode":true,"campfire_choices":[{"floor":7.0,"key":"REST"},{"data":"Pommel Strike","floor":15.0,"key":"SMITH"},{"data":"Demon Form","floor":24.0,"key":"SMITH"},{"floor":27.0,"key":"REST"},{"floor":32,"key":"REST"}],"circlet_count":0,"master_deck":["Strike_R","Defend_R","Defend_R","Defend_R","Defend_R","Bash","Cleave","Iron Wave+1","Shrug It Off","Reaper","Shrug It Off","Pommel Strike+1","Demon Form+1","Barricade+1","Fire Breathing+1","Ghostly Armor+1","Limit Break","Decay","Shrug It Off","Inflame"],"relics":["Burning Blood","Bag of Marbles","Anchor","Blue Candle","PreservedInsect","Vajra","Astrolabe","Shuriken","White Beast Statue","Juzu Bracelet"],"acts_visited":["Exordium","TheCity"],"potions_floor_usage":[30,33],"damage_taken":[{"damage":1.0,"enemies":"Cultist","floor":1.0,"turns":3.0},{"damage":7.0,"enemies":"Jaw Worm","floor":2.0,"turns":3.0},{"damage":0.0,"enemies":"2 Louse","floor":4.0,"turns":1.0},{"damage":39.0,"enemies":"Lagavulin","floor":6.0,"turns":8.0},{"damage":23.0,"enemies":"3 Sentries","floor":8.0,"turns":13.0},{"damage":4.0,"enemies":"Looter","floor":10.0,"turns":3.0},{"damage":2.0,"enemies":"2 Fungi Beasts","floor":12.0,"turns":4.0},{"damage":0.0,"enemies":"Blue Slaver","floor":13.0,"turns":5.0},{"damage":0.0,"enemies":"Looter","floor":14.0,"turns":3.0},{"damage":58.0,"enemies":"Hexaghost","floor":16.0,"turns":11.0},{"damage":20.0,"enemies":"Spheric Guardian","floor":18.0,"turns":6.0},{"damage":10.0,"enemies":"2 Thieves","floor":22.0,"turns":5.0},{"damage":80.0,"enemies":"Book of Stabbing","floor":23.0,"turns":7.0},{"damage":40.0,"enemies":"Snake Plant","floor":25.0,"turns":6.0},{"damage":18.0,"enemies":"Snecko","floor":28.0,"turns":8.0},{"damage":30.0,"enemies":"Chosen and Byrds","floor":29.0,"turns":6.0},{"damage":41,"enemies":"Sentry and Sphere","floor":30,"turns":7},{"damage":66,"enemies":"Automaton","floor":33,"turns":8}],"seed_played":"-9158284097090741329","potions_obtained":[{"floor":4.0,"key":"ColorlessPotion"},{"floor":6.0,"key":"Swift Potion"},{"floor":8.0,"key":"FairyPotion"},{"floor":16.0,"key":"BlessingOfTheForge"},{"floor":23.0,"key":"Fruit Juice"},{"floor":28.0,"key":"GamblersBrew"},{"floor":29.0,"key":"AttackPotion"},{"floor":30,"key":"EssenceOfSteel"}],"is_trial":false,"path_per_floor":["M","M","?","M","?","E","R","E","T","M","$","M","M","M","R","B",null,"M","$","?","?","M","E","R","M","T","R","M","M","M","?","R","B"],"character_chosen":"IRONCLAD","items_purchased":["Vajra","Limit Break"],"campfire_rested":3,"item_purchase_floors":[11,19],"current_hp_per_floor":[80,79,72,78,78,45,69,60,60,68,68,72,78,80,80,35,80,80,80,80,80,76,25,25,18,18,43,40,29,20,20,45,0,0],"gold":133,"neow_bonus":"RANDOM_COMMON_RELIC","is_daily":false,"chose_seed":false,"campfire_upgraded":2,"win_rate":0.0,"timestamp":1610510043,"path_taken":["M","M","?","M","?","E","R","E","T","M","$","M","M","M","R","BOSS","M","$","?","?","M","E","R","M","T","R","M","M","M","?","R","BOSS"],"items_purchased_type":["Relic","Card"],"build_version":"2020-12-22","purchased_purges":0,"victory":false,"max_hp_per_floor":[80,80,80,80,80,80,80,80,80,80,80,80,80,80,80,80,80,80,80,80,80,80,85,85,85,85,85,85,85,85,85,85,85,85],"card_choices":[{"not_picked":["Rupture","Wild Strike"],"picked":"Cleave","floor":1.0},{"not_picked":["Dark Embrace","Pommel Strike"],"picked":"Iron Wave","floor":2.0},{"not_picked":["Heavy Blade","True Grit"],"picked":"Shrug It Off","floor":4.0},{"not_picked":["Dark Embrace","Flex"],"picked":"Reaper","floor":6.0},{"not_picked":["Bloodletting","Wild Strike","Hemokinesis"],"picked":"SKIP","floor":8.0},{"not_picked":["Havoc","Heavy Blade"],"picked":"Shrug It Off","floor":10.0},{"not_picked":["Heavy Blade","Rage","Feel No Pain"],"picked":"SKIP","floor":12.0},{"not_picked":["Wild Strike","Feel No Pain","Seeing Red"],"picked":"SKIP","floor":13.0},{"not_picked":["Havoc","Dropkick"],"picked":"Pommel Strike","floor":14.0},{"not_picked":["Limit Break","Fiend Fire"],"picked":"Demon Form","floor":16.0},{"not_picked":["Armaments","Wild Strike","Ghostly Armor"],"picked":"SKIP","floor":18.0},{"not_picked":["Wild Strike","Iron Wave","Flex"],"picked":"SKIP","floor":22.0},{"not_picked":["Warcry","Twin Strike"],"picked":"Shrug It Off","floor":23.0},{"not_picked":["Sword Boomerang","Wild Strike+1"],"picked":"Inflame","floor":25.0},{"not_picked":["Perfected Strike","Demon Form","Blood for Blood"],"picked":"SKIP","floor":28.0},{"not_picked":["Sword Boomerang+1","Warcry","Body Slam"],"picked":"SKIP","floor":29.0},{"not_picked":["Clothesline","Sword Boomerang","Flame Barrier"],"picked":"SKIP","floor":30}],"player_experience":222760,"relics_obtained":[{"floor":6.0,"key":"Anchor"},{"floor":8.0,"key":"Blue Candle"},{"floor":9.0,"key":"PreservedInsect"},{"floor":23.0,"key":"Shuriken"},{"floor":26.0,"key":"White Beast Statue"}],"event_choices":[{"cards_removed":["Strike_R"],"damage_healed":0.0,"max_hp_gain":0.0,"max_hp_loss":0.0,"gold_gain":0.0,"event_name":"Golden Wing","player_choice":"Card Removal","floor":3.0,"gold_loss":0.0,"damage_taken":7.0},{"damage_healed":0.0,"max_hp_gain":0.0,"max_hp_loss":0.0,"gold_gain":0.0,"event_name":"Upgrade Shrine","player_choice":"Upgraded","floor":5.0,"gold_loss":0.0,"damage_taken":0.0,"cards_upgraded":["Iron Wave"]},{"damage_healed":0.0,"max_hp_gain":0.0,"max_hp_loss":0.0,"gold_gain":0.0,"event_name":"Forgotten Altar","player_choice":"Smashed Altar","floor":20.0,"gold_loss":0.0,"damage_taken":0.0,"cards_obtained":["Decay"]},{"damage_healed":0.0,"max_hp_gain":0.0,"max_hp_loss":0.0,"gold_gain":99.0,"event_name":"Nest","player_choice":"Stole From Cult","floor":21.0,"gold_loss":0.0,"damage_taken":0.0},{"damage_healed":0,"gold_gain":0,"player_choice":"Obtained Relic","damage_taken":0,"relics_obtained":["Juzu Bracelet"],"max_hp_gain":0,"max_hp_loss":0,"event_name":"Addict","floor":31,"gold_loss":85}],"is_beta":false,"boss_relics":[{"not_picked":["Fusion Hammer","Busted Crown"],"picked":"Astrolabe"}],"items_purged_floors":[],"is_endless":false,"potions_floor_spawned":[4,6,8,14,16,23,28,29,30],"killed_by":"Automaton","ascension_level":4}}