{"host":"fuszjwm6fqgjjp4d","time":1610523417,"event":{"mods":["BaseMod","Bestiary","Colored Map","DeckTracker","Minty Spire (QoL Compilation)","Permanent Neow","Relic Sorter","Relic Stats","StSLib"],"gold_per_floor":[112,132,147,163,175,175,175],"floor_reached":6,"language":"ENG","playtime":303,"items_purged":[],"score":80,"play_id":"9310b029-663f-4bd2-a950-050ac2bb9345","local_time":"20210113013657","is_ascension_mode":true,"campfire_choices":[],"circlet_count":0,"master_deck":["AscendersBane","Survivor","Neutralize","Setup","Dash","Night Terror","Expertise","Caltrops","Dodge and Roll","Malaise","Tactician","Prepared","Phantasmal Killer","Quick Slash","Slice","Dash","Dagger Spray","Deflect"],"relics":["Pandora\u0027s Box"],"acts_visited":["Exordium"],"potions_floor_usage":[6],"damage_taken":[{"damage":1,"enemies":"Cultist","floor":1,"turns":5},{"damage":6,"enemies":"2 Louse","floor":2,"turns":3},{"damage":8,"enemies":"Jaw Worm","floor":3,"turns":4},{"damage":4,"enemies":"2 Fungi Beasts","floor":4,"turns":3},{"damage":11,"enemies":"Large Slime","floor":5,"turns":6},{"damage":29,"enemies":"Gremlin Nob","floor":6,"turns":5}],"seed_played":"-1214420091291506278","potions_obtained":[{"floor":3,"key":"Weak Potion"}],"is_trial":false,"path_per_floor":["M","M","M","M","M","E"],"character_chosen":"THE_SILENT","items_purchased":[],"campfire_rested":0,"item_purchase_floors":[],"current_hp_per_floor":[58,52,44,40,29,0,0],"gold":175,"neow_bonus":"BOSS_RELIC","is_daily":false,"chose_seed":false,"campfire_upgraded":0,"win_rate":0.0,"timestamp":1610523417,"path_taken":["M","M","?","M","M","E"],"items_purchased_type":[],"build_version":"2020-12-22","purchased_purges":0,"victory":false,"max_hp_per_floor":[66,66,66,66,66,66,66],"relic_stats":{"counters":[6,26],"Pandora\u0027s Box":["Setup","Dash","Night Terror","Expertise","Caltrops","Dodge and Roll","Malaise","Tactician","Prepared","Phantasmal Killer"],"obtain_stats":[{"Pandora\u0027s Box":0,"Ring of the Snake":0},{"Pandora\u0027s Box":0,"Ring of the Snake":0},{"Pandora\u0027s Box":0,"Ring of the Snake":0}]},"card_choices":[{"not_picked":["Heel Hook","Poisoned Stab"],"picked":"Quick Slash","floor":1},{"not_picked":["Escape Plan","Finisher"],"picked":"Slice","floor":2},{"not_picked":["Deflect","Outmaneuver"],"picked":"Dash","floor":3},{"not_picked":["Sucker Punch","Bane"],"picked":"Dagger Spray","floor":4},{"not_picked":["Finisher","Bouncing Flask"],"picked":"Deflect","floor":5}],"player_experience":1285965,"relics_obtained":[],"event_choices":[],"is_beta":false,"boss_relics":[],"items_purged_floors":[],"is_endless":false,"potions_floor_spawned":[3],"killed_by":"Gremlin Nob","ascension_level":20}}