{"host":"dk10vuzdqf3wivcv","time":1610498705,"event":{"mods":["Aspiration","Astrologer","BaseMod","Colored Map","Conspire","Downfall","Friendly Minions","Hermit","Hubris","Infinite Spire","Minty Spire (QoL Compilation)","Replay The Spire","StSLib","SuperFastMode","Td1madao Mod","The Animator","The Gatherer","The Jungle"],"gold_per_floor":[99,117,129,143,156,156,228,110,110,138,154,32,32,43,60,60,60,60],"floor_reached":16,"language":"ENG","playtime":670,"items_purged":["Hallucinations"],"score":104,"play_id":"541583b6-6e0f-420e-96ce-fdf5ba4c8996","local_time":"20210113014505","is_ascension_mode":false,"campfire_choices":[{"floor":1,"key":"RECALL"},{"data":"Guardian:Clone","floor":6,"key":"SMITH"},{"data":"Guardian:Emergency","floor":13,"key":"SMITH"}],"circlet_count":0,"master_deck":["Guardian:Strike_Guardian","Guardian:Strike_Guardian","Guardian:Strike_Guardian","Guardian:Strike_Guardian","Guardian:Defend_Guardian","Guardian:Defend_Guardian","Guardian:Defend_Guardian","Guardian:Defend_Guardian","Guardian:CurlUp","Guardian:TwinSlam","Guardian:PrimingBeam","Guardian:Clone+1","Guardian:Reroute","Guardian:ChargeUp","Guardian:Reroute","infinitespire:TheBestDefense","Guardian:ChargeCore","Guardian:Clone","Guardian:BronzeOrb","Guardian:Preprogram","Guardian:Emergency+1","Guardian:ShieldCharger","Guardian:ChargeUp"],"relics":["aspiration:PoetsPen_weak","ReplayTheSpireMod:CursedCoin","Centennial Puzzle"],"acts_visited":["Exordium"],"potions_floor_usage":[],"damage_taken":[{"damage":0,"enemies":"infinitespire:Voidling","floor":2,"turns":3},{"damage":0,"enemies":"conspire:RoseBush","floor":3,"turns":2},{"damage":0,"enemies":"Small Slimes","floor":4,"turns":3},{"damage":27,"enemies":"Exordium Wildlife","floor":5,"turns":5},{"damage":6,"enemies":"downfall:FleeingMerchant","floor":8,"turns":4},{"damage":12,"enemies":"Lagavulin","floor":10,"turns":5},{"damage":2,"enemies":"Blue Slaver","floor":11,"turns":2},{"damage":0,"enemies":"downfall:FleeingMerchant","floor":12,"turns":4},{"damage":6,"enemies":"Exordium Wildlife","floor":14,"turns":4},{"damage":6,"enemies":"Large Slime","floor":15,"turns":2},{"damage":2,"enemies":"downfall:Defect","floor":16,"turns":2}],"seed_played":"-8258025329198607331","potions_obtained":[{"floor":4,"key":"Venom Potion"},{"floor":5,"key":"Fire Potion"},{"floor":11,"key":"EntropicBrew"}],"is_trial":false,"path_per_floor":["R","M","M","M","M","R","T","$","?","E","M","$","R","M","M","B"],"character_chosen":"GUARDIAN","items_purchased":["Guardian:ChargeUp","ReplayTheSpireMod:CursedCoin","Guardian:Gem_Green","Guardian:Reroute","Guardian:Preprogram","Guardian:Emergency"],"campfire_rested":0,"item_purchase_floors":[8,8,8,8,12,12],"current_hp_per_floor":[80,80,80,80,53,53,53,47,28,16,14,14,14,8,2,0,0,0],"gold":60,"neow_bonus":"BOSS_RELIC","is_daily":false,"chose_seed":false,"campfire_upgraded":2,"win_rate":0.0,"timestamp":1610498705,"path_taken":["R","M","M","?","M","R","T","$","?","E","M","$","R","M","M","BOSS"],"items_purchased_type":["Card","Relic","Card","Card","Card","Card"],"build_version":"2020-12-22","purchased_purges":1,"victory":false,"max_hp_per_floor":[80,80,80,80,80,80,80,80,80,80,80,80,80,80,80,80,80,80],"card_choices":[{"not_picked":["Guardian:PiercingHide","Guardian:CrystalBeam"],"picked":"Guardian:PrimingBeam","floor":2},{"not_picked":["Guardian:Gem_Fragmented","Guardian:Repulse"],"picked":"Guardian:Clone","floor":3},{"not_picked":["Guardian:CrystalBeam","Guardian:WalkerClaw"],"picked":"Guardian:Gem_Blue","floor":4},{"not_picked":["Guardian:SpikerProtocol","Guardian:Harden"],"picked":"Guardian:Gem_Green","floor":5},{"not_picked":["Guardian:AncientConstruct","Guardian:VentSteam"],"picked":"Guardian:Reroute","floor":8},{"not_picked":["infinitespire:UltimateForm","infinitespire:Oblivion"],"picked":"infinitespire:TheBestDefense","floor":9},{"not_picked":["Guardian:Gem_Green","Guardian:Incinerate"],"picked":"Guardian:ChargeCore","floor":10},{"not_picked":["Guardian:ArmoredProtocol","Guardian:PrimingBeam"],"picked":"Guardian:Clone","floor":11},{"not_picked":["Guardian:TemporalShield","Guardian:Reroute"],"picked":"Guardian:BronzeOrb","floor":12},{"not_picked":["Guardian:Gem_Cyan","Guardian:Gem_Lightblue"],"picked":"Guardian:ShieldCharger","floor":14},{"not_picked":["Guardian:PrimingBeam","Guardian:MultiBeam"],"picked":"Guardian:ChargeUp","floor":15}],"player_experience":169387,"relics_obtained":[{"floor":10,"key":"Centennial Puzzle"}],"event_choices":[],"is_beta":false,"boss_relics":[],"items_purged_floors":[8],"is_endless":false,"potions_floor_spawned":[4,5,11],"killed_by":"downfall:Defect","ascension_level":0}}