{"host":"u1dfzl6o6mfmauc3","time":1610524288,"event":{"mods":["100% Spire Juice","2.2 Compatiblity","AchievementEnabler","BaseMod","Block Reminder","Challenge The Spire","Dark Map","Hermit","Minty Spire (QoL Compilation)","Relic Stats","Robot Space Explorer","StSLib","The Disciple","The Marked"],"gold_per_floor":[117,117,117,20,20,20,47,60,85,115,125,125,142,154,154,250,250,266,279,279,298,318,318,353,353,429,464,464,464,389,11,11,108,108,108],"floor_reached":34,"language":"ENG","playtime":2820,"items_purged":["Strike_Br"],"score":448,"play_id":"444e7214-9252-4845-b84e-950dc670a6c3","local_time":"20210113025128","is_ascension_mode":false,"campfire_choices":[{"data":"HandsUpC","floor":6.0,"key":"SMITH"},{"data":"SecondHand","floor":12.0,"key":"SMITH"},{"floor":15.0,"key":"REST"},{"floor":23,"key":"REST"},{"floor":28,"key":"DIG"},{"floor":32,"key":"REST"}],"circlet_count":0,"master_deck":["Strike_Br","Strike_Br","Defend_Br","Defend_Br","Defend_Br","Defend_Br","SecondHand+1","PatternShift","HandsUpC+1","ExoVibe","Parity","Allegro","DaylightSavings","FormalWear","Allegretto","SlimeSpray","Flay","ReapSow","CrunchTime+1","Goo","Echonomics"],"relics":["Chronometer","NeowsBlessing","Medicine?","Smiling Mask","Bag of Marbles","Strawberry","Ancient Tea Set","Nunchaku","Fusion Hammer","Pear","Question Card","Darkstone Periapt","Shovel","Pen Nib","OrangePellets","Black Star"],"acts_visited":["Exordium","TheCity","TheBeyond"],"potions_floor_usage":[27,29,33,33],"damage_taken":[{"damage":0.0,"enemies":"Jaw Worm","floor":1.0,"turns":1.0},{"damage":0.0,"enemies":"3 Sentries","floor":7.0,"turns":2.0},{"damage":0.0,"enemies":"Small Slimes","floor":8.0,"turns":1.0},{"damage":19.0,"enemies":"Lagavulin","floor":10.0,"turns":7.0},{"damage":1.0,"enemies":"Cultist","floor":11.0,"turns":3.0},{"damage":6.0,"enemies":"Lots of Slimes","floor":13.0,"turns":4.0},{"damage":3.0,"enemies":"Exordium Wildlife","floor":14.0,"turns":4.0},{"damage":5.0,"enemies":"The Guardian","floor":16.0,"turns":10.0},{"damage":6,"enemies":"2 Thieves","floor":18,"turns":4},{"damage":13,"enemies":"Shell Parasite","floor":19,"turns":4},{"damage":4,"enemies":"Snake Plant","floor":21,"turns":4},{"damage":8,"enemies":"Snecko","floor":22,"turns":4},{"damage":25,"enemies":"Gremlin Leader","floor":24,"turns":7},{"damage":14,"enemies":"Book of Stabbing","floor":27,"turns":5},{"damage":0,"enemies":"Masked Bandits","floor":29,"turns":1},{"damage":35,"enemies":"Collector","floor":33,"turns":10}],"seed_played":"7451028361315378910","potions_obtained":[{"floor":1.0,"key":"Fire Potion"},{"floor":8.0,"key":"SkillPotion"},{"floor":13.0,"key":"LiquidMemories"},{"floor":18,"key":"Weak Potion"},{"floor":22,"key":"SmokeBomb"}],"is_trial":false,"path_per_floor":["M","?","?","$","T","R","E","M","T","E","M","R","M","M","R","B",null,"M","M","?","M","M","R","E","?","T","E","R","?","?","$","R","B",null],"character_chosen":"CHRONO_CLASS","items_purchased":["ExoVibe","Block Potion","OrangePellets","DistilledChaos","Fire Potion","Swift Potion"],"campfire_rested":3,"item_purchase_floors":[4,4,31,31,31,31],"current_hp_per_floor":[65,65,53,53,53,53,60,60,60,41,40,40,34,31,52,47,72,66,53,63,59,51,75,50,50,50,36,36,36,36,36,60,25,82,82],"gold":108,"neow_bonus":"THREE_ENEMY_KILL","is_daily":false,"chose_seed":false,"campfire_upgraded":2,"win_rate":0.0,"timestamp":1610524288,"path_taken":["M","?","?","?","?","R","E","?","T","E","M","R","M","M","R","BOSS","M","?","?","M","M","R","E","?","T","E","R","?","?","$","R","BOSS"],"items_purchased_type":["Card","Potion","Relic","Potion","Potion","Potion"],"build_version":"2020-12-22","purchased_purges":1,"victory":false,"max_hp_per_floor":[65,65,65,65,65,65,72,72,72,72,72,72,72,72,72,72,72,72,72,82,82,82,82,82,82,82,82,82,82,82,82,82,82,82,82],"relic_stats":{"Darkstone Periapt":0,"OrangePellets":[0],"Nunchaku":[13],"Shovel":1,"counters":[16,71],"Pen Nib":[2],"Black Star":0,"Smiling Mask":25,"Question Card":2,"obtain_stats":[{"Darkstone Periapt":26,"Pear":20,"NeowsBlessing":0,"Medicine?":2,"Pen Nib":28,"Smiling Mask":3,"Ancient Tea Set":9,"Question Card":24,"OrangePellets":31,"Nunchaku":10,"Shovel":27,"Chronometer":0,"Strawberry":7,"Fusion Hammer":17,"Bag of Marbles":5,"Black Star":34},{"Darkstone Periapt":13,"Pear":10,"NeowsBlessing":0,"Medicine?":1,"Pen Nib":14,"Smiling Mask":1,"Ancient Tea Set":3,"Question Card":13,"OrangePellets":15,"Nunchaku":4,"Shovel":14,"Chronometer":0,"Strawberry":2,"Fusion Hammer":8,"Bag of Marbles":1,"Black Star":16},{"Darkstone Periapt":55,"Pear":40,"NeowsBlessing":0,"Medicine?":1,"Pen Nib":60,"Smiling Mask":1,"Ancient Tea Set":4,"Question Card":55,"OrangePellets":61,"Nunchaku":11,"Shovel":60,"Chronometer":0,"Strawberry":3,"Fusion Hammer":32,"Bag of Marbles":1,"Black Star":71}]},"card_choices":[{"not_picked":["Break","LockedBlood"],"picked":"HandsUpC","floor":1.0},{"not_picked":["ExoVibe","LockedFlame"],"picked":"Tempo","floor":7.0},{"not_picked":["Engulf","Tempo"],"picked":"Parity","floor":8.0},{"not_picked":["LockedAstrolabe","BlueShift"],"picked":"DaylightSavings","floor":10.0},{"not_picked":["ShortSighted","VestedLegacy"],"picked":"Tempo","floor":11.0},{"not_picked":["BlueShift","WindUp"],"picked":"FormalWear","floor":13.0},{"not_picked":["LockedPlans","Stagnate"],"picked":"SlimeSpray","floor":14.0},{"not_picked":["Echonomics","OldTimer"],"picked":"Flay","floor":16.0},{"not_picked":["WindUp+1","ExoVibe+1"],"picked":"ReapSow","floor":18},{"not_picked":["LockedBlood","LockedWarPaint"],"picked":"CrunchTime+1","floor":19},{"not_picked":["ReapSow","LockedAnchor"],"picked":"Goo","floor":21},{"not_picked":["Cuckoo+1","HandsUpC","Parity"],"picked":"SKIP","floor":22},{"not_picked":["Stagnate","ExoVibe","LockedFlame"],"picked":"SKIP","floor":24},{"not_picked":["BlueShift","Engulf","Goo","ReapSow+1"],"picked":"SKIP","floor":27},{"not_picked":["LockedAstrolabe","Fragmentalize","BackFourSeconds"],"picked":"Echonomics","floor":33}],"player_experience":61207,"relics_obtained":[{"floor":5.0,"key":"Bag of Marbles"},{"floor":7.0,"key":"Strawberry"},{"floor":9.0,"key":"Ancient Tea Set"},{"floor":10.0,"key":"Nunchaku"},{"floor":24,"key":"Question Card"},{"floor":26,"key":"Darkstone Periapt"},{"floor":27,"key":"Shovel"},{"floor":28,"key":"Pen Nib"}],"event_choices":[{"damage_healed":0.0,"max_hp_gain":0.0,"max_hp_loss":0.0,"gold_gain":0.0,"event_name":"Scrap Ooze","player_choice":"Success","floor":3.0,"gold_loss":0.0,"damage_taken":12.0,"relics_obtained":["Smiling Mask"]},{"damage_healed":0,"gold_gain":0,"player_choice":"Opened","damage_taken":0,"relics_obtained":["Pear"],"max_hp_gain":0,"max_hp_loss":0,"event_name":"The Mausoleum","floor":20,"gold_loss":0},{"damage_healed":0,"gold_gain":0,"player_choice":"Ignored","damage_taken":0,"max_hp_gain":0,"max_hp_loss":0,"event_name":"Cursed Tome","floor":25,"gold_loss":0},{"damage_healed":0,"gold_gain":0,"player_choice":"Fought Bandits","damage_taken":0,"max_hp_gain":0,"max_hp_loss":0,"event_name":"Masked Bandits","floor":29,"gold_loss":0},{"cards_removed":["Strike_Br"],"damage_healed":0,"gold_gain":0,"player_choice":"Gave Gold","damage_taken":0,"max_hp_gain":0,"max_hp_loss":0,"event_name":"Beggar","floor":30,"gold_loss":75}],"is_beta":false,"boss_relics":[{"not_picked":["Ectoplasm","Cursed Key"],"picked":"Fusion Hammer"},{"not_picked":["Sozu","Runic Dome"],"picked":"Black Star"}],"items_purged_floors":[31],"is_endless":false,"potions_floor_spawned":[1,8,13,18,22,29],"ascension_level":0}}