{"host":"2hlhnd4tei6r1t0s","time":1610503652,"event":{"mods":["100% Spire Juice","ATMod(阿瑾Mod)","Act Like it!","Arknights The Spire","Aspiration","Astrologer","Bard","BaseMod","Conspire","Decade(王小明)","Dota2Spire","Downfall","Energized Spire","Evolution","Gensokyo","Gremlin Mod","Hallownest","Hermit","HumanHunterMod(怪物杀人mod)","Jedi Mod","Jorbs\u0027s Wanderer Trilogy","KinomotoSakuraMod(木之本樱)","Koishi","Luminous","Mari Mod (Legacy)","Mari\u0027s V1 Patch","Minty Spire (QoL Compilation)","MostiFishMod","Nova Terra(诺娃・泰拉)","Pale of the Ancients","Potionbrewer","Prisma Mod","Quick Restart","Reimu（博丽灵梦）","Replay The Spire","Robot Space Explorer","RumiaBox-露米娅的神秘盒子","Spicy Shops","StSLib","TestMod","The Administrix","The Alterego","The Animator","The Blackbeard","The Construct","The Cursed","The Forsaken","The Gatherer","The Hayseed","The Marked","The Mystic","The Poker Player","The Runesmith","The Saiyan","The Showman","TheHeartMod","TheWitcher","Uncapped","WarShipGirlsR/战舰少女R mod","Yakumo Yukari mod","Yuyuko","[IsaacMod]以撒尖塔","[地精首领爬塔]The Maniac","noobMod","vexMod","【功能Mod】混沌之环修复补丁","【功能Mod】聪明的最终Boss","【遗物卡牌】REMEMod","残留之物"],"gold_per_floor":[1000000000,1000000014,999998736,999998751,999998701,999998718,999998718,999998693,999998693,999998724,999997032,999997042,999997056,999997068,999997068,999997163,999997163,999997183,999997203,999997216,999997216,999997233,999997264,999996400,999996400,999996400,999995546,999995546,999995546,999995565,999995593,999995608,999995608,999995608,999995708,999995708,999995722,999995095,999995111,999995111,999995124,999995124,999995151,999995151,999995151,999995165,999995197,999995197,999995216,999995216,999995216,999995216],"floor_reached":53,"language":"ZHS","playtime":4820,"items_purged":["Shame","theMarked:Defend","theMarked:Defend","theMarked:Defend","theMarked:ThrowWeapon+1","RobotSpaceExplorer:HighVoltage","Doubt"],"score":1666,"play_id":"2b646a90-7a2d-48af-9d04-c72617733c90","local_time":"20210113100732","is_ascension_mode":false,"campfire_choices":[{"data":"theMarked:SummonStrength","floor":7,"key":"SMITH"},{"data":"REME_BuildACard","floor":25,"key":"SMITH"},{"floor":34,"key":"DIG"},{"data":"BattleHymn","floor":42,"key":"SMITH"},{"data":"REME_CRH","floor":50,"key":"SMITH"}],"circlet_count":0,"master_deck":["theMarked:Frustration+1","theMarked:BanishingStrike+1","AT_KingSlayer+1","theMarked:BanishingWave+1","theMarked:ChainLightning","theMarked:MysticalArsenal","theMarked:SummonStrength+1","theMarked:HeritageOfTheMarked","theMarked:ElectricStrings","theMarked:ContemptForTheProud","theMarked:BanishingWave","AT_EmpoweredMortalDraw+1","theMarked:EmpowerWeapon","theMarked:ComboAttacks+1","theMarked:EmpowerWeapon","theMarked:BanishingStrike+1","theMarked:SwordAndMagic+1","potionbrewer:BeatDown+1","alterego_mod:BiFurious","Guardian:WalkerClaw+1","theForsaken:ShieldCharge","Apotheosis+1","TheCursedMod:RavingStaff","Streamline+1","AT_KingSlayer+1","REME_BuildACard+1","testmod-Provocation+1","theMarked:SwordAndMagic","theMarked:HeritageOfTheMarked","theMarked:EmpowerWeapon","theMarked:Parkour","theMarked:Polarize+1","theMarked:SoldierForm+1","MostiFishMod:Kaleido","Replay:Parry","theMarked:StartUp","theMarked:Electrocute","UnarmedAttack1+1","PlaceholderMod:SpinBlade","NovaMod:Thor","theMarked:SummonStrength","theMarked:SelfDefenseTraining","theMarked:Defy","testmod-PerfectCombo","MostiFishMod:Mottled","NovaMod:PenetratingBlast+1","Poisoned Strike","theMarked:Parkour","theMarked:Parkour","theMarked:TunnelVision","rmod:intelligenceanalysis","BattleHymn+1","Limit Break+1","REME_HeartOfCthun","testmod-PerfectCombo","theMarked:Frustration+1","theMarked:ResourceFulStrike","SnafuTest:Kick+1","REME_CRH+1"],"relics":["EVO:Axolotl","ice","testmod-TestBox","DaveBox","REME_ComplimentaryCards","HushsDoor","AT_ATBox","BloodDonationMachine","Nloth\u0027s Gift","testmod-CardMagician","vexMod:ImprovementManual","SynthV:TestCard","AT_BladeRuinedKing","MostiFishMod:AdaptiveDefenses","ClockworkSouvenir","PreservedInsect","Dream Catcher","construct:RocketBooster","jedi:heavyjacket","testmod-OneHitWonder","potionbrewer:WarMedal","TuHaoJin","HowToJump","Dota2Spire:BladeMail","theMarked:Winder","AT_Manta","jedi:angrymask","Technique","PrismaticShard","aspiration:RunicSpoon","SteamSale","LastBattle","Ginger","potionbrewer:Torch","Replay:Wax Seal","Toolbox","DollysMirror","testmod-RealStoneCalender","Chemical X","SumBook","AT_SilvercatRing","vexMod:TimeEaterHat","testmod-Antiphasic","potionbrewer:BottledElixir","AT_SunfireAegis","jedi:firstaidkit","Black Star","RottenBaby","MyShadow","MegaBlast","AT_RabadonDeathcap","vexMod:RetaliationKit","Dota2Spire:MagicBottle","conspire:Boomerang","Membership Card","HandDrill","Anchor","PlaceholderMod:DeVermisMysteriis","PlaceholderMod:DaolothFragment","Blue Doll","testmod-Maize","Letter Opener","SynthV","DeathBook","testmod-ObsoleteBoomerang","jedi:arcanewood"],"acts_visited":["Exordium","TheCity","TheBeyond"],"potions_floor_usage":[20,20,20,32,32,32,43,49],"damage_taken":[{"damage":0,"enemies":"Cultist","floor":1,"turns":2},{"damage":23,"enemies":"Jaw Worm","floor":2,"turns":8},{"damage":13,"enemies":"Small Slimes","floor":4,"turns":8},{"damage":49,"enemies":"Red Slaver","floor":6,"turns":6},{"damage":85,"enemies":"Hiden Room Battle","floor":8,"turns":5},{"damage":0,"enemies":"Lagavulin","floor":10,"turns":2},{"damage":0,"enemies":"Exordium Wildlife","floor":12,"turns":4},{"damage":0,"enemies":"Looter","floor":13,"turns":4},{"damage":196,"enemies":"Gremlin Gang","floor":14,"turns":6},{"damage":27,"enemies":"The Guardian","floor":16,"turns":6},{"damage":0,"enemies":"Spheric Guardian","floor":18,"turns":1},{"damage":6,"enemies":"Chosen","floor":19,"turns":2},{"damage":0,"enemies":"Centurion and Healer","floor":20,"turns":12},{"damage":0,"enemies":"Sentry and Sphere","floor":22,"turns":4},{"damage":0,"enemies":"Replay:Snechameleon","floor":23,"turns":1},{"damage":5,"enemies":"Cultist and Chosen","floor":30,"turns":5},{"damage":0,"enemies":"conspire:MimicChest","floor":31,"turns":1},{"damage":32,"enemies":"Centurion and Healer","floor":32,"turns":9},{"damage":0,"enemies":"Pondfish","floor":35,"turns":4},{"damage":37,"enemies":"3 Shapes","floor":37,"turns":3},{"damage":8,"enemies":"3 Darklings","floor":39,"turns":5},{"damage":0,"enemies":"Maw","floor":41,"turns":1},{"damage":1826,"enemies":"Nemesis","floor":43,"turns":12},{"damage":175,"enemies":"Sphere and 2 Shapes","floor":46,"turns":4},{"damage":0,"enemies":"R_Hoarder","floor":47,"turns":1},{"damage":84,"enemies":"4 Shapes","floor":49,"turns":4},{"damage":0,"enemies":"conspire:OrnateMirror","floor":52,"turns":1}],"seed_played":"3486904573536853234","potions_obtained":[{"floor":1,"key":"AttackPotion"},{"floor":2,"key":"SkillPotion"},{"floor":12,"key":"ZuzhouPotion:ReiMu"},{"floor":13,"key":"Adrenaline Potion"},{"floor":14,"key":"Languid Potion"},{"floor":18,"key":"Block Potion"},{"floor":22,"key":"Dexterity Potion"},{"floor":30,"key":"Energy Potion"},{"floor":31,"key":"SpeedPotion"},{"floor":37,"key":"Energy Potion"},{"floor":43,"key":"ZuzhouPotion:ReiMu"},{"floor":46,"key":"SkillPotion"},{"floor":48,"key":"potionbrewer:BoundlessPotion"},{"floor":48,"key":"jedi:holywater"},{"floor":49,"key":"potionbrewer:CleansingPotion"}],"is_trial":false,"path_per_floor":["M","M","$","M","?","M","R","?","T","E","$","M","M","M","R","B",null,"M","M","M","?","M","E","$","R","T","$","PTL","PTL","M","?","M","?","R","B",null,"M","$","M","?","M","R","E","$","T","M","E","?","M","R","R","B",null],"character_chosen":"THE_DEFAULT","items_purchased":["AT_BladeRuinedKing","MostiFishMod:AdaptiveDefenses","ClockworkSouvenir","PreservedInsect","Dream Catcher","construct:RocketBooster","theMarked:BanishingWave+1","theMarked:ChainLightning","theMarked:MysticalArsenal","HowToJump","Dota2Spire:BladeMail","theMarked:Winder","AT_Manta","jedi:angrymask","theMarked:ContemptForTheProud","theMarked:BanishingWave","AT_EmpoweredMortalDraw","theMarked:EmpowerWeapon","theMarked:ComboAttacks","Technique","LastBattle","Ginger","potionbrewer:Torch","Replay:Wax Seal","Toolbox","DollysMirror","REME_BuildACard","testmod-Provocation","theMarked:SwordAndMagic","theMarked:HeritageOfTheMarked","theMarked:EmpowerWeapon","theMarked:Parkour","theMarked:Polarize+1","Chemical X","SumBook","AT_SilvercatRing","vexMod:TimeEaterHat","testmod-Antiphasic","MostiFishMod:Kaleido","Replay:Parry","theMarked:StartUp","theMarked:Electrocute","RottenBaby","MyShadow","MegaBlast","theMarked:SummonStrength","theMarked:SelfDefenseTraining","theMarked:Defy","testmod-PerfectCombo","MostiFishMod:Mottled","AT_RabadonDeathcap","vexMod:RetaliationKit","Dota2Spire:MagicBottle","conspire:Boomerang","Membership Card","HandDrill","Poisoned Strike","theMarked:Parkour","theMarked:TunnelVision","PlaceholderMod:DaolothFragment","Blue Doll","testmod-Maize","Letter Opener","SynthV","REME_HeartOfCthun","testmod-PerfectCombo","theMarked:Frustration+1","theMarked:ResourceFulStrike"],"campfire_rested":0,"item_purchase_floors":[3,3,3,3,3,3,3,3,3,11,11,11,11,11,11,11,11,11,11,11,24,24,24,24,24,24,24,24,24,24,24,24,24,27,27,27,27,27,27,27,27,27,36,36,36,36,36,36,36,36,38,38,38,38,38,38,38,38,38,44,44,44,44,44,44,44,44,44],"current_hp_per_floor":[70,47,47,48,48,13,13,78,78,78,78,78,78,602,602,2339,3253,3253,3799,4929,4929,4939,4939,4939,4939,4939,4939,4939,4939,6397,6420,8289,8268,8268,8307,8233,10478,10478,11347,10211,11367,11367,12492,12492,12492,16154,16226,16226,21103,21103,21103,21152],"gold":999995216,"neow_bonus":"BOSS_RELIC","is_daily":false,"chose_seed":false,"campfire_upgraded":4,"win_rate":0.0,"timestamp":1610503652,"path_taken":["M","M","$","M","?","M","R","?","T","E","$","M","?","M","R","BOSS","M","M","M","?","M","E","$","R","T","$","PTL","PTL","M","?","?","?","R","BOSS","M","$","M","?","?","R","E","$","T","M","E","?","M","?","R","BOSS"],"items_purchased_type":["Relic","Relic","Relic","Relic","Relic","Relic","Card","Card","Card","Relic","Relic","Relic","Relic","Relic","Card","Card","Card","Card","Card","Relic","Relic","Relic","Relic","Relic","Relic","Relic","Card","Card","Card","Card","Card","Card","Card","Relic","Relic","Relic","Relic","Relic","Card","Card","Card","Card","Relic","Relic","Relic","Card","Card","Card","Card","Card","Relic","Relic","Relic","Relic","Relic","Relic","Card","Card","Card","Relic","Relic","Relic","Relic","Relic","Card","Card","Card","Card"],"build_version":"2020-12-22","purchased_purges":7,"victory":true,"max_hp_per_floor":[70,70,70,70,70,70,70,78,78,78,78,80,84,617,617,3253,3253,3253,4142,4929,4929,4939,4939,4939,4939,4939,4939,4939,4939,6529,6529,8318,8318,8318,8318,8233,10751,10751,11367,11367,11367,11367,14914,14914,14914,16594,16594,16594,21923,21923,21923,21923],"card_choices":[{"not_picked":[],"picked":"Bomb","floor":0},{"not_picked":["theMarked:Parry","theMarked:Convert"],"picked":"theMarked:TakeOffHeels","floor":1},{"not_picked":["theMarked:Aftermath","theMarked:RepellingDischarge","theMarked:Generate","theMarked:Indomitable"],"picked":"theMarked:StartUp","floor":2},{"not_picked":["theMarked:StartUp","theMarked:Static","theMarked:SelfDefenseTraining","theMarked:Overthink"],"picked":"theMarked:SummonStrength","floor":4},{"not_picked":["theMarked:RepellingDischarge","theMarked:Opportunist","theMarked:ResourceFulStrike","theMarked:SwordAndMagic"],"picked":"Bomb","floor":6},{"not_picked":["theMarked:Frustration","theMarked:MaelstromOfLightning","theMarked:WardOff","theMarked:Parry"],"picked":"theMarked:HeritageOfTheMarked","floor":8},{"not_picked":["theMarked:EnhanceMovement","theMarked:HeightenedSenses","theMarked:SuspiciousRaven","theMarked:HeritageOfTheMarked"],"picked":"theMarked:ElectricStrings","floor":10},{"not_picked":["theMarked:Aftermath","theMarked:RepellingDischarge","theMarked:Generate","theMarked:ElectricStrings"],"picked":"theMarked:EmpowerWeapon","floor":12},{"not_picked":["theMarked:Electrify","theMarked:HeightenedSenses","theMarked:EmpowerWeapon","theMarked:EnhanceMovement"],"picked":"theMarked:BanishingStrike","floor":13},{"not_picked":["theMarked:EnhanceMovement","theMarked:Overthink","theMarked:HeightenedSenses","theMarked:ChainLightning"],"picked":"theMarked:SwordAndMagic","floor":14},{"not_picked":["PrismaMod:ChloeAnyUncommonTrace","testmod-DisillusionmentEcho","maniac:ReachVictory","MostiFishMod:DisColor"],"picked":"potionbrewer:BeatDown","floor":16},{"not_picked":["Decade_Dash1+1","Runesmith:CraftReservo+1","stsjorbsmod:Channel+1","bard:Sift"],"picked":"alterego_mod:BiFurious","floor":18},{"not_picked":["theForsaken:StoreUp","Deep Breath+1","Guardian:Harden","animator:DolaRiku"],"picked":"Guardian:WalkerClaw+1","floor":19},{"not_picked":["PrismaMod:MiyuEvokeBuffStr","PrismaMod:MiyuEvokeBuffDex","champ:BerserkersShout","theHeart:QuickBite"],"picked":"theForsaken:ShieldCharge","floor":20},{"not_picked":["ClowCardTheSand","alterego_mod:GachaTicket","stsjorbsmod:Phantasm","Slimebound:GrowthPunch+1"],"picked":"TheCursedMod:RavingStaff","floor":22},{"not_picked":["PrismaMod:MiyuUberDefend","stsjorbsmod:ChatteringStrike","maniac:StormOfTime","sneckomod:UnknownClassNOVA_BLUE"],"picked":"Streamline+1","floor":23},{"not_picked":["MostiFishMod:StarOceanB","bard:MantleOfInspiration","hermit:Roulette","AdministrixMod:LightOfYourLife"],"picked":"UnarmedAttack1+1","floor":30},{"not_picked":["rmod:fuelsupply","sneckomod:UnknownEthereal","PokerPlayerMod:ClubStrike","stsjorbsmod:Firebolt"],"picked":"PlaceholderMod:SpinBlade","floor":31},{"not_picked":["animator:Verdia+1","SnafuTest:NoPass","potionbrewer:Experimentation","UniversalSpiritual:ReiMu"],"picked":"NovaMod:Thor","floor":32},{"not_picked":["theHeart:SpireSpear","Koishi:RuptureMind","animator:TakanashiRikka","MostiFishMod:Unraveling"],"picked":"RobotSpaceExplorer:HighVoltage","floor":35},{"not_picked":["AT_DarkMatter","RobotSpaceExplorer:SlimeMissile","alterego_mod:Belts","bard:BucklerBash"],"picked":"NovaMod:PenetratingBlast","floor":37},{"not_picked":["theHeart:PainfulStabs","TheSimpletonMod:ControlledBurn","champ:DeathBlow+1","Buffer"],"picked":"rmod:intelligenceanalysis","floor":39},{"not_picked":["ats:Assault Order","maniac:PerceiveDanger+1","Flex+1","hermit:Horror+1"],"picked":"BattleHymn","floor":41},{"not_picked":["Sentinel+1","MariMod:Mari_Old_Costume+1","potionbrewer:PortableLab","RobotSpaceExplorer:DoubleBlock+1"],"picked":"Limit Break","floor":43},{"not_picked":["Slimebound:LeechingTouch+1","ClowCardTheWave","TheSimpletonMod:SpiceUp","hexamod:RetreatToShadows+1"],"picked":"SnafuTest:Kick+1","floor":46},{"not_picked":["Flame Barrier","ats:Ambush","theForsaken:Backlash","AlertArray:ReiMu"],"picked":"REME_CRH","floor":47},{"not_picked":["KamenRideKiva+1","Stack+1","MariMod:Mari_Mic_Check","RobotSpaceExplorer:Counterblock","mysticmod:StyleChange+1"],"picked":"SKIP","floor":49}],"player_experience":72351,"relics_obtained":[{"floor":1,"key":"SynthV:TestCard"},{"floor":8,"key":"jedi:heavyjacket"},{"floor":8,"key":"testmod-OneHitWonder"},{"floor":9,"key":"potionbrewer:WarMedal"},{"floor":10,"key":"TuHaoJin"},{"floor":23,"key":"SteamSale"},{"floor":26,"key":"testmod-RealStoneCalender"},{"floor":31,"key":"potionbrewer:BottledElixir"},{"floor":34,"key":"jedi:firstaidkit"},{"floor":43,"key":"Anchor"},{"floor":43,"key":"PlaceholderMod:DeVermisMysteriis"},{"floor":45,"key":"DeathBook"},{"floor":47,"key":"testmod-ObsoleteBoomerang"},{"floor":47,"key":"jedi:arcanewood"}],"event_choices":[{"cards_removed":["MostiFishMod:HiddenBlade"],"damage_healed":0,"gold_gain":0,"player_choice":"Card Removal","damage_taken":0,"max_hp_gain":0,"max_hp_loss":0,"event_name":"The Cleric","floor":5,"gold_loss":50},{"damage_healed":0,"gold_gain":0,"player_choice":"Fight","damage_taken":0,"max_hp_gain":0,"max_hp_loss":0,"event_name":"HidenRoomEvent","floor":8,"gold_loss":0},{"damage_healed":0,"gold_gain":0,"player_choice":"Ignored","damage_taken":1136,"max_hp_gain":0,"max_hp_loss":0,"event_name":"恩洛斯的盘子","floor":40,"gold_loss":0},{"damage_healed":0,"gold_gain":0,"player_choice":"Got Potions","damage_taken":0,"max_hp_gain":0,"max_hp_loss":0,"event_name":"Lab","floor":48,"gold_loss":0},{"damage_healed":0,"gold_gain":0,"player_choice":"Upgraded","damage_taken":0,"max_hp_gain":0,"max_hp_loss":0,"event_name":"Upgrade Shrine","floor":51,"gold_loss":0,"cards_upgraded":["NovaMod:PenetratingBlast"]}],"is_beta":false,"boss_relics":[{"not_picked":["testmod-TimeTraveler","vexMod:FluxCapacitor"],"picked":"aspiration:RunicSpoon"},{"not_picked":[]},{"not_picked":["TakeMeEscape","EE1DDrone"],"picked":"Black Star"},{"not_picked":[]}],"items_purged_floors":[3,3,11,24,27,38,44],"is_endless":false,"potions_floor_spawned":[1,2,12,13,14,18,22,30,31,37,43,46,49],"ascension_level":0}}