{"host":"mai03x2ekbjy4059","time":1610576038,"event":{"mods":["2.2 Compatiblity","BaseMod","DeckTracker","Highlight Path","Keyboard Shortcuts","Minty Spire (QoL Compilation)","Permanent Neow","Quick Restart","SuperFastMode","everything is the same but u backflip on backflip"],"gold_per_floor":[113,113,133,145,161,193,209,209,209],"floor_reached":8,"language":"KOR","playtime":321,"items_purged":[],"score":111,"play_id":"13b21612-62e9-4240-8913-23ba2c2065c3","local_time":"20210114071358","is_ascension_mode":true,"campfire_choices":[],"circlet_count":0,"master_deck":["AscendersBane","Strike_P","Strike_P","Strike_P","Strike_P","Defend_P","Defend_P","Defend_P","Eruption","Vigilance","FlurryOfBlows","Adaptation","Adaptation"],"relics":["PureWater","Gambling Chip","Damaru"],"acts_visited":["Exordium"],"potions_floor_usage":[],"damage_taken":[{"damage":2.0,"enemies":"Jaw Worm","floor":1.0,"turns":6.0},{"damage":0.0,"enemies":"Cultist","floor":3.0,"turns":2.0},{"damage":1.0,"enemies":"2 Louse","floor":4.0,"turns":3.0},{"damage":11.0,"enemies":"Large Slime","floor":5.0,"turns":4.0},{"damage":40.0,"enemies":"3 Sentries","floor":6.0,"turns":7.0},{"damage":4.0,"enemies":"Looter","floor":7.0,"turns":3.0},{"damage":54,"enemies":"Lagavulin","floor":8,"turns":7}],"seed_played":"-3541666898646610092","potions_obtained":[{"floor":1.0,"key":"Explosive Potion"},{"floor":5.0,"key":"FairyPotion"}],"is_trial":false,"path_per_floor":["M","?","M","M","M","E","M","E"],"character_chosen":"WATCHER","items_purchased":[],"campfire_rested":0,"item_purchase_floors":[],"current_hp_per_floor":[41,41,41,40,29,20,16,0,0],"gold":209,"neow_bonus":"ONE_RARE_RELIC","is_daily":false,"chose_seed":false,"campfire_upgraded":0,"win_rate":0.0,"timestamp":1610576038,"path_taken":["M","?","?","M","M","E","M","E"],"items_purchased_type":[],"build_version":"2020-12-22","purchased_purges":0,"victory":false,"max_hp_per_floor":[68,68,68,68,68,68,68,68,68],"card_choices":[{"not_picked":["Worship","ThirdEye","SashWhip"],"picked":"SKIP","floor":1.0},{"not_picked":["BattleHymn","BowlingBash"],"picked":"FlurryOfBlows","floor":3.0},{"not_picked":["SignatureMove","EmptyFist"],"picked":"Adaptation","floor":4.0},{"not_picked":["EmptyFist","SandsOfTime","Worship"],"picked":"SKIP","floor":5.0},{"not_picked":["FlyingSleeves","Wireheading","Conclude"],"picked":"SKIP","floor":6.0},{"not_picked":["Protect","FlurryOfBlows"],"picked":"Adaptation","floor":7.0}],"player_experience":1088807,"relics_obtained":[{"floor":6.0,"key":"Damaru"}],"event_choices":[{"cards_removed":["Defend_P"],"damage_healed":0.0,"max_hp_gain":0.0,"max_hp_loss":0.0,"gold_gain":0.0,"event_name":"Purifier","player_choice":"Purged","floor":2.0,"gold_loss":0.0,"damage_taken":0.0}],"is_beta":false,"boss_relics":[],"items_purged_floors":[],"is_endless":false,"potions_floor_spawned":[1,5],"killed_by":"Lagavulin","ascension_level":17}}