{"host":"oigynbtg272c19pw","time":1610557794,"event":{"mods":["BaseMod","Colored Map","Minty Spire (QoL Compilation)","Relic Stats","StSLib"],"gold_per_floor":[113,124,199,81,96,96,131,131,131,131,131],"floor_reached":10,"playtime":298,"items_purged":["Strike_R"],"score":132,"play_id":"033dc7b6-b88e-426b-9824-facfa6075945","local_time":"20210113180954","is_ascension_mode":true,"campfire_choices":[{"data":"Fiend Fire","floor":6.0,"key":"SMITH"},{"data":"Shrug It Off","floor":8.0,"key":"SMITH"}],"circlet_count":0,"master_deck":["AscendersBane","Strike_R","Strike_R","Strike_R","Strike_R","Defend_R","Defend_R","Defend_R","Defend_R","Bash","Fiend Fire+1","Shrug It Off+1","Spot Weakness","Inflame","Dark Embrace","Seeing Red"],"relics":["Burning Blood","Magic Flower","Incense Burner"],"acts_visited":["Exordium"],"potions_floor_usage":[10],"damage_taken":[{"damage":4.0,"enemies":"Small Slimes","floor":1.0,"turns":4.0},{"damage":6.0,"enemies":"2 Louse","floor":2.0,"turns":3.0},{"damage":11.0,"enemies":"Jaw Worm","floor":5.0,"turns":4.0},{"damage":19.0,"enemies":"Lagavulin","floor":7.0,"turns":6.0},{"damage":29,"enemies":"3 Sentries","floor":10,"turns":4}],"seed_played":"2309109220805117171","potions_obtained":[{"floor":2.0,"key":"Dexterity Potion"}],"is_trial":false,"path_per_floor":["M","M","?","$","M","R","E","R","T","E"],"character_chosen":"IRONCLAD","items_purchased":["Inflame"],"campfire_rested":0,"item_purchase_floors":[4],"current_hp_per_floor":[52,52,41,41,36,36,23,23,23,0,0],"gold":131,"neow_bonus":"THREE_RARE_CARDS","is_daily":false,"chose_seed":false,"campfire_upgraded":2,"win_rate":0.0,"timestamp":1610557794,"path_taken":["M","M","?","$","M","R","E","R","T","E"],"items_purchased_type":["Card"],"build_version":"2020-12-13","purchased_purges":1,"victory":false,"max_hp_per_floor":[75,75,75,75,75,75,75,75,75,75,75],"relic_stats":{"counters":[5,21],"Magic Flower":[0],"obtain_stats":[{"Magic Flower":7,"Incense Burner":9,"Burning Blood":0},{"Magic Flower":4,"Incense Burner":4,"Burning Blood":0},{"Magic Flower":17,"Incense Burner":17,"Burning Blood":0}],"Burning Blood":24},"card_choices":[{"not_picked":["Berserk","Exhume"],"picked":"Fiend Fire","floor":0.0},{"not_picked":["Headbutt","Thunderclap"],"picked":"Shrug It Off","floor":1.0},{"not_picked":["Havoc","Heavy Blade"],"picked":"Spot Weakness","floor":2.0},{"not_picked":["Iron Wave","Reckless Charge"],"picked":"Dark Embrace","floor":5.0},{"not_picked":["Havoc","Thunderclap"],"picked":"Seeing Red","floor":7.0}],"player_experience":1379346,"relics_obtained":[{"floor":7.0,"key":"Magic Flower"},{"floor":9.0,"key":"Incense Burner"}],"event_choices":[{"damage_healed":0.0,"max_hp_gain":0.0,"max_hp_loss":0.0,"gold_gain":75.0,"event_name":"World of Goop","player_choice":"Gather Gold","floor":3.0,"gold_loss":0.0,"damage_taken":11.0}],"is_beta":false,"boss_relics":[],"items_purged_floors":[4],"is_endless":false,"potions_floor_spawned":[2],"killed_by":"3 Sentries","ascension_level":20}}