{"host":"0cm5wy4nhuju7tij","time":1610566951,"event":{"mods":["100% Spire Juice","2.2 Compatiblity","AchievementEnabler","Aspiration","BaseMod","Better Third Choice","BetterRewards","CCEM","CapriCore","Chen","Colored Powertips","Curses Come First","Custom Start","Displayed Cursed Tome","Downfall","Energized Spire","Evolution","Filter the Spire","Fireblade Mod","Highlight Path","Jess\u0027s Bottle","Minty Spire (QoL Compilation)","Onozuka Komachi Mod","Permanent Neow","Relic Stats","Shop Mod","Spicy Shops","StSLib","The Caster","The Cursed","The Fake Hero","The Juggle","The Sage","TheFirefly","thorton"],"gold_per_floor":[179,191,206,206,224,224,236,236,236,253,25,59,59,84,84,183,183,195,195,195],"floor_reached":19,"language":"ENG","playtime":1688,"items_purged":["sagemod:Strike"],"score":179,"play_id":"6c6c0f94-d88c-4cc9-b627-638369ceecec","local_time":"20210113144231","is_ascension_mode":false,"campfire_choices":[{"data":"sagemod:Burning_Flask","floor":6,"key":"SMITH"},{"data":"sagemod:Upwards","floor":8,"key":"SMITH"},{"floor":13,"key":"REST"},{"floor":15,"key":"REST"}],"circlet_count":0,"master_deck":["sagemod:Strike","sagemod:Strike","sagemod:Strike","sagemod:Defend","sagemod:Defend","sagemod:Defend","sagemod:Defend","sagemod:Fly","sagemod:Upwards+1","sagemod:Pincer_Repair","sagemod:Ambition","sagemod:Grounded_Strike","sagemod:Burning_Flask+1","sagemod:Fire_Brew","sagemod:How_To_Poke_At_Slimes","sagemod:Grounded_Strike","sagemod:Crank","sagemod:Vigorous_Body","sagemod:About_Clark+1"],"relics":["sagemod:Flying_Carpet","EVO:Axolotl","aspiration:Nostalgia","Chen:Catnip","Omamori","Lantern","Meat on the Bone","Kunai","aspiration:WatcherSkillbook"],"acts_visited":["Exordium","TheCity"],"potions_floor_usage":[],"damage_taken":[{"damage":0,"enemies":"2 Louse","floor":1,"turns":3},{"damage":7,"enemies":"Small Slimes","floor":2,"turns":6},{"damage":5,"enemies":"Cultist","floor":3,"turns":5},{"damage":8,"enemies":"Blue Slaver","floor":5,"turns":6},{"damage":0,"enemies":"2 Fungi Beasts","floor":7,"turns":1},{"damage":0,"enemies":"Looter","floor":10,"turns":3},{"damage":12,"enemies":"3 Sentries","floor":12,"turns":7},{"damage":10,"enemies":"Gremlin Nob","floor":14,"turns":4},{"damage":20,"enemies":"Slime Boss","floor":16,"turns":14},{"damage":31,"enemies":"Shell Parasite","floor":18,"turns":17},{"damage":31,"enemies":"Chosen","floor":19,"turns":8}],"seed_played":"-8520922496054264922","potions_obtained":[{"floor":5,"key":"Dexterity Potion"},{"floor":7,"key":"SpeedPotion"},{"floor":12,"key":"Strength Potion"},{"floor":16,"key":"Dexterity Potion"}],"is_trial":false,"path_per_floor":["M","M","M","?","M","R","M","R","T","M","$","E","R","E","R","B",null,"M","M"],"character_chosen":"THE_SAGE","items_purchased":["Lantern"],"campfire_rested":2,"item_purchase_floors":[11],"current_hp_per_floor":[50,43,38,38,30,30,30,30,30,30,30,18,33,35,50,30,50,31,0,0],"gold":195,"neow_bonus":"NOSTALGIA","is_daily":false,"chose_seed":false,"campfire_upgraded":2,"win_rate":0.0,"timestamp":1610566951,"path_taken":["M","M","M","?","M","R","M","R","T","M","$","E","R","E","R","BOSS","M","M"],"items_purchased_type":["Relic"],"build_version":"2020-12-22","purchased_purges":1,"victory":false,"max_hp_per_floor":[50,50,50,50,50,50,50,50,50,50,50,50,50,50,50,50,50,50,50,50],"relic_stats":{"counters":[11,74],"Kunai":[4],"obtain_stats":[{"Lantern":11,"aspiration:Nostalgia":0,"Chen:Catnip":0,"aspiration:WatcherSkillbook":17,"Omamori":9,"EVO:Axolotl":0,"Kunai":14,"sagemod:Flying_Carpet":0,"Meat on the Bone":12},{"Lantern":6,"aspiration:Nostalgia":0,"Chen:Catnip":0,"aspiration:WatcherSkillbook":9,"Omamori":5,"EVO:Axolotl":0,"Kunai":8,"sagemod:Flying_Carpet":0,"Meat on the Bone":7},{"Lantern":24,"aspiration:Nostalgia":0,"Chen:Catnip":0,"aspiration:WatcherSkillbook":49,"Omamori":21,"EVO:Axolotl":0,"Kunai":35,"sagemod:Flying_Carpet":0,"Meat on the Bone":31}],"Meat on the Bone":24},"card_choices":[{"not_picked":["sagemod:Crank","sagemod:How_To_Warm_Elephants"],"picked":"sagemod:Pincer_Repair","floor":1},{"not_picked":["sagemod:Salty_Strike","sagemod:About_Clark"],"picked":"sagemod:Ambition","floor":2},{"not_picked":["sagemod:How_To_Charm_A_Sentry","sagemod:Fire_Brew"],"picked":"sagemod:Grounded_Strike","floor":3},{"not_picked":["sagemod:Perpetuum_Mobile","sagemod:Ambition"],"picked":"sagemod:Burning_Flask","floor":5},{"not_picked":["sagemod:How_To_Charm_A_Sentry","sagemod:How_To_Befriend_A_Turtle"],"picked":"sagemod:Fire_Brew","floor":7},{"not_picked":["sagemod:Energetic_Brew","sagemod:Swoop_Down"],"picked":"sagemod:How_To_Poke_At_Slimes","floor":10},{"not_picked":["sagemod:How_To_Warm_Elephants","sagemod:Fire_Brew"],"picked":"sagemod:Grounded_Strike","floor":12},{"not_picked":["sagemod:Fire_Brew","sagemod:Prey"],"picked":"sagemod:Crank","floor":14},{"not_picked":["sagemod:Shatter","sagemod:Accumulation"],"picked":"sagemod:Vigorous_Body","floor":16},{"not_picked":["Prostrate","Indignation+1","Fasting2"],"picked":"sagemod:About_Clark+1","floor":18}],"player_experience":231608,"relics_obtained":[{"floor":9,"key":"Omamori"},{"floor":12,"key":"Meat on the Bone"},{"floor":14,"key":"Kunai"}],"event_choices":[{"damage_healed":0,"gold_gain":0,"player_choice":"Ignored","damage_taken":206,"max_hp_gain":0,"max_hp_loss":0,"event_name":"betterThird:BetterSerpent","floor":4,"gold_loss":0}],"is_beta":false,"boss_relics":[{"not_picked":["aspiration:PoetsPen_weak","aspiration:RunicSpoon"],"picked":"aspiration:WatcherSkillbook"}],"items_purged_floors":[11],"is_endless":false,"potions_floor_spawned":[5,7,12,16],"killed_by":"Chosen","ascension_level":0}}