{"host":"x3q4ieql2tr7v8o6","time":1610543547,"event":{"mods":["BaseMod","Bestiary","Better Altar","Better Match","Better Note","Better Sensory Stone","Better Skull","Better Third Choice","Colored Map","Colored Powertips","Curses Come First","Minty Spire (QoL Compilation)","StSLib"],"gold_per_floor":[214,214,214,2,13,13,39,55,55,55,75,75,86,102,102,174,174,184,184,184],"floor_reached":19,"language":"ENG","playtime":451,"items_purged":["Regret"],"score":340,"play_id":"34f5479f-3d23-4f54-8e20-d1ab19170531","local_time":"20210113131227","is_ascension_mode":true,"campfire_choices":[{"data":"Body Slam","floor":6,"key":"SMITH"},{"data":"Inflame","floor":10,"key":"SMITH"},{"data":"Body Slam","floor":12,"key":"SMITH"},{"data":"Inflame","floor":15,"key":"SMITH"}],"circlet_count":0,"master_deck":["AscendersBane","Strike_R","Strike_R","Strike_R+1","Strike_R","Strike_R","Defend_R","Defend_R+1","Defend_R+1","Defend_R+1","Bash","Inflame+1","Body Slam+1","Trip","Inflame+1","Whirlwind","Body Slam+1","Clash","Dual Wield","Feed","Corruption","Armaments+1"],"relics":["Burning Blood","Eternal Feather","Bottled Tornado","War Paint","Black Star"],"acts_visited":["Exordium","TheCity"],"potions_floor_usage":[7,14,16],"damage_taken":[{"damage":0,"enemies":"Small Slimes","floor":1,"turns":3},{"damage":0,"enemies":"Cultist","floor":5,"turns":3},{"damage":0,"enemies":"Lagavulin","floor":7,"turns":6},{"damage":1,"enemies":"2 Louse","floor":8,"turns":2},{"damage":6,"enemies":"Red Slaver","floor":11,"turns":4},{"damage":8,"enemies":"Blue Slaver","floor":13,"turns":2},{"damage":18,"enemies":"Large Slime","floor":14,"turns":2},{"damage":46,"enemies":"Hexaghost","floor":16,"turns":8},{"damage":55,"enemies":"2 Thieves","floor":18,"turns":5},{"damage":24,"enemies":"Chosen","floor":19,"turns":3}],"seed_played":"-8847997867488661714","potions_obtained":[{"floor":1,"key":"PowerPotion"},{"floor":8,"key":"BloodPotion"},{"floor":13,"key":"DuplicationPotion"},{"floor":14,"key":"HeartOfIron"},{"floor":16,"key":"CultistPotion"}],"is_trial":false,"path_per_floor":["M","?","?","$","M","R","E","M","T","R","M","R","M","M","R","B",null,"M","M"],"character_chosen":"IRONCLAD","items_purchased":["Body Slam","Trip"],"campfire_rested":0,"item_purchase_floors":[4,4],"current_hp_per_floor":[74,74,51,51,57,66,72,75,75,75,75,75,73,75,75,35,65,19,0,0],"gold":184,"neow_bonus":"HUNDRED_GOLD","is_daily":false,"chose_seed":false,"campfire_upgraded":4,"win_rate":0.0,"timestamp":1610543547,"path_taken":["M","?","?","$","M","R","E","M","T","R","M","R","M","M","R","BOSS","M","M"],"items_purchased_type":["Card","Card"],"build_version":"2020-12-22","purchased_purges":1,"victory":false,"max_hp_per_floor":[75,75,75,75,75,75,75,75,75,75,75,75,75,75,75,75,75,78,78,78],"card_choices":[{"not_picked":["Clothesline","Infernal Blade"],"picked":"Inflame","floor":1},{"not_picked":["Pommel Strike","True Grit"],"picked":"Inflame","floor":5},{"not_picked":["Clash","Offering"],"picked":"Whirlwind","floor":7},{"not_picked":["Warcry","Cleave"],"picked":"Body Slam","floor":8},{"not_picked":["True Grit","Anger"],"picked":"Clash","floor":11},{"not_picked":["True Grit","Perfected Strike"],"picked":"Dual Wield","floor":13},{"not_picked":["Carnage","True Grit"],"picked":"Feed","floor":14},{"not_picked":["Offering","Demon Form"],"picked":"Corruption","floor":16},{"not_picked":["Iron Wave","Headbutt+1"],"picked":"Armaments+1","floor":18}],"player_experience":712530,"relics_obtained":[{"floor":7,"key":"Bottled Tornado"},{"floor":9,"key":"War Paint"}],"event_choices":[{"damage_healed":0,"gold_gain":0,"player_choice":"Box","damage_taken":0,"relics_obtained":["Eternal Feather"],"max_hp_gain":0,"max_hp_loss":0,"event_name":"Big Fish","floor":2,"gold_loss":0,"cards_obtained":["Regret"]},{"damage_healed":74,"gold_gain":0,"player_choice":"Upgrade","damage_taken":23,"max_hp_gain":0,"max_hp_loss":75,"event_name":"betterThird:BetterShining","floor":3,"gold_loss":0,"cards_upgraded":["Defend_R","Strike_R"]}],"is_beta":false,"boss_relics":[{"not_picked":["Empty Cage","Ectoplasm"],"picked":"Black Star"}],"items_purged_floors":[4],"is_endless":false,"potions_floor_spawned":[1,8,13,14,16],"killed_by":"Chosen","ascension_level":15}}