{"host":"v5j5rnxu2olnd6jo","time":1610555589,"event":{"mods":["BaseMod","Custom Start","DeckTracker","Keyboard Shortcuts","Minty Spire (QoL Compilation)","Permanent Neow","Quick Restart","StSLib","SuperFastMode"],"gold_per_floor":[132,186,186,218,56,56,93,93,117,117,196,257,269,355,355,426,426,466,466,466,414,452,452,452,452],"floor_reached":24,"language":"KOR","playtime":710,"items_purged":["Strike_B"],"score":376,"play_id":"b67499eb-8523-410d-8620-773db769462a","local_time":"20210114013309","is_ascension_mode":true,"campfire_choices":[{"data":"Chaos","floor":6.0,"key":"SMITH"},{"data":"HandOfGreed","floor":8.0,"key":"SMITH"},{"floor":10.0,"key":"REST"},{"data":"Go for the Eyes","floor":15,"key":"SMITH"},{"data":"Coolheaded","floor":23,"key":"SMITH"}],"circlet_count":0,"master_deck":["AscendersBane","Zap","Dualcast","HandOfGreed+1","Gash","Conserve Battery","Chaos+1","Capacitor","Go for the Eyes+1","Undo","Coolheaded","Electrodynamics","Coolheaded+1","Electrodynamics","Reinforced Body","Core Surge","Skim","Loop","Loop","Hologram","Glacier"],"relics":["Cracked Core","Lantern","Regal Pillow","Odd Mushroom","Pandora\u0027s Box"],"acts_visited":["Exordium","TheCity"],"potions_floor_usage":[18,24],"damage_taken":[{"damage":9.0,"enemies":"Jaw Worm","floor":1.0,"turns":4.0},{"damage":7.0,"enemies":"Small Slimes","floor":2.0,"turns":4.0},{"damage":0.0,"enemies":"Cultist","floor":4.0,"turns":2.0},{"damage":11.0,"enemies":"Exordium Wildlife","floor":7.0,"turns":4.0},{"damage":16.0,"enemies":"The Mushroom Lair","floor":11.0,"turns":6.0},{"damage":6.0,"enemies":"2 Fungi Beasts","floor":12.0,"turns":5.0},{"damage":0.0,"enemies":"Blue Slaver","floor":13.0,"turns":3.0},{"damage":2,"enemies":"3 Louse","floor":14,"turns":7},{"damage":21,"enemies":"The Guardian","floor":16,"turns":13},{"damage":18,"enemies":"Spheric Guardian","floor":18,"turns":4},{"damage":8,"enemies":"3 Byrds","floor":22,"turns":2},{"damage":55,"enemies":"Gremlin Leader","floor":24,"turns":5}],"seed_played":"1045909006697357520","potions_obtained":[{"floor":1.0,"key":"SkillPotion"},{"floor":2.0,"key":"SkillPotion"},{"floor":12.0,"key":"Energy Potion"},{"floor":16,"key":"SteroidPotion"},{"floor":18,"key":"Regen Potion"}],"is_trial":false,"path_per_floor":["M","M","?","M","$","R","M","R","T","R","?","M","M","M","R","B",null,"M","?","?","$","M","R","E"],"character_chosen":"DEFECT","items_purchased":["Capacitor","Hologram"],"campfire_rested":1,"item_purchase_floors":[5,21],"current_hp_per_floor":[55,48,37,37,37,37,26,26,26,60,44,38,38,36,36,15,52,34,34,34,34,26,26,0,0],"gold":452,"neow_bonus":"RANDOM_COLORLESS_2","is_daily":false,"chose_seed":false,"campfire_upgraded":4,"win_rate":0.0,"timestamp":1610555589,"path_taken":["M","M","?","M","$","R","M","R","T","R","?","M","M","M","R","BOSS","M","?","?","$","M","R","E"],"items_purchased_type":["Card","Card"],"build_version":"2020-12-22","purchased_purges":1,"victory":false,"max_hp_per_floor":[64,64,64,64,64,64,64,64,64,64,64,64,64,64,64,64,64,64,64,64,64,64,64,64,64],"card_choices":[{"not_picked":["Secret Weapon","Magnetism"],"picked":"HandOfGreed","floor":0.0},{"not_picked":["Compile Driver","Force Field"],"picked":"Gash","floor":1.0},{"not_picked":["Rebound","Lockon"],"picked":"Conserve Battery","floor":2.0},{"not_picked":["Leap","Lockon"],"picked":"Chaos","floor":4.0},{"not_picked":["Cold Snap","Sweeping Beam","Darkness"],"picked":"SKIP","floor":7.0},{"not_picked":["Cold Snap","Stack"],"picked":"Go for the Eyes","floor":11.0},{"not_picked":["Gash","Sunder"],"picked":"Undo","floor":12.0},{"not_picked":["Static Discharge","Amplify","Darkness"],"picked":"SKIP","floor":13},{"not_picked":["Self Repair","Streamline"],"picked":"Coolheaded","floor":14},{"not_picked":["Creative AI","Seek"],"picked":"Electrodynamics","floor":16},{"not_picked":["Beam Cell+1","Redo"],"picked":"Loop","floor":18},{"not_picked":["Stack","Steam"],"picked":"Glacier","floor":22}],"player_experience":880345,"relics_obtained":[{"floor":9.0,"key":"Regal Pillow"},{"floor":11.0,"key":"Odd Mushroom"}],"event_choices":[{"damage_healed":0.0,"max_hp_gain":0.0,"max_hp_loss":0.0,"gold_gain":0.0,"event_name":"Scrap Ooze","player_choice":"Success","floor":3.0,"gold_loss":0.0,"damage_taken":11.0,"relics_obtained":["Lantern"]},{"damage_healed":0.0,"max_hp_gain":0.0,"max_hp_loss":0.0,"gold_gain":0.0,"event_name":"Mushrooms","player_choice":"Fought Mushrooms","floor":11.0,"gold_loss":0.0,"damage_taken":0.0},{"cards_removed":["Chaos"],"damage_healed":0,"gold_gain":0,"player_choice":"Elegance","damage_taken":0,"max_hp_gain":0,"max_hp_loss":0,"event_name":"Back to Basics","floor":19,"gold_loss":0},{"damage_healed":0,"gold_gain":0,"player_choice":"Ignored","damage_taken":0,"max_hp_gain":0,"max_hp_loss":0,"event_name":"Cursed Tome","floor":20,"gold_loss":0}],"is_beta":false,"boss_relics":[{"not_picked":["Calling Bell","Nuclear Battery"],"picked":"Pandora\u0027s Box"}],"items_purged_floors":[5],"is_endless":false,"potions_floor_spawned":[1,2,12,16,18],"killed_by":"Gremlin Leader","ascension_level":20}}