{"host":"cvi30shpqg1ukvbr","time":1610581707,"event":{"mods":["Act Like it!","BaseMod","Better Altar","Better Match","Better Note","Better Sensory Stone","Better Skull","Better Third Choice","Conspire","GifTheSpireLib","Hubris","Infinite Spire","Minty Spire (QoL Compilation)","Relic Stats","Replay The Spire","Shop Mod","Spicy Shops","StSLib","Stuff the Spire"],"gold_per_floor":[12,29,43,43,56,84,84,103,128,141,141,159,175,209,209,313,313,329,329,346,49,59,59,59,59,59,78,78,94,94,123,123,227,227,261,261,289,322,322,368,368,409,435,435,493,543,607,657,657,657,657,657,26,63,63],"floor_reached":56,"language":"ENG","playtime":2534,"items_purged":[],"score":1838,"play_id":"5843d78d-aef5-4d04-a4ad-f7d212b99664","local_time":"20210114084827","is_ascension_mode":true,"campfire_choices":[{"data":"Immolate","floor":7.0,"key":"SMITH"},{"data":"Entrench","floor":11.0,"key":"SMITH"},{"data":"Armaments","floor":15.0,"key":"SMITH"},{"floor":23.0,"key":"REST"},{"floor":25.0,"key":"REST"},{"data":"conspire:Banana","floor":28.0,"key":"SMITH"},{"data":"Body Slam","floor":30.0,"key":"SMITH"},{"data":"Body Slam","floor":32.0,"key":"SMITH"},{"floor":41,"key":"REST"},{"floor":44,"key":"RECALL"},{"data":"Barricade","floor":52,"key":"SMITH"}],"circlet_count":0,"master_deck":["conspire:GhostlyStrike","conspire:GhostlyStrike","conspire:GhostlyStrike","conspire:GhostlyStrike","conspire:GhostlyStrike","conspire:GhostlyDefend","conspire:GhostlyDefend","conspire:GhostlyDefend","conspire:GhostlyDefend","Bash","Headbutt","Carnage","Power Through","Shrug It Off","Immolate+1","Entrench+1","True Grit+1","Armaments+1","ReplayTheSpireMod:LeadingStrike","Inflame","Reaper","Inflame+1","conspire:Banana+1","Immolate","Body Slam+1","Body Slam+1","Feel No Pain","Barricade+1","Fire Breathing","Flex+1","Uppercut+1","hubris:InfiniteBlow+600","Second Wind","Pot Of Greed","Pot Of Greed","Pot Of Greed","StuffTheSpire:Resist","Shrug It Off+1","Parasite","Pot Of Greed","Disarm","Feel No Pain","Bloodletting"],"relics":["Burning Blood","FossilizedHelix","Tiny Chest","Vajra","Runic Cube","OrangePellets","Eternal Feather","ReplayTheSpireMod:TigerMarble","infinitespire:EvilPickle","Painkiller Herb","Ancient Tea Set","Simple Rune","Grinning Jar","hubris:SlimyHat","conspire:Boomerang","hubris:Towel","Replay:WaspNest","Magic Flower","hubris:ToyBattleship"],"acts_visited":["Exordium","TheCity","TheBeyond","TheEnding"],"potions_floor_usage":[55],"damage_taken":[{"damage":0.0,"enemies":"2 Louse","floor":1.0,"turns":2.0},{"damage":0.0,"enemies":"Jaw Worm","floor":2.0,"turns":2.0},{"damage":0.0,"enemies":"Cultist","floor":3.0,"turns":3.0},{"damage":0.0,"enemies":"Red Slaver","floor":5.0,"turns":3.0},{"damage":0.0,"enemies":"Replay:BlueRogue","floor":6.0,"turns":5.0},{"damage":0.0,"enemies":"Exordium Thugs","floor":8.0,"turns":3.0},{"damage":0.0,"enemies":"Blue Slaver","floor":10.0,"turns":2.0},{"damage":0.0,"enemies":"3 Louse","floor":12.0,"turns":4.0},{"damage":9.0,"enemies":"Gremlin Gang","floor":13.0,"turns":4.0},{"damage":13.0,"enemies":"Gremlin Nob","floor":14.0,"turns":5.0},{"damage":30.0,"enemies":"Fading Forest","floor":16.0,"turns":11.0},{"damage":24.0,"enemies":"3 Byrds","floor":18.0,"turns":5.0},{"damage":62.0,"enemies":"conspire:FuzzyDice","floor":20.0,"turns":7.0},{"damage":12.0,"enemies":"Centurion and Healer","floor":22.0,"turns":5.0},{"damage":6.0,"enemies":"conspire:HollyBat","floor":27.0,"turns":10.0},{"damage":14.0,"enemies":"Snake Plant","floor":29.0,"turns":4.0},{"damage":52.0,"enemies":"Book of Stabbing","floor":31.0,"turns":8.0},{"damage":71.0,"enemies":"Pondfish","floor":33.0,"turns":9.0},{"damage":0.0,"enemies":"Orb Walker","floor":35.0,"turns":6.0},{"damage":25,"enemies":"3 Darklings","floor":37,"turns":8},{"damage":0,"enemies":"Maw","floor":38,"turns":10},{"damage":54,"enemies":"Reptomancer","floor":40,"turns":5},{"damage":0,"enemies":"4 Shapes","floor":42,"turns":5},{"damage":0,"enemies":"Giant Head","floor":45,"turns":1},{"damage":0,"enemies":"Transient","floor":46,"turns":3},{"damage":43,"enemies":"Nemesis","floor":47,"turns":7},{"damage":18,"enemies":"Writhing Mass","floor":48,"turns":5},{"damage":32,"enemies":"Awakened One","floor":50,"turns":7},{"damage":0,"enemies":"Shield and Spear","floor":54,"turns":2},{"damage":46,"enemies":"The Heart","floor":55,"turns":5}],"seed_played":"-1722448181301692223","potions_obtained":[{"floor":3.0,"key":"SteroidPotion"},{"floor":5.0,"key":"Cursed Concoction"},{"floor":8.0,"key":"FearPotion"},{"floor":10.0,"key":"Strength Potion"},{"floor":16.0,"key":"PowerPotion"},{"floor":29.0,"key":"Doom Potion"},{"floor":33.0,"key":"BlessingOfTheForge"},{"floor":35.0,"key":"PowerPotion"},{"floor":42,"key":"BloodPotion"}],"is_trial":false,"path_per_floor":["M","M","M","?","M","E","R","M","T","M","R","M","M","E","R","B",null,"M","?","M","$","M","R","$","R","T","M","R","M","R","E","R","B",null,"?","T","?","?","?","E","T","?","T","T","E","?","E","?","T","B",null,"T","T","E","B",null],"character_chosen":"IRONCLAD","items_purchased":["conspire:Banana","OrangePellets","Immolate","Replay:WaspNest","Magic Flower","Feel No Pain"],"campfire_rested":3,"item_purchase_floors":[21,21,21,53,53,53],"current_hp_per_floor":[80,80,80,80,80,80,80,80,80,80,80,80,77,70,70,57,80,68,68,20,20,15,39,39,63,63,74,82,76,84,40,55,32,88,90,90,88,94,70,24,70,78,78,98,98,100,65,55,79,55,106,106,106,108,74],"gold":63,"neow_bonus":"ONE_RARE_RELIC","is_daily":false,"chose_seed":false,"campfire_upgraded":7,"win_rate":0.0,"timestamp":1610581707,"path_taken":["M","M","M","?","M","E","R","M","T","M","R","M","M","E","R","BOSS","M","?","M","$","M","R","?","R","T","M","R","?","R","E","R","BOSS","?","?","?","?","?","E","T","?","T","T","E","?","E","?","T","BOSS","T","T","E","BOSS"],"items_purchased_type":["Card","Relic","Card","Relic","Relic","Card"],"build_version":"2020-12-22","purchased_purges":0,"victory":true,"max_hp_per_floor":[80,80,80,80,80,80,80,80,80,80,80,80,80,80,80,80,80,80,80,80,80,81,81,81,81,81,82,82,84,84,86,86,88,88,90,90,92,94,94,96,96,98,98,98,98,100,102,104,104,106,106,106,106,108,110],"relic_stats":{"OrangePellets":[9],"counters":[30,156],"Magic Flower":[4],"Tiny Chest":1,"Eternal Feather":93,"obtain_stats":[{"Vajra":14,"Magic Flower":53,"Eternal Feather":26,"Painkiller Herb":34,"Replay:WaspNest":53,"hubris:SlimyHat":45,"conspire:Boomerang":47,"hubris:Towel":49,"Ancient Tea Set":36,"Burning Blood":0,"infinitespire:EvilPickle":33,"OrangePellets":21,"Tiny Chest":6,"Simple Rune":40,"ReplayTheSpireMod:TigerMarble":31,"hubris:ToyBattleship":54,"Grinning Jar":43,"FossilizedHelix":0,"Runic Cube":17},{"Vajra":10,"Magic Flower":28,"Eternal Feather":14,"Painkiller Herb":18,"Replay:WaspNest":28,"hubris:SlimyHat":24,"conspire:Boomerang":26,"hubris:Towel":27,"Ancient Tea Set":19,"Burning Blood":0,"infinitespire:EvilPickle":18,"OrangePellets":13,"Tiny Chest":5,"Simple Rune":22,"ReplayTheSpireMod:TigerMarble":17,"hubris:ToyBattleship":29,"Grinning Jar":23,"FossilizedHelix":0,"Runic Cube":11},{"Vajra":33,"Magic Flower":149,"Eternal Feather":61,"Painkiller Herb":92,"Replay:WaspNest":149,"hubris:SlimyHat":127,"conspire:Boomerang":137,"hubris:Towel":142,"Ancient Tea Set":98,"Burning Blood":0,"infinitespire:EvilPickle":92,"OrangePellets":56,"Tiny Chest":15,"Simple Rune":121,"ReplayTheSpireMod:TigerMarble":83,"hubris:ToyBattleship":151,"Grinning Jar":126,"FossilizedHelix":0,"Runic Cube":44}],"Burning Blood":109,"Runic Cube":[86]},"card_choices":[{"not_picked":["Life Link","ReplayReversal"],"picked":"Headbutt","floor":1.0},{"not_picked":["Thunderclap","Run Through"],"picked":"Carnage","floor":2.0},{"not_picked":["hubris:CleavingFinish","hubris:ReadiedAction"],"picked":"Power Through","floor":3.0},{"not_picked":["Headbutt","Body Slam"],"picked":"Shrug It Off","floor":5.0},{"not_picked":["Twin Strike","Demonic Infusion"],"picked":"Immolate","floor":6.0},{"not_picked":["Perfected Strike","True Grit"],"picked":"Entrench","floor":8.0},{"not_picked":["Cleave","conspire:Charge"],"picked":"True Grit","floor":10.0},{"not_picked":["StuffTheSpire:Incineration","Flame Barrier"],"picked":"Armaments","floor":12.0},{"not_picked":["ReplayTheSpireMod:Strike From Hell","StuffTheSpire:BloodClot"],"picked":"ReplayTheSpireMod:LeadingStrike","floor":13.0},{"not_picked":["StuffTheSpire:BloodClot","ReplayTheSpireMod:Limb From Limb"],"picked":"Inflame","floor":14.0},{"not_picked":["StuffTheSpire:TitanForm","Exhume"],"picked":"Reaper","floor":16.0},{"not_picked":["Armaments","Clothesline"],"picked":"Inflame+1","floor":18.0},{"not_picked":["Warcry","hubris:ReadiedAction","Infernal Blade"],"picked":"SKIP","floor":20.0},{"not_picked":["Iron Wave","Run Through+1"],"picked":"Body Slam","floor":22.0},{"not_picked":["Anger+1","Cleave+1"],"picked":"Body Slam","floor":27.0},{"not_picked":["Rampage+1","Headbutt+1"],"picked":"Feel No Pain","floor":29.0},{"not_picked":["Perfected Strike","Rampage","Havoc"],"picked":"SKIP","floor":31.0},{"not_picked":["hubris:StunningStrike","Demon Form"],"picked":"Barricade","floor":33.0},{"not_picked":["Wild Strike+1","Reckless Charge"],"picked":"Fire Breathing","floor":35.0},{"not_picked":["Eclipse","hubris:ReadiedAction"],"picked":"Flex+1","floor":37},{"not_picked":["StuffTheSpire:RockThrow+1","Armaments"],"picked":"Uppercut+1","floor":38},{"not_picked":["infinitespire:Punishment","Replay:Fractal Strike"],"picked":"hubris:InfiniteBlow+600","floor":39},{"not_picked":["Reckless Charge","Havoc+1"],"picked":"Second Wind","floor":40},{"not_picked":["Clothesline","Perfected Strike+1","Cleave"],"picked":"SKIP","floor":42},{"not_picked":["ReplayTheSpireMod:Stacked","Wild Strike"],"picked":"StuffTheSpire:Resist","floor":45},{"not_picked":["Clothesline+1","Replay:Undeath\u0027s Touch+1"],"picked":"Shrug It Off+1","floor":46},{"not_picked":["Cleave+1","Iron Wave","Heavy Blade"],"picked":"SKIP","floor":47},{"not_picked":["Uppercut","StuffTheSpire:Resist+1"],"picked":"Disarm","floor":48},{"not_picked":["Rupture","Shrug It Off+1"],"picked":"Bloodletting","floor":54}],"player_experience":1798079,"relics_obtained":[{"floor":6.0,"key":"Tiny Chest"},{"floor":14.0,"key":"Vajra"},{"floor":26.0,"key":"Eternal Feather"},{"floor":31.0,"key":"ReplayTheSpireMod:TigerMarble"},{"floor":36.0,"key":"Ancient Tea Set"},{"floor":40,"key":"Simple Rune"},{"floor":43,"key":"Grinning Jar"},{"floor":45,"key":"hubris:SlimyHat"},{"floor":47,"key":"conspire:Boomerang"},{"floor":54,"key":"hubris:ToyBattleship"}],"event_choices":[{"damage_healed":0.0,"max_hp_gain":0.0,"max_hp_loss":0.0,"gold_gain":0.0,"event_name":"conspire:LoneGhost","player_choice":"Agree","floor":4.0,"gold_loss":0.0,"damage_taken":0.0},{"damage_healed":0.0,"max_hp_gain":0.0,"max_hp_loss":0.0,"gold_gain":0.0,"event_name":"Upgrade Shrine","player_choice":"Upgraded","floor":19.0,"gold_loss":0.0,"damage_taken":0.0,"cards_upgraded":["True Grit"]}],"is_beta":false,"boss_relics":[{"not_picked":["Honey Jar","Electric Blood"],"picked":"Runic Cube"},{"not_picked":["Snecko Eye","Runic Dome"],"picked":"Painkiller Herb"}],"items_purged_floors":[],"is_endless":false,"potions_floor_spawned":[3,5,8,10,16,20,29,31,33,35,42,46],"ascension_level":1}}