{"host":"3sy7znbn119ou4bz","time":1610509035,"event":{"mods":["Arknights The Spire","BaseMod","BetterRewards","Dio Mod","Energized Spire","Hermit","HexUI Lib","Hubris","Infinite Spire","JesterMod","KinomotoSakuraMod(????)","Luminous","Minty Spire (QoL Compilation)","Prisma Mod","Railgun Mod","Replay The Spire","Shop Mod","StSLib","The Construct","The Exalted","The Fake Hero","The Kombatant","TheHero","TheSwordswoman","vexMod"],"gold_per_floor":[113,67,67,67,83,111,60,92,92,92,92,110,125,153,153,252,252,272,282,298,317,43,77,77,91,144,155,172,172,172,172,172],"floor_reached":31,"language":"ENG","playtime":4188,"items_purged":["blazmod:Strike"],"score":352,"play_id":"57f1e40c-02b7-4b4f-ba0d-52f85d1628af","local_time":"20210112223715","is_ascension_mode":false,"campfire_choices":[{"data":"blazmod:StanceChange","floor":11,"key":"SMITH"},{"data":"blazmod:TrueOfHeart","floor":15,"key":"SMITH"},{"data":"1","floor":24,"key":"LIFT"},{"data":"blazmod:KatanaStrike","floor":29,"key":"SMITH"}],"circlet_count":0,"master_deck":["blazmod:Strike","blazmod:Strike","blazmod:Strike","blazmod:Defend","blazmod:Defend","blazmod:Defend","blazmod:Defend","blazmod:ButterflyEffect","blazmod:Kyokasuigetsu","blazmod:KatanaStrike+1","blazmod:Trasient","blazmod:BlindBlade","blazmod:StanceChange+1","blazmod:Lockswords","ReplayTheSpireMod:Trickstab","blazmod:Quickdraw","blazmod:TrueOfHeart+1","blazmod:ButterflyForm+1","CurseOfTheBell","blazmod:FlawlessDraw","blazmod:FancifulFlutter","blazmod:FleetOfFoot","blazmod:RevolvingPhoenix+1","infinitespire:UltimateForm","blazmod:DrippingWaterHollowsStone+1","blazmod:MindsEye+1","blazmod:KatanaStrike","infinitespire:FutureSight"],"relics":["blazmod:Venustas","hubris:Towel","ReplayTheSpireMod:Ring of Exchange","Ring of Misfortune","Blood Vial","Replay:Wax Seal","Mercury Hourglass","Golden Egg","Calling Bell","Lantern","Gremlin Horn","Replay:PocketPolymizer","MerchantsRug","Girya","vexMod:BarristanHead"],"acts_visited":["Exordium","TheCity"],"potions_floor_usage":[12,23,23,31,31],"damage_taken":[{"damage":0,"enemies":"2 Louse","floor":1,"turns":3},{"damage":2,"enemies":"Small Slimes","floor":5,"turns":2},{"damage":23,"enemies":"Lagavulin","floor":6,"turns":5},{"damage":4,"enemies":"Replay:BlueRogue","floor":8,"turns":6},{"damage":3,"enemies":"infinitespire:Voidling","floor":12,"turns":2},{"damage":0,"enemies":"Blue Slaver","floor":13,"turns":1},{"damage":0,"enemies":"Lagavulin","floor":14,"turns":6},{"damage":0,"enemies":"The Guardian","floor":16,"turns":11},{"damage":0,"enemies":"Shell Parasite","floor":18,"turns":6},{"damage":0,"enemies":"Chosen","floor":19,"turns":5},{"damage":10,"enemies":"Snecko","floor":20,"turns":5},{"damage":13,"enemies":"Cultist and Chosen","floor":21,"turns":7},{"damage":11,"enemies":"Nightmare","floor":23,"turns":8},{"damage":9,"enemies":"Snake Plant","floor":25,"turns":5},{"damage":0,"enemies":"Chosen and Byrds","floor":27,"turns":8},{"damage":0,"enemies":"Cultist and Chosen","floor":28,"turns":7},{"damage":28,"enemies":"Masked Bandits","floor":31,"turns":3}],"seed_played":"1544402861502823706","potions_obtained":[{"floor":5,"key":"GamblersBrew"},{"floor":6,"key":"Fire Potion"},{"floor":12,"key":"Elixir"},{"floor":13,"key":"Explosive Potion"},{"floor":19,"key":"DuplicationPotion"},{"floor":23,"key":"construct:ShiftPotion"},{"floor":27,"key":"EntropicBrew"}],"is_trial":false,"path_per_floor":["M","$","?","?","M","E","$","E","T","?","R","M","M","E","R","B",null,"M","M","M","M","$","NM","R","M","T","M","M","R","AVR","?"],"character_chosen":"THE_SWORDSWOMAN","items_purchased":["blazmod:Trasient","blazmod:StanceChange","MerchantsRug","blazmod:RevolvingPhoenix"],"campfire_rested":0,"item_purchase_floors":[2,7,22,22],"current_hp_per_floor":[44,44,44,44,42,19,19,17,17,17,17,16,18,20,20,22,44,44,44,34,23,23,14,14,7,7,9,11,11,11,0,0],"gold":172,"neow_bonus":"TEN_PERCENT_HP_BONUS","is_daily":false,"chose_seed":false,"campfire_upgraded":3,"win_rate":0.0,"timestamp":1610509035,"path_taken":["M","$","?","?","M","E","$","E","T","?","R","M","M","E","R","BOSS","M","M","M","M","$","NM","R","M","T","?","M","R","AVR","?"],"items_purchased_type":["Card","Card","Relic","Card"],"build_version":"2020-12-22","purchased_purges":1,"victory":false,"max_hp_per_floor":[44,44,44,44,44,44,44,44,44,44,44,44,44,44,44,44,44,44,44,44,44,44,44,44,44,44,44,44,44,44,44,44],"card_choices":[{"not_picked":["blazmod:Contingency","blazmod:MindsEye"],"picked":"blazmod:KatanaStrike","floor":1},{"not_picked":["blazmod:FlashRock","blazmod:ButterFlutter","blazmod:PureOfSoul"],"picked":"SKIP","floor":5},{"not_picked":["blazmod:DanceOfTheGods","blazmod:PhysicalEndurance"],"picked":"blazmod:BlindBlade","floor":6},{"not_picked":["blazmod:Trasient","blazmod:ButterFlutter","blazmod:Setsuna"],"picked":"SKIP","floor":8},{"not_picked":["blazmod:Contingency","blazmod:DrippingWaterHollowsStone"],"picked":"blazmod:Quickdraw","floor":12},{"not_picked":["blazmod:BlindBlade","blazmod:FortifiedVigor","blazmod:StanceChange"],"picked":"SKIP","floor":13},{"not_picked":["blazmod:VisionsOfButterflies","blazmod:HarmonyComplete"],"picked":"blazmod:TrueOfHeart","floor":14},{"not_picked":["blazmod:MindAtPeace","blazmod:EightLifePilgrimage"],"picked":"blazmod:ButterflyForm","floor":16},{"not_picked":["blazmod:Valiance+1","blazmod:PhysicalEndurance"],"picked":"blazmod:FlawlessDraw","floor":18},{"not_picked":["blazmod:Setsuna","blazmod:ApexLegends"],"picked":"blazmod:FancifulFlutter","floor":19},{"not_picked":["blazmod:MentalFocus","blazmod:FortifiedVigor","blazmod:FlawlessDraw"],"picked":"SKIP","floor":20},{"not_picked":["blazmod:QuickBlade","blazmod:ButterFlutter+1"],"picked":"blazmod:FleetOfFoot","floor":21},{"not_picked":["infinitespire:SealOfDarkness+","infinitespire:FutureSight"],"picked":"infinitespire:UltimateForm","floor":23},{"not_picked":["blazmod:FocusThroughFalls+1","blazmod:Trasient"],"picked":"blazmod:DrippingWaterHollowsStone+1","floor":23},{"not_picked":["blazmod:Valiance","blazmod:BoulderFlash+1"],"picked":"blazmod:MindsEye+1","floor":25},{"not_picked":["blazmod:FleetOfFoot","blazmod:FlyFlyAgain","blazmod:BladeOfEnlightenment+1"],"picked":"SKIP","floor":27},{"not_picked":["blazmod:SidewaySolace","blazmod:BoulderFlash+1"],"picked":"blazmod:KatanaStrike","floor":28}],"player_experience":18546,"relics_obtained":[{"floor":4,"key":"ReplayTheSpireMod:Ring of Exchange"},{"floor":4,"key":"Ring of Misfortune"},{"floor":6,"key":"Blood Vial"},{"floor":8,"key":"Replay:Wax Seal"},{"floor":9,"key":"Mercury Hourglass"},{"floor":14,"key":"Golden Egg"},{"floor":17,"key":"Lantern"},{"floor":17,"key":"Gremlin Horn"},{"floor":17,"key":"Replay:PocketPolymizer"},{"floor":23,"key":"Girya"},{"floor":26,"key":"vexMod:BarristanHead"}],"event_choices":[{"damage_healed":0,"gold_gain":0,"player_choice":"2 cards matched","damage_taken":0,"max_hp_gain":0,"max_hp_loss":0,"event_name":"Match and Keep!","floor":10,"gold_loss":0,"cards_obtained":["blazmod:Lockswords","ReplayTheSpireMod:Trickstab"]},{"damage_healed":0,"gold_gain":0,"player_choice":"2 cards matched","damage_taken":0,"max_hp_gain":0,"max_hp_loss":0,"event_name":"Match and Keep!","floor":10,"gold_loss":0,"cards_obtained":["blazmod:Lockswords","ReplayTheSpireMod:Trickstab"]},{"damage_healed":0,"gold_gain":0,"player_choice":"Fought Bandits","damage_taken":0,"max_hp_gain":0,"max_hp_loss":0,"event_name":"Masked Bandits","floor":31,"gold_loss":0}],"is_beta":false,"boss_relics":[{"not_picked":["Replay:Wanted Poster","hubris:Backtick"],"picked":"Calling Bell"}],"items_purged_floors":[22],"is_endless":true,"potions_floor_spawned":[5,6,12,13,19,20,23,27],"killed_by":"Masked Bandits","ascension_level":0}}