{"host":"uflv0e3ja7hvnij7","time":1610499746,"event":{"mods":["BaseMod","Better Altar","Better Match","Better Note","Better Sensory Stone","Better Skull","Better Third Choice","Marisa????????","Minty Spire (QoL Compilation)","Permanent Neow","Replay The Spire","StSLib"],"gold_per_floor":[216,216,65,78,98,98,128,183,183,183,196,214,239,259,259,361,361,379,454,354,367,381,381,407,407,434,460,191,218,218,228,228,331,331,343,193,103,113,123,599,343,343,394,701,1107,1119,1131,1143,1155,1167],"floor_reached":51,"language":"ENG","playtime":3041,"items_purged":["Strike_MRS","ReplayTheSpireMod:Splinters","UpSweep","DeepEcoloBomb+1","MasterSpark+1"],"score":1103,"play_id":"8d60828d-96e6-4f56-8bb7-6473964ae4eb","local_time":"20210112200226","is_ascension_mode":true,"campfire_choices":[{"data":"ChargingUp","floor":6,"key":"SMITH"},{"data":"MasterSpark","floor":10,"key":"SMITH"},{"data":"Defend_MRS","floor":15,"key":"SMITH"},{"data":"Strike_MRS","floor":23,"key":"SMITH"},{"floor":25,"key":"DIG"},{"data":"Strike_MRS","floor":30,"key":"SMITH"},{"data":"Strike_MRS","floor":32,"key":"SMITH"},{"data":"Robbery","floor":42,"key":"SMITH"},{"data":"Strike_MRS","floor":46,"key":"SMITH"},{"floor":49,"key":"DIG"}],"circlet_count":0,"master_deck":["Strike_MRS","Defend_MRS","MagicAbsorber","ChargingUp+1","EarthLightRay","EnergyRecoil","EnergyFlow+1","MilkyWay+1","AsteroidBelt+1","SporeBomb+1","Robbery+1"],"relics":["MiniHakkero","Simple Rune","PreservedInsect","Frozen Egg 2","Shovel","Kintsugi","Regal Pillow","Torii","Potion Belt","Pear","Art of War","Tiny Chest","Coffee Dripper","Replay:Wax Seal","Juzu Bracelet","MawBank","Replay:Ringing Soul","Boot"],"acts_visited":["Exordium","TheCity","TheBeyond"],"potions_floor_usage":[8,13,13,13,21,24,29,29,31,33,50],"damage_taken":[{"damage":1,"enemies":"Cultist","floor":1,"turns":3},{"damage":9,"enemies":"Jaw Worm","floor":4,"turns":4},{"damage":3,"enemies":"2 Louse","floor":5,"turns":3},{"damage":16,"enemies":"Gremlin Nob","floor":7,"turns":4},{"damage":0,"enemies":"Gremlin Nob","floor":8,"turns":2},{"damage":0,"enemies":"Looter","floor":11,"turns":2},{"damage":5,"enemies":"Lots of Slimes","floor":12,"turns":5},{"damage":8,"enemies":"3 Sentries","floor":13,"turns":5},{"damage":13,"enemies":"3 Louse","floor":14,"turns":4},{"damage":5,"enemies":"Slime Boss","floor":16,"turns":5},{"damage":12,"enemies":"Chosen","floor":18,"turns":3},{"damage":0,"enemies":"Shell Parasite","floor":21,"turns":2},{"damage":21,"enemies":"Snake Plant","floor":22,"turns":4},{"damage":6,"enemies":"Gremlin Leader","floor":24,"turns":4},{"damage":0,"enemies":"Book of Stabbing","floor":27,"turns":4},{"damage":7,"enemies":"Gremlin Leader","floor":29,"turns":3},{"damage":28,"enemies":"Chosen and Byrds","floor":31,"turns":6},{"damage":15,"enemies":"Champ","floor":33,"turns":6},{"damage":19,"enemies":"3 Shapes","floor":35,"turns":4},{"damage":1,"enemies":"Orb Walker","floor":38,"turns":2},{"damage":29,"enemies":"Transient","floor":39,"turns":5},{"damage":4,"enemies":"R_Hoarder","floor":40,"turns":8},{"damage":17,"enemies":"Spire Growth","floor":44,"turns":4},{"damage":0,"enemies":"Giant Head","floor":45,"turns":5},{"damage":13,"enemies":"Time Eater","floor":50,"turns":5}],"seed_played":"1525670102468081276","potions_obtained":[{"floor":4,"key":"Swift Potion"},{"floor":5,"key":"Weak Potion"},{"floor":11,"key":"SteroidPotion"},{"floor":12,"key":"ColorlessPotion"},{"floor":14,"key":"LiquidMemories"},{"floor":27,"key":"GamblersBrew"},{"floor":29,"key":"FearPotion"},{"floor":31,"key":"ShroomBrew"},{"floor":39,"key":"SteroidPotion"},{"floor":44,"key":"SkillPotion"}],"is_trial":false,"path_per_floor":["M","?","$","M","M","R","E","?","T","R","M","M","E","M","R","B",null,"M","?","$","M","M","R","E","R","T","E","$","E","R","M","R","B",null,"M","$","?","M","M","E","$","R","T","M","E","R","?","T","R","B",null],"character_chosen":"MARISA","items_purchased":["ChargingUp","Art of War","Robbery"],"campfire_rested":0,"item_purchase_floors":[3,28,41],"current_hp_per_floor":[74,74,74,65,66,66,54,58,58,58,58,57,53,44,44,43,75,67,60,60,64,47,47,45,45,45,59,59,56,56,32,32,21,85,66,66,66,69,44,48,48,48,48,35,39,39,39,39,39,30],"gold":1179,"neow_bonus":"HUNDRED_GOLD","is_daily":false,"chose_seed":false,"campfire_upgraded":8,"win_rate":0.0,"timestamp":1610499746,"path_taken":["M","?","$","M","M","R","E","?","T","R","M","M","E","M","R","BOSS","M","?","$","M","M","R","E","R","T","E","$","E","R","M","R","BOSS","M","$","?","M","?","E","$","R","T","M","E","R","?","?","R","BOSS"],"items_purchased_type":["Card","Relic","Card"],"build_version":"2020-12-22","purchased_purges":5,"victory":true,"max_hp_per_floor":[75,75,75,75,75,75,75,75,75,75,75,75,75,75,75,75,75,75,75,75,75,75,75,75,75,75,85,85,85,85,85,85,85,85,85,85,85,85,85,85,85,85,85,85,85,85,85,85,85,85],"card_choices":[{"not_picked":["WitchLeyline","GravityBeat"],"picked":"MagicAbsorber","floor":1},{"not_picked":["SporeBomb","ShootingEcho"],"picked":"EarthLightRay","floor":4},{"not_picked":["IllusionStar","PowerUp"],"picked":"PulseMagic","floor":5},{"not_picked":["ShootTheMoon","UnstableBomb","ManaConvection"],"picked":"SKIP","floor":7},{"not_picked":["IllusionStar","NonDirectionalLaser"],"picked":"EnergyRecoil","floor":8},{"not_picked":["BlazeAway","GrandCross"],"picked":"EnergyFlow+1","floor":11},{"not_picked":["BlazeAway","GasGiant","MysteriousBeam"],"picked":"SKIP","floor":12},{"not_picked":["BlazingStar","StarlightTyphoon","DC"],"picked":"SKIP","floor":13},{"not_picked":["OpenUniverse","ShootingEcho","LuminesStrike"],"picked":"SKIP","floor":14},{"not_picked":["AsteroidBelt","DarkMatter+1","IllusionStar"],"picked":"SKIP","floor":18},{"not_picked":["Acceleration","NonDirectionalLaser","6A"],"picked":"SKIP","floor":21},{"not_picked":["SporeBomb","StarlightTyphoon+1","MilkyWay"],"picked":"SKIP","floor":22},{"not_picked":["ShootingEcho","DoubleSpark+1"],"picked":"DeepEcoloBomb+1","floor":24},{"not_picked":["ShootingEcho","IllusionStar+1","LuminesStrike"],"picked":"SKIP","floor":27},{"not_picked":["RefractionSpark","BinaryStars","BigCrunch"],"picked":"SKIP","floor":29},{"not_picked":["ShootingEcho","GravityBeat+1","ManaConvection"],"picked":"SKIP","floor":31},{"not_picked":["AlicesGift","GravityBeat+1"],"picked":"MilkyWay+1","floor":35},{"not_picked":["SporeBomb","NonDirectionalLaser"],"picked":"AsteroidBelt+1","floor":38},{"not_picked":["GasGiant+1","NonDirectionalLaser"],"picked":"SporeBomb+1","floor":39},{"not_picked":["SporeBomb","6A+1","ShootingEcho+1"],"picked":"SKIP","floor":40},{"not_picked":["DarkMatter","AsteroidBelt","WitchOfGreed+1"],"picked":"SKIP","floor":44},{"not_picked":["ShootTheMoon","LuminesStrike+1","RefractionSpark+1"],"picked":"SKIP","floor":45}],"player_experience":565250,"relics_obtained":[{"floor":7,"key":"Simple Rune"},{"floor":9,"key":"Frozen Egg 2"},{"floor":13,"key":"Shovel"},{"floor":24,"key":"Regal Pillow"},{"floor":25,"key":"Torii"},{"floor":26,"key":"Potion Belt"},{"floor":27,"key":"Pear"},{"floor":29,"key":"Tiny Chest"},{"floor":40,"key":"Replay:Wax Seal"},{"floor":43,"key":"Juzu Bracelet"},{"floor":45,"key":"MawBank"},{"floor":48,"key":"Replay:Ringing Soul"},{"floor":49,"key":"Boot"}],"event_choices":[{"cards_removed":["Strike_MRS"],"damage_healed":0,"gold_gain":0,"player_choice":"Forget","damage_taken":0,"max_hp_gain":0,"max_hp_loss":0,"event_name":"Living Wall","floor":2,"gold_loss":0},{"damage_healed":0,"gold_gain":30,"player_choice":"Searched \u00273\u0027 times","damage_taken":0,"relics_obtained":["PreservedInsect"],"max_hp_gain":0,"max_hp_loss":0,"event_name":"Dead Adventurer","floor":8,"gold_loss":0},{"damage_healed":0,"gold_gain":75,"player_choice":"Touch","damage_taken":7,"max_hp_gain":0,"max_hp_loss":0,"event_name":"FaceTrader","floor":19,"gold_loss":0},{"cards_removed":["CommonCold"],"damage_healed":0,"gold_gain":0,"player_choice":"Upgrade and Remove","damage_taken":0,"max_hp_gain":0,"max_hp_loss":0,"event_name":"Designer","floor":37,"gold_loss":90,"cards_upgraded":["Defend_MRS"]}],"is_beta":false,"boss_relics":[{"not_picked":["Replay:Wanted Poster","SlaversCollar"],"picked":"Kintsugi"},{"not_picked":["Honey Jar","Calling Bell"],"picked":"Coffee Dripper"}],"items_purged_floors":[3,20,28,36,41],"is_endless":false,"potions_floor_spawned":[4,5,11,12,14,18,27,29,31,39,44],"ascension_level":2}}