{"host":"3oax8yz66k5njorr","time":1610509264,"event":{"mods":["AchievementEnabler","BaseMod","Colored Map","Colored Powertips","DeckTracker","Minty Spire (QoL Compilation)","Rare Cards Sparkle"],"gold_per_floor":[116,24,34,49,49,76,88,114,153,180,203,232,269,300,312,324,324],"floor_reached":16,"language":"KOR","playtime":820,"items_purged":[],"score":116,"play_id":"5a34433e-e84f-4045-b142-26c188ccb8d1","local_time":"20210113124104","is_ascension_mode":false,"campfire_choices":[{"data":"Bane","floor":7,"key":"SMITH"},{"floor":15,"key":"REST"}],"circlet_count":0,"master_deck":["Strike_G","Strike_G","Strike_G","Strike_G","Defend_G","Defend_G","Defend_G","Defend_G","Defend_G","Survivor","Neutralize","Blur","Quick Slash","Infinite Blades","Bane+1","Tactician","Expertise","Burst","Blade Dance","Dagger Throw","Poisoned Stab","PiercingWail"],"relics":["Ring of the Snake","MawBank","Nunchaku","Vajra"],"acts_visited":["Exordium"],"potions_floor_usage":[6,6,13,13,13],"damage_taken":[{"damage":3,"enemies":"Small Slimes","floor":1,"turns":4},{"damage":3,"enemies":"2 Louse","floor":3,"turns":2},{"damage":3,"enemies":"Jaw Worm","floor":4,"turns":4},{"damage":13,"enemies":"Gremlin Nob","floor":6,"turns":4},{"damage":5,"enemies":"Looter","floor":8,"turns":3},{"damage":7,"enemies":"3 Louse","floor":10,"turns":3},{"damage":0,"enemies":"Large Slime","floor":11,"turns":5},{"damage":4,"enemies":"Blue Slaver","floor":12,"turns":3},{"damage":14,"enemies":"Lagavulin","floor":13,"turns":6},{"damage":2,"enemies":"Looter","floor":14,"turns":3},{"damage":47,"enemies":"Hexaghost","floor":16,"turns":9}],"seed_played":"-8851589266709939241","potions_obtained":[{"floor":0,"key":"Fire Potion"},{"floor":0,"key":"GamblersBrew"},{"floor":0,"key":"CultistPotion"},{"floor":6,"key":"SteroidPotion"},{"floor":8,"key":"EssenceOfSteel"},{"floor":10,"key":"Regen Potion"}],"is_trial":false,"path_per_floor":["M","$","M","M","?","E","R","M","T","M","M","M","E","M","R","B"],"character_chosen":"THE_SILENT","items_purchased":["Quick Slash","Infinite Blades"],"campfire_rested":1,"item_purchase_floors":[2,2],"current_hp_per_floor":[67,67,64,61,54,41,41,36,36,29,29,25,26,24,45,0,0],"gold":324,"neow_bonus":"THREE_SMALL_POTIONS","is_daily":false,"chose_seed":false,"campfire_upgraded":1,"win_rate":0.0,"timestamp":1610509264,"path_taken":["M","$","M","M","?","E","R","M","T","M","M","M","E","M","R","BOSS"],"items_purchased_type":["Card","Card"],"build_version":"2020-12-22","purchased_purges":0,"victory":false,"max_hp_per_floor":[70,70,70,70,70,70,70,70,70,70,70,70,70,70,70,70,70],"card_choices":[{"not_picked":["Reflex","Bane"],"picked":"Blur","floor":1},{"not_picked":["Finisher","Prepared"],"picked":"Bane","floor":3},{"not_picked":["Deflect","Quick Slash"],"picked":"Tactician","floor":4},{"not_picked":["Reflex","Leg Sweep"],"picked":"Expertise","floor":6},{"not_picked":["Outmaneuver","Deadly Poison"],"picked":"Burst","floor":8},{"not_picked":["Outmaneuver","Well Laid Plans"],"picked":"Blade Dance","floor":10},{"not_picked":["Blade Dance","Quick Slash"],"picked":"Dagger Throw","floor":11},{"not_picked":["Flying Knee","Acrobatics","Sucker Punch"],"picked":"SKIP","floor":12},{"not_picked":["Quick Slash","Dagger Spray"],"picked":"Poisoned Stab","floor":13},{"not_picked":["Bullet Time","Noxious Fumes"],"picked":"PiercingWail","floor":14}],"player_experience":37882,"relics_obtained":[{"floor":6,"key":"MawBank"},{"floor":9,"key":"Nunchaku"},{"floor":13,"key":"Vajra"}],"event_choices":[{"cards_removed":["Strike_G"],"damage_healed":0,"gold_gain":0,"player_choice":"Card Removal","damage_taken":7,"max_hp_gain":0,"max_hp_loss":0,"event_name":"Golden Wing","floor":5,"gold_loss":0}],"is_beta":false,"boss_relics":[],"items_purged_floors":[],"is_endless":false,"potions_floor_spawned":[6,8,10,11],"killed_by":"Hexaghost","ascension_level":0}}