{"host":"idx45ym6aaecjhxr","time":1610567833,"event":{"mods":["BaseMod","Colored Powertips","Minty Spire (QoL Compilation)","Remilia£®¿Ÿ√◊¿Ú—«£©","noobMod"],"gold_per_floor":[117,127,146,29,29,64,78,47,93,144,157,175,185,185,185,288,288,304,320,196,196,196,225,250,250,250,265,265,290,302,65,65,160,160,177,190,202,220,236,236,250,75,75,86,117,117,117,117,117,117],"floor_reached":51,"language":"ZHS","playtime":3823,"items_purged":["Defend_RM","Strike_RM"],"score":750,"play_id":"2885a367-ed47-472a-b12d-89883f2b5bf8","local_time":"20210114035713","is_ascension_mode":false,"campfire_choices":[{"floor":15.0,"key":"RECALL"},{"data":"EquivalentExchange","floor":25.0,"key":"SMITH"},{"data":"BatForm","floor":28.0,"key":"SMITH"},{"data":"DemonKingCradle","floor":32.0,"key":"SMITH"},{"data":"CurseOfVladTepes","floor":40,"key":"SMITH"},{"data":"BloodRain","floor":46,"key":"SMITH"},{"data":"BatForm","floor":49,"key":"SMITH"}],"circlet_count":27,"master_deck":["Strike_RM","Strike_RM","Defend_RM","Defend_RM","Defend_RM","RedMoon","ScarletShoot","Stigmanizer","ScarletImprint","BombardNight+1","UnstableMagic","MastersStateliness","DiffusionOfMisfortune","RedNightlessCastle","BombardNight","BatForm+1","BloodHunter","EquivalentExchange+1","VampireKiss","BloodHunter","LeisurelyOfLord","BombardNight","Clumsy","Clumsy","NightDance+1","DemonKingCradle+1","NightDance+1","BatForm+1","CurseOfVladTepes+1","BombardNight+1","GlobalNightmare+1","MiserableFate+1","BloodRain+1","UltimateOffering+1"],"relics":["ScarletHat","ice","Circlet","Black Star","Mummified Hand","AntiCross"],"acts_visited":["Exordium","TheCity","TheBeyond"],"potions_floor_usage":[],"damage_taken":[{"damage":0.0,"enemies":"Cultist","floor":1.0,"turns":4.0},{"damage":9.0,"enemies":"2 Louse","floor":2.0,"turns":4.0},{"damage":1.0,"enemies":"Small Slimes","floor":3.0,"turns":4.0},{"damage":13.0,"enemies":"Lagavulin","floor":6.0,"turns":9.0},{"damage":0.0,"enemies":"Blue Slaver","floor":7.0,"turns":1.0},{"damage":0.0,"enemies":"Lots of Slimes","floor":8.0,"turns":1.0},{"damage":9.0,"enemies":"Looter","floor":11.0,"turns":1.0},{"damage":0.0,"enemies":"Blue Slaver","floor":12.0,"turns":3.0},{"damage":0.0,"enemies":"Large Slime","floor":13.0,"turns":5.0},{"damage":15.0,"enemies":"Hexaghost","floor":16.0,"turns":7.0},{"damage":0.0,"enemies":"3 Byrds","floor":18.0,"turns":2.0},{"damage":43.0,"enemies":"2 Thieves","floor":19.0,"turns":1.0},{"damage":8.0,"enemies":"3 Cultists","floor":20.0,"turns":5.0},{"damage":24.0,"enemies":"Book of Stabbing","floor":23.0,"turns":6.0},{"damage":8.0,"enemies":"Centurion and Healer","floor":27.0,"turns":3.0},{"damage":7.0,"enemies":"Gremlin Leader","floor":29.0,"turns":3.0},{"damage":4.0,"enemies":"Cultist and Chosen","floor":30.0,"turns":3.0},{"damage":36,"enemies":"Automaton","floor":33,"turns":12},{"damage":24,"enemies":"3 Darklings","floor":35,"turns":3},{"damage":25,"enemies":"3 Shapes","floor":36,"turns":4},{"damage":1,"enemies":"Sphere and 2 Shapes","floor":37,"turns":6},{"damage":18,"enemies":"3 Darklings","floor":38,"turns":6},{"damage":25,"enemies":"Jaw Worm Horde","floor":39,"turns":3},{"damage":0,"enemies":"Transient","floor":41,"turns":5},{"damage":15,"enemies":"Sphere and 2 Shapes","floor":44,"turns":2},{"damage":54,"enemies":"Giant Head","floor":45,"turns":5},{"damage":72,"enemies":"Donu and Deca","floor":50,"turns":5}],"seed_played":"8881010439811563403","potions_obtained":[{"floor":7.0,"key":"ColorlessPotion"},{"floor":8.0,"key":"Strength Potion"},{"floor":12.0,"key":"Energy Potion"},{"floor":14.0,"key":"FairyPotion"},{"floor":19.0,"key":"LiquidMemories"}],"is_trial":false,"path_per_floor":["M","M","M","$","?","E","M","M","T","?","M","M","M","?","R","B",null,"M","M","M","?","?","E","T","R","T","M","R","E","M","$","R","B",null,"M","M","M","M","M","R","M","$","T","M","E","R","$","?","R","B",null],"character_chosen":"REMILIA","items_purchased":["BombardNight","UnstableMagic","MastersStateliness","BatForm","BloodRain"],"campfire_rested":0,"item_purchase_floors":[4,4,4,31,42],"current_hp_per_floor":[82,73,76,76,76,76,76,76,76,76,74,74,74,74,74,66,85,85,42,37,37,21,35,35,35,35,29,29,28,18,18,18,74,93,69,47,46,31,121,121,121,121,121,106,76,76,76,76,76,31],"gold":117,"neow_bonus":"TEN_PERCENT_HP_BONUS","is_daily":false,"chose_seed":false,"campfire_upgraded":6,"win_rate":0.0,"timestamp":1610567833,"path_taken":["M","M","M","$","?","E","M","?","T","?","M","M","M","?","R","BOSS","M","?","M","?","?","E","?","R","T","M","R","E","M","$","R","BOSS","M","M","M","M","M","R","?","$","T","M","E","R","$","?","R","BOSS"],"items_purchased_type":["Card","Card","Card","Card","Card"],"build_version":"2020-12-22","purchased_purges":2,"victory":true,"max_hp_per_floor":[82,82,82,82,82,82,82,82,82,82,85,85,85,85,85,85,85,85,85,85,85,85,80,80,80,80,80,80,80,89,89,89,93,93,97,100,107,117,121,121,126,126,126,128,131,131,131,131,131,139],"card_choices":[{"not_picked":["FavorOfDestiny","EndlessAdversity"],"picked":"StarOfDavid","floor":1.0},{"not_picked":["FavorOfDestiny","BlasphemousPunishment"],"picked":"Stigmanizer","floor":2.0},{"not_picked":["EndlessAdversity","UnderTheZenith"],"picked":"ScarletImprint","floor":3.0},{"not_picked":["TricksterDevil","ForbiddenFruit"],"picked":"DiffusionOfMisfortune","floor":6.0},{"not_picked":["StarOfDavid","EndlessAdversity"],"picked":"RedNightlessCastle","floor":7.0},{"not_picked":["BloodHunter","NightDance"],"picked":"BombardNight","floor":8.0},{"not_picked":["StarOfDavid","ScarletGensokyo"],"picked":"DiffusionOfMisfortune","floor":11.0},{"not_picked":["NightDance","EternalNight"],"picked":"BatForm","floor":12.0},{"not_picked":["BlasphemousPunishment","ScarletImprint"],"picked":"BloodHunter","floor":13.0},{"not_picked":["HeartBreak","CeilingFear"],"picked":"EquivalentExchange","floor":16.0},{"not_picked":["ChainGang","UnstableMagic"],"picked":"VampireKiss","floor":18.0},{"not_picked":["NightDance+1","RedNightlessCastle"],"picked":"BloodHunter","floor":19.0},{"not_picked":["UnderTheZenith+1","MastersStateliness+1"],"picked":"LeisurelyOfLord","floor":20.0},{"not_picked":["SuperhumanBloodyKnife","MastersStateliness"],"picked":"BombardNight","floor":23.0},{"not_picked":["FavorOfDestiny","ScarletDevil"],"picked":"NightDance+1","floor":27.0},{"not_picked":["RedNightlessCastle","BlasphemousPunishment"],"picked":"DemonKingCradle","floor":29.0},{"not_picked":["BlasphemousPunishment","VampireSweep"],"picked":"NightDance+1","floor":30.0},{"not_picked":["ScarletCoffin","BloodyHallows"],"picked":"CurseOfVladTepes","floor":33},{"not_picked":["BadLadyScramble","ChainGang+1"],"picked":"BombardNight+1","floor":35},{"not_picked":["RedRainbow","ScarletNetherworld"],"picked":"GlobalNightmare+1","floor":36},{"not_picked":["VampireFantasy+1","CharismaGuard","MastersStateliness+1"],"picked":"SKIP","floor":37},{"not_picked":["EndlessAdversity","StarOfDavid"],"picked":"MiserableFate+1","floor":38},{"not_picked":["BloodyMagicSquare","StarOfDavid+1","VampirishNight"],"picked":"SKIP","floor":39},{"not_picked":["RedMagic","CharismaGuard","RedRainbow"],"picked":"SKIP","floor":41},{"not_picked":["VampireKiss+1","CharismaGuard"],"picked":"UltimateOffering+1","floor":44},{"not_picked":["ScarletSymphony+1","BlasphemousPunishment","ChainGang+1"],"picked":"SKIP","floor":45}],"player_experience":59956,"relics_obtained":[{"floor":1.0,"key":"AddBug"},{"floor":1.0,"key":"Baka"},{"floor":3.0,"key":"Baka2"},{"floor":6.0,"key":"Centennial Puzzle"},{"floor":9.0,"key":"MawBank"},{"floor":11.0,"key":"SecretRecord"},{"floor":13.0,"key":"SecretRecord"},{"floor":18.0,"key":"Toxic Egg 2"},{"floor":19.0,"key":"SecretRecord"},{"floor":22.0,"key":"Enchiridion"},{"floor":23.0,"key":"Potion Belt"},{"floor":24.0,"key":"War Paint"},{"floor":26.0,"key":"Darkstone Periapt"},{"floor":27.0,"key":"SecretRecord"},{"floor":29.0,"key":"Happy Flower"},{"floor":43,"key":"Circlet"},{"floor":45,"key":"Mummified Hand"},{"floor":45,"key":"AntiCross"}],"event_choices":[{"damage_healed":0.0,"max_hp_gain":0.0,"max_hp_loss":0.0,"gold_gain":0.0,"event_name":"Accursed Blacksmith","player_choice":"Forge","floor":5.0,"gold_loss":0.0,"damage_taken":0.0,"cards_upgraded":["BombardNight"]},{"damage_healed":0.0,"max_hp_gain":0.0,"max_hp_loss":0.0,"gold_gain":51.0,"event_name":"Golden Wing","player_choice":"Gained Gold","floor":10.0,"gold_loss":0.0,"damage_taken":0.0},{"damage_healed":0.0,"max_hp_gain":0.0,"max_hp_loss":0.0,"gold_gain":0.0,"event_name":"Lab","player_choice":"Got Potions","floor":14.0,"gold_loss":0.0,"damage_taken":0.0},{"cards_removed":["Strike_RM"],"damage_healed":0.0,"max_hp_gain":0.0,"max_hp_loss":0.0,"gold_gain":0.0,"event_name":"Back to Basics","player_choice":"Elegance","floor":21.0,"gold_loss":0.0,"damage_taken":0.0},{"damage_healed":0.0,"max_hp_gain":0.0,"max_hp_loss":0.0,"gold_gain":0.0,"event_name":"Cursed Tome","player_choice":"Obtained Book","floor":22.0,"gold_loss":0.0,"damage_taken":16.0},{"cards_removed":["StarOfDavid"],"damage_healed":0,"gold_gain":0,"player_choice":"Removed Attack","damage_taken":0,"max_hp_gain":0,"max_hp_loss":0,"event_name":"Falling","floor":48,"gold_loss":0}],"is_beta":false,"boss_relics":[{"not_picked":["APieceOfRedMist","Runic Dome"],"picked":"ScarletEmblem"},{"not_picked":["Coffee Dripper","Circlet"],"picked":"Black Star"}],"items_purged_floors":[31,42],"is_endless":false,"potions_floor_spawned":[7,8,12,19,20,27,29,37,44,45],"ascension_level":0}}