{"host":"grli52lbdph2722t","time":1610548863,"event":{"mods":["AchievementEnabler","BaseMod","Downfall","Minty Spire (QoL Compilation)","Quick Restart","StSLib"],"gold_per_floor":[99,118,131,131,145,165,165,165,3,31,31,47,64,80,97,97,97,97],"floor_reached":16,"language":"ENG","playtime":806,"items_purged":[],"score":154,"play_id":"e47b7f2d-3480-4f86-8e41-5307c64d831e","local_time":"20210113154103","is_ascension_mode":true,"campfire_choices":[{"floor":1,"key":"DIG"},{"floor":8,"key":"DIG"},{"floor":11,"key":"DIG"}],"circlet_count":0,"master_deck":["Guardian:Strike_Guardian","Guardian:Strike_Guardian","Guardian:Strike_Guardian","Guardian:Strike_Guardian","Guardian:Defend_Guardian","Guardian:Defend_Guardian","Guardian:Defend_Guardian","Guardian:Defend_Guardian","Guardian:CurlUp","Guardian:TwinSlam","Guardian:SentryBeam","Guardian:PrismaticBarrier","Guardian:SentryBeam","Guardian:TemporalStrike","Guardian:ShieldCharger","Guardian:Emergency","Guardian:FastForward","Guardian:Incinerate","Guardian:Gem_Blue","Guardian:Gem_Purple","Guardian:DecasProtection"],"relics":["Guardian:ModeShifter","Shovel","Shuriken","Matryoshka","Bag of Preparation","Guardian:PocketSentry","Turnip"],"acts_visited":["Exordium"],"potions_floor_usage":[],"damage_taken":[{"damage":8,"enemies":"2 Louse","floor":2,"turns":4},{"damage":0,"enemies":"Cultist","floor":3,"turns":4},{"damage":4,"enemies":"Jaw Worm","floor":5,"turns":4},{"damage":5,"enemies":"Gremlin Gang","floor":6,"turns":5},{"damage":5,"enemies":"downfall:FleeingMerchant","floor":9,"turns":4},{"damage":14,"enemies":"3 Sentries","floor":10,"turns":7},{"damage":1,"enemies":"Blue Slaver","floor":12,"turns":4},{"damage":8,"enemies":"3 Louse","floor":13,"turns":5},{"damage":8,"enemies":"Large Slime","floor":14,"turns":4},{"damage":6,"enemies":"Gremlin Gang","floor":15,"turns":5},{"damage":18,"enemies":"downfall:Defect","floor":16,"turns":6}],"seed_played":"-3648086913086129676","potions_obtained":[{"floor":5,"key":"LiquidBronze"},{"floor":10,"key":"Swift Potion"},{"floor":12,"key":"BlessingOfTheForge"},{"floor":13,"key":"LiquidMemories"}],"is_trial":false,"path_per_floor":["R","M","M","?","M","M","T","R","$","E","R","M","M","M","M","B"],"character_chosen":"GUARDIAN","items_purchased":["Guardian:Gem_Crimson","Guardian:FastForward"],"campfire_rested":0,"item_purchase_floors":[9,9],"current_hp_per_floor":[72,64,64,64,60,55,55,55,50,36,36,35,27,19,13,0,0,0],"gold":97,"neow_bonus":"ONE_RARE_RELIC","is_daily":false,"chose_seed":false,"campfire_upgraded":0,"win_rate":0.0,"timestamp":1610548863,"path_taken":["R","M","M","?","M","M","T","R","?","E","R","M","M","?","M","BOSS"],"items_purchased_type":["Card","Card"],"build_version":"2020-12-22","purchased_purges":0,"victory":false,"max_hp_per_floor":[72,72,72,72,72,72,72,72,72,72,72,72,72,72,72,72,72,72],"card_choices":[{"not_picked":["Guardian:Gem_Green","Guardian:Gem_Lightblue"],"picked":"Guardian:SentryBeam","floor":2},{"not_picked":["Guardian:ChargeCore","Guardian:BodySlam"],"picked":"Guardian:PrismaticBarrier","floor":3},{"not_picked":["Guardian:RollAttack","Guardian:MultiBeam"],"picked":"Guardian:TemporalStrike","floor":5},{"not_picked":["Guardian:TemporalStrike","Guardian:Gem_Cyan"],"picked":"Guardian:ShieldCharger","floor":6},{"not_picked":["Guardian:Gem_Lightblue","Guardian:Reroute"],"picked":"Guardian:Emergency","floor":9},{"not_picked":["Guardian:Gem_Lightblue","Guardian:SentryBeam"],"picked":"Guardian:Gem_Red","floor":10},{"not_picked":["Guardian:SpikerProtocol","Guardian:PrismaticBarrier"],"picked":"Guardian:Incinerate","floor":12},{"not_picked":["Guardian:PrimingBeam","Guardian:Incinerate"],"picked":"Guardian:Gem_Blue","floor":13},{"not_picked":["Guardian:Clone","Guardian:ChargeCore"],"picked":"Guardian:Gem_Purple","floor":14},{"not_picked":["Guardian:BronzeArmor","Guardian:Planning"],"picked":"Guardian:DecasProtection","floor":15}],"player_experience":4977586,"relics_obtained":[{"floor":1,"key":"Shuriken"},{"floor":7,"key":"Matryoshka"},{"floor":8,"key":"Bag of Preparation"},{"floor":10,"key":"Guardian:PocketSentry"},{"floor":11,"key":"Turnip"}],"event_choices":[],"is_beta":false,"boss_relics":[],"items_purged_floors":[],"is_endless":false,"potions_floor_spawned":[5,10,12,13,14],"killed_by":"downfall:Defect","ascension_level":9}}