{"host":"fkig9nrckec4xsh0","time":1610508161,"event":{"mods":["BaseMod","Colored Map","Minty Spire (QoL Compilation)","Quick Restart","Replay The Spire","StSLib"],"gold_per_floor":[119,129,129,129,179,217,235,266,266,290,333,39,39,60,60,60,60],"floor_reached":16,"language":"ENG","playtime":661,"items_purged":["Defend_G"],"score":167,"play_id":"56afa0ea-3798-40e7-8fb8-af4c5c144a4d","local_time":"20210112222241","is_ascension_mode":true,"campfire_choices":[{"floor":13,"key":"REST"},{"data":"Acrobatics","floor":15,"key":"SMITH"}],"circlet_count":0,"master_deck":["Strike_G","Strike_G","Strike_G","Strike_G","Strike_G","Defend_G","Defend_G","Defend_G","Defend_G","Survivor","Neutralize","Catalyst","Dodge and Roll","ReplayTheSpireMod:The Works","Deadly Poison","Bane","Hidden Blade","Unload","Acrobatics+1"],"relics":["Ring of the Snake","NeowsBlessing","Golden Idol","Smiling Mask","Letter Opener","PreservedInsect","Quantum Egg","HornCleat","Strawberry"],"acts_visited":["Exordium"],"potions_floor_usage":[8,8,10,16,16,16],"damage_taken":[{"damage":0,"enemies":"Jaw Worm","floor":1,"turns":1},{"damage":0,"enemies":"Cultist","floor":2,"turns":1},{"damage":0,"enemies":"3 Sentries","floor":6,"turns":1},{"damage":2,"enemies":"2 Louse","floor":7,"turns":5},{"damage":17,"enemies":"Lagavulin","floor":8,"turns":9},{"damage":11,"enemies":"Exordium Wildlife","floor":10,"turns":6},{"damage":20,"enemies":"3 Sentries","floor":11,"turns":7},{"damage":2,"enemies":"Looter","floor":14,"turns":3},{"damage":50,"enemies":"Fading Forest","floor":16,"turns":10}],"seed_played":"6970111350621211950","potions_obtained":[{"floor":1,"key":"LiquidMemories"},{"floor":7,"key":"Dexterity Potion"},{"floor":8,"key":"Block Potion"},{"floor":11,"key":"Weak Potion"}],"is_trial":false,"path_per_floor":["M","M","?","?","T","E","M","E","T","M","E","$","R","M","R","B"],"character_chosen":"THE_SILENT","items_purchased":["Strawberry","AttackPotion","Swift Potion"],"campfire_rested":1,"item_purchase_floors":[12,12,12],"current_hp_per_floor":[70,70,70,63,63,63,61,44,44,33,13,20,43,41,41,0,0],"gold":60,"neow_bonus":"THREE_ENEMY_KILL","is_daily":false,"chose_seed":false,"campfire_upgraded":1,"win_rate":0.0,"timestamp":1610508161,"path_taken":["M","M","?","?","?","E","M","E","T","M","E","$","R","?","R","BOSS"],"items_purchased_type":["Relic","Potion","Potion"],"build_version":"2020-12-22","purchased_purges":1,"victory":false,"max_hp_per_floor":[70,70,70,70,70,70,70,70,70,70,70,77,77,77,77,77,77],"card_choices":[{"not_picked":["PiercingWail","Cloak And Dagger"],"picked":"Catalyst","floor":1},{"not_picked":["ReplayTheSpireMod:Exploit Weakness","Deflect"],"picked":"Dodge and Roll","floor":2},{"not_picked":["Calculated Gamble","Infinite Blades"],"picked":"ReplayTheSpireMod:The Works","floor":6},{"not_picked":["Bane","Flying Knee"],"picked":"Deadly Poison","floor":7},{"not_picked":["Prepared","Quick Slash"],"picked":"Bane","floor":8},{"not_picked":["Bane","Draining Mist"],"picked":"Hidden Blade","floor":10},{"not_picked":["Masterful Stab","Cloak And Dagger"],"picked":"Unload","floor":11},{"not_picked":["Noxious Fumes","Blade Dance"],"picked":"Acrobatics","floor":14}],"player_experience":299536,"relics_obtained":[{"floor":5,"key":"Smiling Mask"},{"floor":6,"key":"Letter Opener"},{"floor":8,"key":"PreservedInsect"},{"floor":9,"key":"Quantum Egg"},{"floor":11,"key":"HornCleat"}],"event_choices":[{"damage_healed":0,"gold_gain":0,"player_choice":"Take Wound","damage_taken":0,"relics_obtained":["Golden Idol"],"max_hp_gain":0,"max_hp_loss":0,"event_name":"Golden Idol","floor":3,"gold_loss":0,"cards_obtained":["Injury"]},{"cards_removed":["Injury"],"damage_healed":0,"gold_gain":0,"player_choice":"Card Removal","damage_taken":7,"max_hp_gain":0,"max_hp_loss":0,"event_name":"Golden Wing","floor":4,"gold_loss":0}],"is_beta":false,"boss_relics":[],"items_purged_floors":[12],"is_endless":false,"potions_floor_spawned":[1,7,8,11],"killed_by":"Fading Forest","ascension_level":3}}