{"host":"vpaavrwbmey593fx","time":1610503209,"event":{"mods":["AchievementEnabler","BaseMod","Bestiary","Colored Map","Colored Powertips","DeckTracker","Minty Spire (QoL Compilation)","Relic Sorter"],"gold_per_floor":[118,130,143,218,218,218,248,248,248,248,273,289,289,323,323,425,425,445,459,472,485,485,485],"floor_reached":22,"language":"ENG","playtime":2191,"items_purged":[],"score":225,"play_id":"fa56520c-fcb1-402a-be64-c0cd11578def","local_time":"20210112180009","is_ascension_mode":true,"campfire_choices":[{"data":"Zap","floor":6,"key":"SMITH"},{"data":"Dualcast","floor":8,"key":"SMITH"},{"data":"Sweeping Beam","floor":10,"key":"SMITH"},{"data":"Fusion","floor":13,"key":"SMITH"},{"floor":15,"key":"REST"}],"circlet_count":0,"master_deck":["Strike_B","Strike_B","Strike_B","Defend_B","Defend_B","Defend_B","Defend_B","Zap+1","Dualcast+1","Sweeping Beam+1","Leap","Rebound","Force Field","Fusion+1","Streamline","Coolheaded","Hyperbeam","Static Discharge+1","Leap","Reprogram+1"],"relics":["Cracked Core","Happy Flower","NeowsBlessing","Dream Catcher","Bottled Flame","Orichalcum"],"acts_visited":["Exordium","TheCity"],"potions_floor_usage":[11,14,14,16,22,22],"damage_taken":[{"damage":0,"enemies":"Cultist","floor":1,"turns":1},{"damage":0,"enemies":"2 Louse","floor":2,"turns":1},{"damage":0,"enemies":"Small Slimes","floor":3,"turns":1},{"damage":32,"enemies":"Gremlin Nob","floor":11,"turns":4},{"damage":2,"enemies":"3 Louse","floor":12,"turns":2},{"damage":5,"enemies":"Lagavulin","floor":14,"turns":5},{"damage":25,"enemies":"Hexaghost","floor":16,"turns":11},{"damage":18,"enemies":"3 Byrds","floor":18,"turns":4},{"damage":17,"enemies":"Shell Parasite","floor":19,"turns":8},{"damage":23,"enemies":"Snecko","floor":20,"turns":6},{"damage":15,"enemies":"Centurion and Healer","floor":21,"turns":5},{"damage":17,"enemies":"Shelled Parasite and Fungi","floor":22,"turns":2}],"seed_played":"-3292012677602102619","potions_obtained":[{"floor":1,"key":"PowerPotion"},{"floor":11,"key":"Weak Potion"},{"floor":12,"key":"PowerPotion"},{"floor":14,"key":"Fire Potion"},{"floor":18,"key":"Regen Potion"},{"floor":20,"key":"Energy Potion"},{"floor":21,"key":"SteroidPotion"}],"is_trial":false,"path_per_floor":["M","M","M","?","?","R","?","R","T","R","E","M","R","E","R","B",null,"M","M","M","M","M"],"character_chosen":"DEFECT","items_purchased":[],"campfire_rested":1,"item_purchase_floors":[],"current_hp_per_floor":[75,75,75,64,64,64,64,64,64,64,32,30,30,25,47,22,75,57,40,17,2,0,0],"gold":485,"neow_bonus":"THREE_ENEMY_KILL","is_daily":false,"chose_seed":false,"campfire_upgraded":4,"win_rate":0.0,"timestamp":1610503209,"path_taken":["M","?","M","?","?","R","?","R","T","R","E","M","R","E","R","BOSS","M","M","M","M","M"],"items_purchased_type":[],"build_version":"2020-12-22","purchased_purges":0,"victory":false,"max_hp_per_floor":[75,75,75,75,75,75,75,75,75,75,75,75,75,75,75,75,75,75,75,75,75,75,75],"card_choices":[{"not_picked":["Hologram","Melter"],"picked":"Sweeping Beam","floor":1},{"not_picked":["Steam","Lockon"],"picked":"Leap","floor":2},{"not_picked":["Stack","Reinforced Body"],"picked":"Rebound","floor":3},{"not_picked":["Thunder Strike","Tempest"],"picked":"Fusion","floor":11},{"not_picked":["Beam Cell","Cold Snap"],"picked":"Streamline","floor":12},{"not_picked":["Recycle","Heatsinks"],"picked":"Coolheaded","floor":14},{"not_picked":["All For One","Reboot"],"picked":"Hyperbeam","floor":16},{"not_picked":["Hello World","Streamline+1"],"picked":"Static Discharge+1","floor":18},{"not_picked":["Auto Shields","Glacier+1"],"picked":"Leap","floor":19},{"not_picked":["Ball Lightning","Go for the Eyes","Barrage+1"],"picked":"SKIP","floor":20},{"not_picked":["Turbo","Cold Snap"],"picked":"Reprogram+1","floor":21}],"player_experience":181747,"relics_obtained":[{"floor":9,"key":"Bottled Flame"},{"floor":11,"key":"Orichalcum"},{"floor":14,"key":"Happy Flower"}],"event_choices":[{"damage_healed":0,"gold_gain":75,"player_choice":"Gather Gold","damage_taken":11,"max_hp_gain":0,"max_hp_loss":0,"event_name":"World of Goop","floor":4,"gold_loss":0},{"damage_healed":0,"gold_gain":0,"cards_transformed":["Strike_B"],"player_choice":"Change","damage_taken":0,"max_hp_gain":0,"max_hp_loss":0,"event_name":"Living Wall","floor":5,"gold_loss":0,"cards_obtained":["Force Field"]},{"damage_healed":0,"gold_gain":30,"player_choice":"Searched \u00272\u0027 times","damage_taken":0,"relics_obtained":["Dream Catcher"],"max_hp_gain":0,"max_hp_loss":0,"event_name":"Dead Adventurer","floor":7,"gold_loss":0}],"is_beta":false,"boss_relics":[{"not_picked":["Fusion Hammer","Busted Crown","Coffee Dripper"]}],"items_purged_floors":[],"is_endless":false,"potions_floor_spawned":[1,11,12,14,18,20,21],"killed_by":"Shelled Parasite and Fungi","ascension_level":3}}