{"host":"npubv26u89aif4fa","time":1610517357,"event":{"mods":["Astrologer","BaseMod","Better Vampires","Better-Laid Plans","Colored Powertips","GifTheSpireLib","GungeonMod","HornydragonMod","Hubris","Jedi Mod","Minty Spire (QoL Compilation)","Quick Restart","Remilia（蕾米莉亚）","Replay The Spire","StSLib","Td1madao Mod","The Administrix","The Alterego","The Bug Knight","The Cursed","The Runesmith","Yuri Mod","残留之物"],"gold_per_floor":[368,434,134,145,157,157,157],"floor_reached":6,"language":"ZHS","playtime":540,"items_purged":[],"score":36,"play_id":"b4d52bea-754e-45ad-8af0-1083015aaf12","local_time":"20210113135557","is_ascension_mode":false,"campfire_choices":[],"circlet_count":0,"master_deck":["HollowMod:NailStrikeStart","HollowMod:NailStrikeStart","HollowMod:NailStrikeStart","HollowMod:NailStrikeStart","HollowMod:QuickDashStart","HollowMod:QuickDashStart","HollowMod:QuickDashStart","HollowMod:QuickDashStart","HollowMod:FocusHealStart","HollowMod:PogoStrike","HollowMod:MawleksShell","HollowMod:SharpenedShadows","HollowMod:NewLastStag","HollowMod:theNailsmith"],"relics":["HollowMod:VesselMask","Molten Egg 2"],"acts_visited":[],"potions_floor_usage":[6],"damage_taken":[{"damage":2,"enemies":"Small Slimes","floor":1,"turns":7},{"damage":10,"enemies":"Jaw Worm","floor":4,"turns":7},{"damage":1,"enemies":"2 Louse","floor":5,"turns":2},{"damage":71,"enemies":"Lagavulin","floor":6,"turns":8}],"seed_played":"9056024455237675107","potions_obtained":[{"floor":1,"key":"DistilledChaos"},{"floor":2,"key":"FearPotion"},{"floor":5,"key":"BlessingOfTheForge"}],"is_trial":false,"path_per_floor":["M","?","?","M","M","E"],"character_chosen":"THE_BUGKNIGHT","items_purchased":[],"campfire_rested":0,"item_purchase_floors":[],"current_hp_per_floor":[62,62,62,52,51,0,0],"gold":157,"neow_bonus":"TWO_FIFTY_GOLD","is_daily":false,"chose_seed":false,"campfire_upgraded":0,"win_rate":0.0,"timestamp":1610517357,"path_taken":["M","?","?","M","M","E"],"items_purchased_type":[],"build_version":"2020-12-22","purchased_purges":0,"victory":false,"max_hp_per_floor":[75,75,75,75,75,75,75],"card_choices":[{"not_picked":["HollowMod:LuriensSpire","HollowMod:CycloneSlash"],"picked":"HollowMod:MawleksShell","floor":1},{"not_picked":["HollowMod:PureNailStrike+1","HollowMod:SharpenedNail+1"],"picked":"HollowMod:SharpenedShadows","floor":2},{"not_picked":["HollowMod:LifebloodCocoon","HollowMod:DashSlash+1","HollowMod:HowlingWraiths+1"],"picked":"SKIP","floor":4},{"not_picked":["HollowMod:NewJinnsSoul","HollowMod:InfectionAssault+1"],"picked":"HollowMod:theNailsmith","floor":5}],"player_experience":251816,"relics_obtained":[{"floor":2,"key":"Molten Egg 2"}],"event_choices":[],"is_beta":false,"boss_relics":[],"items_purged_floors":[],"is_endless":false,"potions_floor_spawned":[1,5],"killed_by":"Lagavulin","ascension_level":0}}