{"host":"c3lc60y5x60jlt1y","time":1610553222,"event":{"mods":["AchievementEnabler","BaseMod","Bestiary","Colored Map","Minty Spire (QoL Compilation)","Quick Restart","StSLib","ojb\u0027s Info Mod"],"gold_per_floor":[117,130,205,56,56,56,86,86,112,146,78,104,104,122,122,227,227,227,227,177,117,117,117,117,117,117,117,117,117,117,117,117,117,117,117,117,117,117,117,117,55,55,55,55,23,23,23,23,23,23],"floor_reached":51,"playtime":7427,"items_purged":["Strike_B"],"score":1005,"play_id":"11b11926-1be6-468b-bbc6-261ac00d0d93","local_time":"20210113175342","is_ascension_mode":true,"campfire_choices":[{"data":"Self Repair","floor":6,"key":"SMITH"},{"floor":13,"key":"DIG"},{"floor":15,"key":"DIG"},{"data":"Fission","floor":24,"key":"SMITH"},{"floor":27,"key":"DIG"},{"floor":30,"key":"DIG"},{"floor":32,"key":"DIG"},{"floor":42,"key":"DIG"},{"floor":44,"key":"DIG"},{"floor":49,"key":"DIG"}],"circlet_count":0,"master_deck":["Strike_B","Strike_B","Defend_B","Defend_B","Defend_B","Zap","Dualcast","Ball Lightning","Steam Power","Self Repair+1","Tempest","Rainbow","Beam Cell","Static Discharge","Coolheaded","BootSequence","Fission+1","Redo+1","Streamline+1","Storm","Melter+1","Core Surge+1","Thunder Strike+1","FTL+1","Echo Form","Self Repair+1","Heatsinks","Lockon+1","Defragment","Static Discharge","Double Energy+1"],"relics":["Cracked Core","NeowsBlessing","StoneCalendar","Potion Belt","Shovel","Juzu Bracelet","PreservedInsect","Molten Egg 2","Ectoplasm","Enchiridion","Red Mask","Akabeko","Strawberry","Sundial","Dead Branch","Bottled Lightning","The Courier","Nloth\u0027s Gift","Centennial Puzzle","Cursed Key","Pen Nib","Symbiotic Virus","Toxic Egg 2","Meat on the Bone","Orichalcum"],"acts_visited":["Exordium","TheCity","TheBeyond"],"potions_floor_usage":[10,16,16,28,38,38,47,50,50],"damage_taken":[{"damage":0,"enemies":"Cultist","floor":1,"turns":1},{"damage":0,"enemies":"Small Slimes","floor":2,"turns":1},{"damage":0,"enemies":"Lagavulin","floor":7,"turns":1},{"damage":25,"enemies":"Gremlin Nob","floor":10,"turns":4},{"damage":18,"enemies":"3 Sentries","floor":12,"turns":6},{"damage":7,"enemies":"Jaw Worm","floor":14,"turns":3},{"damage":54,"enemies":"Slime Boss","floor":16,"turns":6},{"damage":21,"enemies":"Shell Parasite","floor":18,"turns":5},{"damage":12,"enemies":"2 Thieves","floor":21,"turns":3},{"damage":26,"enemies":"Masked Bandits","floor":22,"turns":4},{"damage":23,"enemies":"Slavers","floor":23,"turns":3},{"damage":0,"enemies":"Gremlin Leader","floor":25,"turns":5},{"damage":8,"enemies":"Slavers","floor":28,"turns":3},{"damage":0,"enemies":"Snake Plant","floor":29,"turns":3},{"damage":26,"enemies":"Champ","floor":33,"turns":6},{"damage":0,"enemies":"Orb Walker","floor":35,"turns":2},{"damage":0,"enemies":"3 Shapes","floor":36,"turns":2},{"damage":39,"enemies":"Maw","floor":38,"turns":4},{"damage":6,"enemies":"Giant Head","floor":40,"turns":4},{"damage":12,"enemies":"Nemesis","floor":46,"turns":3},{"damage":0,"enemies":"Sphere and 2 Shapes","floor":48,"turns":4},{"damage":75,"enemies":"Donu and Deca","floor":50,"turns":7}],"seed_played":"2463883868688470272","potions_obtained":[{"floor":1,"key":"SteroidPotion"},{"floor":10,"key":"Explosive Potion"},{"floor":12,"key":"Fruit Juice"},{"floor":21,"key":"Explosive Potion"},{"floor":23,"key":"DistilledChaos"},{"floor":28,"key":"FearPotion"},{"floor":29,"key":"Swift Potion"},{"floor":36,"key":"DuplicationPotion"},{"floor":46,"key":"Strength Potion"},{"floor":47,"key":"Fruit Juice"},{"floor":47,"key":"Dexterity Potion"},{"floor":47,"key":"BlessingOfTheForge"}],"is_trial":false,"path_per_floor":["M","M","?","$","?","R","E","?","T","E","$","E","R","M","R","B",null,"M","?","?","M","?","E","R","E","T","R","E","M","R","?","R","B",null,"M","M","$","M","?","E","$","R","T","R","$","E","?","M","R","B",null],"character_chosen":"DEFECT","items_purchased":["Self Repair","Static Discharge","Defragment","Static Discharge"],"campfire_rested":0,"item_purchase_floors":[4,11,41,45],"current_hp_per_floor":[75,75,64,64,52,52,62,62,62,49,49,43,43,48,48,11,80,69,53,53,53,39,28,28,47,47,47,51,63,63,63,63,47,87,87,87,87,68,68,82,82,82,82,82,82,80,85,85,85,32],"gold":23,"neow_bonus":"THREE_ENEMY_KILL","is_daily":false,"chose_seed":false,"campfire_upgraded":2,"win_rate":0.0,"timestamp":1610553222,"path_taken":["M","?","?","$","?","R","E","?","T","E","?","E","R","M","R","BOSS","M","?","?","M","?","E","R","E","T","R","E","M","R","?","R","BOSS","M","M","?","M","?","E","?","R","T","R","?","E","?","M","R","BOSS"],"items_purchased_type":["Card","Card","Card","Card"],"build_version":"2020-12-22","purchased_purges":1,"victory":true,"max_hp_per_floor":[75,75,75,75,75,75,75,75,75,75,75,75,75,75,75,80,80,80,80,80,80,80,80,80,87,87,87,87,87,87,87,87,87,87,87,87,87,87,87,87,87,87,87,87,87,87,92,92,92,92],"card_choices":[{"not_picked":["Hologram","Leap"],"picked":"Ball Lightning","floor":1},{"not_picked":["Blizzard","Go for the Eyes"],"picked":"Steam Power","floor":2},{"not_picked":["Recycle","Stack"],"picked":"Tempest","floor":7},{"not_picked":["Loop","Self Repair"],"picked":"Beam Cell","floor":10},{"not_picked":["Beam Cell","Redo"],"picked":"Coolheaded","floor":12},{"not_picked":["Redo","Sweeping Beam"],"picked":"BootSequence","floor":14},{"not_picked":["Biased Cognition","Hyperbeam+1"],"picked":"Fission","floor":16},{"not_picked":["Beam Cell+1","Ball Lightning+1"],"picked":"Redo+1","floor":18},{"not_picked":["Conserve Battery","Ball Lightning+1"],"picked":"Streamline+1","floor":21},{"not_picked":["Leap","Conserve Battery"],"picked":"Storm","floor":22},{"not_picked":["Barrage+1","Aggregate"],"picked":"Melter+1","floor":23},{"not_picked":["Conserve Battery","Beam Cell+1"],"picked":"Core Surge+1","floor":25},{"not_picked":["Ball Lightning+1","Double Energy"],"picked":"Thunder Strike+1","floor":28},{"not_picked":["Ball Lightning+1","Beam Cell+1"],"picked":"FTL+1","floor":29},{"not_picked":["Reboot","Meteor Strike+1"],"picked":"Echo Form","floor":33},{"not_picked":["Genetic Algorithm+1","Loop+1"],"picked":"Self Repair+1","floor":35},{"not_picked":["Rebound+1","Gash+1"],"picked":"Heatsinks","floor":36},{"not_picked":["Go for the Eyes+1","Ball Lightning+1","Compile Driver+1"],"picked":"SKIP","floor":38},{"not_picked":["Ball Lightning+1","Reprogram+1"],"picked":"Lockon+1","floor":40},{"not_picked":["Streamline+1","Coolheaded+1","Rebound+1"],"picked":"SKIP","floor":46},{"not_picked":["Cold Snap+1","Glacier+1"],"picked":"Double Energy+1","floor":48}],"player_experience":8006227,"relics_obtained":[{"floor":7,"key":"Blood Vial"},{"floor":9,"key":"Potion Belt"},{"floor":10,"key":"Shovel"},{"floor":12,"key":"Juzu Bracelet"},{"floor":13,"key":"PreservedInsect"},{"floor":15,"key":"Molten Egg 2"},{"floor":19,"key":"Enchiridion"},{"floor":22,"key":"Red Mask"},{"floor":23,"key":"Akabeko"},{"floor":25,"key":"Strawberry"},{"floor":26,"key":"Sundial"},{"floor":27,"key":"Dead Branch"},{"floor":28,"key":"Bottled Lightning"},{"floor":30,"key":"The Courier"},{"floor":32,"key":"Centennial Puzzle"},{"floor":40,"key":"Pen Nib"},{"floor":42,"key":"Symbiotic Virus"},{"floor":44,"key":"Toxic Egg 2"},{"floor":46,"key":"Meat on the Bone"},{"floor":49,"key":"Orichalcum"}],"event_choices":[{"damage_healed":0,"gold_gain":75,"player_choice":"Gather Gold","damage_taken":11,"max_hp_gain":0,"max_hp_loss":0,"event_name":"World of Goop","floor":3,"gold_loss":0},{"damage_healed":0,"gold_gain":0,"player_choice":"Success","damage_taken":12,"relics_obtained":["StoneCalendar"],"max_hp_gain":0,"max_hp_loss":0,"event_name":"Scrap Ooze","floor":5,"gold_loss":0},{"damage_healed":0,"gold_gain":0,"cards_transformed":["Defend_B"],"player_choice":"Change","damage_taken":0,"max_hp_gain":0,"max_hp_loss":0,"event_name":"Living Wall","floor":8,"gold_loss":0,"cards_obtained":["Rainbow"]},{"damage_healed":0,"gold_gain":0,"player_choice":"Obtained Book","damage_taken":16,"max_hp_gain":0,"max_hp_loss":0,"event_name":"Cursed Tome","floor":19,"gold_loss":0},{"damage_healed":0,"gold_gain":0,"player_choice":"Bet on Owner","damage_taken":0,"max_hp_gain":0,"max_hp_loss":0,"event_name":"The Joust","floor":20,"gold_loss":50},{"damage_healed":0,"gold_gain":0,"player_choice":"Fought Bandits","damage_taken":0,"max_hp_gain":0,"max_hp_loss":0,"event_name":"Masked Bandits","floor":22,"gold_loss":0},{"damage_healed":0,"gold_gain":0,"player_choice":"Traded Relic","damage_taken":0,"relics_obtained":["Nloth\u0027s Gift"],"max_hp_gain":0,"max_hp_loss":0,"event_name":"N\u0027loth","floor":31,"relics_lost":["Blood Vial"],"gold_loss":0},{"cards_removed":["Strike_B"],"damage_healed":0,"gold_gain":0,"player_choice":"Purged","damage_taken":0,"max_hp_gain":0,"max_hp_loss":0,"event_name":"Purifier","floor":39,"gold_loss":0},{"damage_healed":0,"gold_gain":0,"player_choice":"Got Potions","damage_taken":0,"max_hp_gain":0,"max_hp_loss":0,"event_name":"Lab","floor":47,"gold_loss":0}],"is_beta":false,"boss_relics":[{"not_picked":["Velvet Choker","Astrolabe"],"picked":"Ectoplasm"},{"not_picked":["SlaversCollar","SacredBark"],"picked":"Cursed Key"}],"items_purged_floors":[4],"is_endless":false,"potions_floor_spawned":[1,10,12,21,23,28,29,36,46],"ascension_level":4}}