{"host":"npubv26u89aif4fa","time":1610510604,"event":{"mods":["Astrologer","BaseMod","Better Vampires","Better-Laid Plans","Colored Powertips","GifTheSpireLib","GungeonMod","HornydragonMod","Hubris","Jedi Mod","Minty Spire (QoL Compilation)","Quick Restart","Remilia（蕾米莉亚）","Replay The Spire","StSLib","Td1madao Mod","The Administrix","The Alterego","The Bug Knight","The Cursed","The Runesmith","Yuri Mod","残留之物"],"gold_per_floor":[119,137,137,148,148,148,167,167,167,180,197,197,227,245,245,343,343,354,366,376,376,387,387,387,387],"floor_reached":24,"language":"ZHS","playtime":2736,"items_purged":[],"score":202,"play_id":"80b11bb9-bb69-4594-9b86-3554402d58d0","local_time":"20210113120324","is_ascension_mode":false,"campfire_choices":[{"data":"HollowMod:PureNailStrike","floor":6.0,"key":"SMITH"},{"floor":8.0,"key":"RECALL"},{"data":"HollowMod:GrimmsGift","floor":15.0,"key":"SMITH"},{"data":"HollowMod:HornetsHelp","floor":23,"key":"SMITH"}],"circlet_count":0,"master_deck":["HollowMod:NailStrikeStart","HollowMod:NailStrikeStart","HollowMod:QuickDashStart","HollowMod:QuickDashStart","HollowMod:QuickDashStart","HollowMod:QuickDashStart","HollowMod:FocusHealStart","HollowMod:PogoStrike","HollowMod:PureNailStrike+1","HollowMod:GoodIntentions+1","HollowMod:SoulVessel+1","HollowMod:FallenFury","HollowMod:VengefulSpirit","HollowMod:SoulSplash","HollowMod:CloakDash","HollowMod:SoulVessel","HollowMod:GrimmsGift+1","HollowMod:HornetsHelp+1","HollowMod:CoiledNail+1"],"relics":["HollowMod:VesselMask","Anchor","Meat on the Bone","hubris:Towel","DemoMod:DecoyRelic","Runic Pyramid"],"acts_visited":["Exordium","TheCity"],"potions_floor_usage":[16,24],"damage_taken":[{"damage":0.0,"enemies":"2 Louse","floor":1.0,"turns":4.0},{"damage":2.0,"enemies":"Jaw Worm","floor":2.0,"turns":4.0},{"damage":0.0,"enemies":"Small Slimes","floor":4.0,"turns":7.0},{"damage":0.0,"enemies":"Gremlin Gang","floor":7.0,"turns":5.0},{"damage":0.0,"enemies":"3 Louse","floor":10.0,"turns":5.0},{"damage":0.0,"enemies":"2 Fungi Beasts","floor":11.0,"turns":3.0},{"damage":48.0,"enemies":"Gremlin Nob","floor":13.0,"turns":6.0},{"damage":1.0,"enemies":"Blue Slaver","floor":14.0,"turns":4.0},{"damage":50,"enemies":"The Guardian","floor":16,"turns":16},{"damage":3,"enemies":"Chosen","floor":18,"turns":5},{"damage":16,"enemies":"3 Byrds","floor":19,"turns":8},{"damage":8,"enemies":"Cultist and Chosen","floor":20,"turns":6},{"damage":30,"enemies":"Centurion and Healer","floor":22,"turns":8},{"damage":35,"enemies":"Book of Stabbing","floor":24,"turns":4}],"seed_played":"6573324468904041233","potions_obtained":[{"floor":2.0,"key":"Adrenaline Potion"},{"floor":10.0,"key":"Swift Potion"},{"floor":13.0,"key":"Explosive Potion"},{"floor":14.0,"key":"PowerPotion"},{"floor":16,"key":"SkillPotion"},{"floor":20,"key":"Strength Potion"}],"is_trial":false,"path_per_floor":["M","M","?","M","?","R","M","R","T","M","M","?","E","M","R","B",null,"M","M","M","?","M","R","E"],"character_chosen":"THE_BUGKNIGHT","items_purchased":[],"campfire_rested":0,"item_purchase_floors":[],"current_hp_per_floor":[60,64,57,69,54,54,54,54,54,60,60,60,30,41,41,13,75,72,56,48,48,30,30,0,0],"gold":387,"neow_bonus":"TRANSFORM_TWO_CARDS","is_daily":false,"chose_seed":false,"campfire_upgraded":3,"win_rate":0.0,"timestamp":1610510604,"path_taken":["M","M","?","M","?","R","?","R","T","M","M","?","E","M","R","BOSS","M","M","M","?","?","R","E"],"items_purchased_type":[],"build_version":"2020-12-22","purchased_purges":0,"victory":false,"max_hp_per_floor":[75,75,75,75,75,75,75,75,75,75,75,75,75,75,75,75,75,75,75,75,75,75,75,75,75],"card_choices":[{"not_picked":["HollowMod:HeavyBlow","HollowMod:RecoilStrike"],"picked":"HollowMod:SoulVessel","floor":1.0},{"not_picked":["HollowMod:CycloneSlash","HollowMod:MawleksShell"],"picked":"HollowMod:FallenFury","floor":2.0},{"not_picked":["HollowMod:BlackTendrils","HollowMod:GoodIntentions","HollowMod:SharpenedShadows"],"picked":"SKIP","floor":4.0},{"not_picked":["HollowMod:HowlingWraiths","HollowMod:NewLittleFool"],"picked":"HollowMod:VengefulSpirit","floor":7.0},{"not_picked":["HollowMod:RecoilStrike","HollowMod:NewLittleFool"],"picked":"HollowMod:SoulSplash","floor":10.0},{"not_picked":["HollowMod:ShadowDash","HollowMod:QuirrelsAssistance"],"picked":"HollowMod:CloakDash","floor":11.0},{"not_picked":["HollowMod:DescendingDark","HollowMod:TaintedHusks"],"picked":"HollowMod:SoulVessel","floor":13.0},{"not_picked":["HollowMod:HowlingWraiths","HollowMod:SoulShaman"],"picked":"HollowMod:GrimmsGift","floor":14.0},{"not_picked":["HollowMod:LifebloodCore","HollowMod:ElderbugsWisdom"],"picked":"HollowMod:HornetsHelp","floor":16},{"not_picked":["HollowMod:GreatSlash+1","HollowMod:WraithStrike"],"picked":"HollowMod:CoiledNail+1","floor":18},{"not_picked":["HollowMod:InfectedAttack","HollowMod:MonomonsArchive","HollowMod:DesolateDive"],"picked":"SKIP","floor":19},{"not_picked":["HollowMod:HeavyBlow","HollowMod:NewJinnsSoul","HollowMod:PureVessel"],"picked":"SKIP","floor":20},{"not_picked":["HollowMod:SiblingsShadow","HollowMod:CoiledNail","HollowMod:SoulSplash"],"picked":"SKIP","floor":22}],"player_experience":249080,"relics_obtained":[{"floor":9.0,"key":"Meat on the Bone"},{"floor":13.0,"key":"DemoMod:DecoyRelic"}],"event_choices":[{"damage_healed":0.0,"max_hp_gain":0.0,"max_hp_loss":0.0,"gold_gain":0.0,"event_name":"Scrap Ooze","player_choice":"Success","floor":3.0,"gold_loss":0.0,"damage_taken":7.0,"relics_obtained":["Anchor"]},{"damage_healed":0.0,"max_hp_gain":0.0,"max_hp_loss":0.0,"gold_gain":0.0,"event_name":"Shining Light","player_choice":"Entered Light","floor":5.0,"gold_loss":0.0,"damage_taken":15.0,"cards_upgraded":["HollowMod:SoulVessel","HollowMod:GoodIntentions"]},{"damage_healed":0,"gold_gain":0,"player_choice":"Ignored","damage_taken":0,"max_hp_gain":0,"max_hp_loss":0,"event_name":"N\u0027loth","floor":21,"gold_loss":0}],"is_beta":false,"boss_relics":[{"not_picked":["hubris:ScarierMask","Replay:Ancient Bell"],"picked":"Runic Pyramid"}],"items_purged_floors":[],"is_endless":false,"potions_floor_spawned":[2,10,13,14,16,18,20],"killed_by":"Book of Stabbing","ascension_level":0}}