{"host":"guwca93h2ke9l2g3","time":1610512420,"event":{"mods":["100% Spire Juice","2.2 Compatiblity","Act Like it!","Arknights The Spire","Aspiration","BaseMod","Better Skull","ChefMod","Colored Powertips","Conspire","Dark Map","Downfall","Fox Events","GungeonMod","Halation","Hallownest","HololiveMod","Hubris","Infinite Spire","Lobotomy","LobotomyExtend","Marked Mod","Minty Spire (QoL Compilation)","MostiFishMod","Permanent Neow","Potionbrewer","Prisma Mod","Quick Restart","Relic Sorter","Relic Stats","Replay The Spire","Robot Space Explorer","Shade Mod","Spicy Shops","StSLib","The Alterego","The Animator","The Bug Knight","The Cursed","The Marked","The Mystic","The Necromancer","The Poker Player","TheVacant","TheWitcher","Waifu the Spire","WarShipGirlsR/????R mod","Yakumo Yukari mod","Yuri Mod","vexMod"],"gold_per_floor":[114,34,53,53,73,73,73,73],"floor_reached":7,"language":"ENG","playtime":608,"items_purged":[],"score":41,"play_id":"535e1f91-4dba-41a9-8e4e-da68a5297a15","local_time":"20210112223340","is_ascension_mode":false,"campfire_choices":[{"data":"Shade:AuraOfUnlife","floor":6,"key":"SMITH"}],"circlet_count":0,"master_deck":["Shade:Strike_Shade","Shade:Strike_Shade","Shade:Strike_Shade","Shade:Strike_Shade","Shade:Defend_Shade","Shade:Defend_Shade","Shade:Defend_Shade","Shade:Defend_Shade","Shade:AnimateDead","Shade:CarefulCut","Cold Snap","Shade:AuraOfUnlife","Shade:FleshToFlesh","Shade:AuraOfUnlife+1"],"relics":["Shade:YorickSkull","DaveBox","Dodecahedron","aspiration:Nostalgia","Iron Core","SynthV:TestCard","LetterFromLob"],"acts_visited":["Exordium"],"potions_floor_usage":[],"damage_taken":[{"damage":0,"enemies":"Jaw Worm","floor":1,"turns":3},{"damage":0,"enemies":"2 Louse","floor":3,"turns":3},{"damage":0,"enemies":"Small Slimes","floor":5,"turns":3},{"damage":4,"enemies":"3 Sentries","floor":7,"turns":4}],"seed_played":"-3247341419612420148","potions_obtained":[{"floor":5,"key":"potionbrewer:CleansingPotion"}],"is_trial":false,"path_per_floor":["M","$","M","$","M","R","E"],"character_chosen":"SHADE","items_purchased":["Shade:AuraOfUnlife"],"campfire_rested":0,"item_purchase_floors":[2],"current_hp_per_floor":[65,65,65,65,65,65,61,61],"gold":73,"neow_bonus":"NOSTALGIA","is_daily":false,"chose_seed":false,"campfire_upgraded":1,"win_rate":0.0,"timestamp":1610512420,"path_taken":["M","$","M","$","M","R","E"],"items_purchased_type":["Card"],"build_version":"2020-12-22","purchased_purges":0,"victory":false,"max_hp_per_floor":[65,65,65,65,65,65,65,65],"relic_stats":{"counters":[4,13],"obtain_stats":[{"Iron Core":0,"SynthV:TestCard":1,"DaveBox":0,"Dodecahedron":0,"Shade:YorickSkull":0,"aspiration:Nostalgia":0,"LetterFromLob":1},{"Iron Core":0,"SynthV:TestCard":1,"DaveBox":0,"Dodecahedron":0,"Shade:YorickSkull":0,"aspiration:Nostalgia":0,"LetterFromLob":1},{"Iron Core":0,"SynthV:TestCard":3,"DaveBox":0,"Dodecahedron":0,"Shade:YorickSkull":0,"aspiration:Nostalgia":0,"LetterFromLob":3}]},"card_choices":[{"not_picked":["Body Slam","Shade:Patience"],"picked":"Cold Snap","floor":1},{"not_picked":["Rebound","Anger","Shade:CoffinDance","Recycle"],"picked":"Shade:FleshToFlesh","floor":3},{"not_picked":["Shade:BoneShards","Shade:WallOfFlesh","Headbutt","Shade:Awaken"],"picked":"Shade:AuraOfUnlife","floor":5}],"player_experience":292139,"relics_obtained":[{"floor":1,"key":"SynthV:TestCard"},{"floor":1,"key":"LetterFromLob"}],"event_choices":[],"is_beta":false,"boss_relics":[],"items_purged_floors":[],"is_endless":false,"potions_floor_spawned":[5],"killed_by":"3 Sentries","ascension_level":0}}