{"host":"jvd5k9mqzerszifx","time":1610546641,"event":{"mods":["AchievementEnabler","Act Like it!","BaseMod","Better Note","Better Third Choice","Colored Map","Colored Powertips","Conspire","Gensokyo","Hallownest","Hermit","Hubris","Infinite Spire","Lobotomy","Minty Spire (QoL Compilation)","MostiFishMod","Replay The Spire","Reworked Bosses","Spicy Shops","StSLib","The Administrix","The Bug Knight","The Cursed","The Factory","The Jungle","【功能Mod】聪明的最终Boss"],"gold_per_floor":[628,658,798,456,554,614,614,682,682,716,780,31,31,99,99,349,385,449,449,507,567,583,583,508,69,69,159,203,203,203,251,251,455,455,543,520,643,805,145,292,292,421,421,583,610,814,814,1039,1039,1624,1624,1624,1624],"floor_reached":52,"language":"ZHS","playtime":2566,"items_purged":[],"score":1356,"play_id":"edc3370c-9d8d-4c21-81f8-3211c3a5c3bd","local_time":"20210113220401","is_ascension_mode":true,"campfire_choices":[{"data":"hermit:Strike_Hermit","floor":7.0,"key":"PURGE"},{"data":"hermit:Strike_Hermit","floor":7.0,"key":"PURGE"},{"data":"hermit:Defend_Hermit","floor":7.0,"key":"PURGE"},{"data":"hermit:Defend_Hermit","floor":7.0,"key":"PURGE"},{"data":"hermit:Snapshot","floor":7.0,"key":"SMITH"},{"data":"hermit:Defend_Hermit","floor":7.0,"key":"SMITH"},{"data":"hermit:Covet","floor":7.0,"key":"SMITH"},{"data":"hermit:Glare","floor":7.0,"key":"SMITH"},{"data":"hermit:Coalescence","floor":7.0,"key":"SMITH"},{"data":"hermit:Headshot","floor":7.0,"key":"SMITH"},{"data":"hermit:Strike_Hermit","floor":7.0,"key":"SMITH"},{"data":"hermit:Strike_Hermit","floor":7.0,"key":"SMITH"},{"data":"hermit:Defend_Hermit","floor":7.0,"key":"SMITH"},{"data":"hermit:Coalescence","floor":7.0,"key":"SMITH"},{"data":"hermit:Coalescence","floor":7.0,"key":"SMITH"},{"floor":7.0,"key":"RECALL"},{"data":"hermit:Gestalt","floor":15.0,"key":"SMITH"},{"data":"hermit:CursedWeapon","floor":15.0,"key":"SMITH"},{"data":"hermit:CursedWeapon","floor":15.0,"key":"SMITH"},{"data":"hermit:Dissolve","floor":15.0,"key":"SMITH"},{"data":"conspire:Banana","floor":15.0,"key":"SMITH"},{"data":"Master of Strategy","floor":15.0,"key":"SMITH"},{"data":"hermit:Horror","floor":15.0,"key":"SMITH"},{"floor":15.0,"key":"REST"},{"data":"MostiFishMod:FrostNova","floor":23.0,"key":"PURGE"},{"data":"MostiFishMod:WinterMarkForm","floor":23.0,"key":"PURGE"},{"data":"hermit:Gambit","floor":23.0,"key":"SMITH"},{"data":"hermit:Glare","floor":23.0,"key":"SMITH"},{"data":"hermit:Brawl","floor":23.0,"key":"SMITH"},{"floor":23.0,"key":"REST"},{"data":"hermit:Quickdraw","floor":29.0,"key":"SMITH"},{"data":"hermit:Enervate","floor":29.0,"key":"SMITH"},{"floor":29.0,"key":"REST"},{"floor":32.0,"key":"REST"},{"data":"hermit:GhostlyPresence","floor":41,"key":"SMITH"},{"data":"conspire:SpireCoStock","floor":41,"key":"SMITH"},{"data":"hermit:Virtue","floor":41,"key":"SMITH"},{"data":"hermit:Coalescence","floor":41,"key":"SMITH"},{"data":"hubris:Fate","floor":41,"key":"SMITH"},{"floor":41,"key":"REST"},{"data":"hermit:GoldenBullet","floor":47,"key":"SMITH"},{"data":"hubris:InfiniteBlow","floor":47,"key":"SMITH"},{"data":"hubris:InfiniteBlow+1","floor":47,"key":"SMITH"},{"data":"hubris:InfiniteBlow+2","floor":47,"key":"SMITH"},{"data":"hubris:InfiniteBlow+3","floor":47,"key":"SMITH"},{"data":"hubris:InfiniteBlow+4","floor":47,"key":"SMITH"},{"data":"hubris:InfiniteBlow+5","floor":47,"key":"SMITH"},{"data":"hubris:InfiniteBlow+6","floor":47,"key":"SMITH"},{"data":"hubris:InfiniteBlow+7","floor":47,"key":"SMITH"},{"data":"hubris:InfiniteBlow+8","floor":47,"key":"SMITH"},{"data":"hubris:InfiniteBlow+9","floor":47,"key":"SMITH"},{"floor":47,"key":"REST"},{"data":"hubris:InfiniteBlow+10","floor":49,"key":"SMITH"},{"floor":49,"key":"REST"}],"circlet_count":1,"master_deck":["hermit:Strike_Hermit+1","hermit:Defend_Hermit+1","hermit:Defend_Hermit+1","hermit:Snapshot+1","hermit:Covet+1","hermit:Glare+1","hermit:Coalescence+1","hermit:Snipe+1","hermit:Snipe+1","hermit:Headshot+1","hermit:Coalescence+1","hermit:Coalescence+1","hermit:Gestalt+1","hermit:CursedWeapon+1","hermit:CursedWeapon+1","hermit:Dive+1","hermit:Dissolve+1","conspire:Banana+1","Master of Strategy+1","hermit:Horror+1","hermit:Gambit+1","hermit:Quickdraw+1","hermit:Glare+1","hermit:Brawl+1","hermit:Quickdraw+1","hermit:Enervate+1","hermit:GhostlyPresence+1","conspire:SpireCoStock+1","hermit:Virtue+1","hermit:Coalescence+1","hubris:Fate+1","hermit:Headshot+1","hermit:EyeOfTheStorm+1","hermit:GoldenBullet+1","hubris:InfiniteBlow+11","hermit:Magnum"],"relics":["hermit:Momento","Peace Pipe","Ginger","Turnip","Unceasing Top","Omamori","Ice Cream","The Courier","Medical Kit","WingedGreaves","HandDrill","Circlet","Blue Candle","DaveBox","Old Coin","ImprovedEquipment","SynthV:TestCard","infinitespire:Broken Mirror","Membership Card","conspire:Flyswatter","Snack Pack","Replay:Bottled Eggs","Boot","Pet Ghost","infinitespire:Midas Blood","Art of War","DianPoetry","Strange Spoon","Bag of Marbles","hubris:CuriousFeather","infinitespire:Beetle Shell","CeramicFish","Frozen Eye","hubris:BundleOfHerbs","Hallownest:DreamNailRelic","FrostBlade","Torii","Nilry\u0027s Codex","SynthV","SynthV:C4","BionicSphere","Bottled Flame","conspire:Flyswatter","Blue Doll","hubris:Icosahedron","Replay:Fungal Core","Torii","Question Card","BirthdayGift-Tetrahedron","Kunai","ClockworkSouvenir","Bottled Tornado","hermit:RyeStalk","ReplayTheSpireMod:TigerMarble","infinitespire:EvilPickle","Sling","CeramicFish"],"acts_visited":["Hallownest:Greenpath","TheCity","theFactory:Factory","Gensokyo:Gensokyo"],"potions_floor_usage":[50,50,50],"damage_taken":[{"damage":0.0,"enemies":"Hallownest:monsterHuskWarrior","floor":1.0,"turns":5.0},{"damage":1.0,"enemies":"2_ Uuma","floor":2.0,"turns":4.0},{"damage":11.0,"enemies":"Hallownest:eliteVengeflyKing","floor":6.0,"turns":4.0},{"damage":12.0,"enemies":"Hallownest:eliteMossKnight","floor":8.0,"turns":6.0},{"damage":3.0,"enemies":"Hallownest:2_Tiktiks_and_1_Crawlid","floor":10.0,"turns":2.0},{"damage":3.0,"enemies":"Hallownest:eliteCrystalGuardian","floor":11.0,"turns":5.0},{"damage":7.0,"enemies":"Hallownest:1_Baldur_1_Crawlid_1_Warrior","floor":14.0,"turns":3.0},{"damage":24.0,"enemies":"Hallownest:BossHornet","floor":16.0,"turns":5.0},{"damage":4.0,"enemies":"conspire:FuzzyDice","floor":18.0,"turns":1.0},{"damage":3.0,"enemies":"Spheric Guardian","floor":20.0,"turns":2.0},{"damage":2.0,"enemies":"Snake Plant","floor":21.0,"turns":2.0},{"damage":12.0,"enemies":"Book of Stabbing","floor":27.0,"turns":1.0},{"damage":2.0,"enemies":"Snecko","floor":28.0,"turns":1.0},{"damage":11.0,"enemies":"conspire:HollyBat","floor":31.0,"turns":6.0},{"damage":4.0,"enemies":"Pondfish","floor":33.0,"turns":4.0},{"damage":7.0,"enemies":"theFactory:4_Mini-Bots","floor":35.0,"turns":2.0},{"damage":5,"enemies":"conspire:MimicChest","floor":37,"turns":1},{"damage":5,"enemies":"theFactory:2_Experiment_Personnel","floor":38,"turns":1},{"damage":4,"enemies":"Nightmare","floor":40,"turns":1},{"damage":2,"enemies":"theFactory:SmogElemental","floor":42,"turns":1},{"damage":5,"enemies":"theFactory:6_Mini-Bots","floor":44,"turns":1},{"damage":2,"enemies":"theFactory:DrinkBrewer","floor":46,"turns":1},{"damage":2,"enemies":"theFactory:Orbs_and_Orb_Walker","floor":48,"turns":1},{"damage":3,"enemies":"theFactory:SPIDER","floor":50,"turns":2},{"damage":0,"enemies":"Gensokyo:3_Fairies","floor":52,"turns":1}],"seed_played":"8723575245194876305","potions_obtained":[{"floor":6.0,"key":"AttackPotion"},{"floor":10.0,"key":"Energy Potion"},{"floor":16.0,"key":"Adrenaline Potion"},{"floor":18.0,"key":"Dexterity Potion"},{"floor":20.0,"key":"FearPotion"},{"floor":31.0,"key":"Regen Potion"}],"is_trial":false,"path_per_floor":["M","M","T","$","?","E","R","E","T","M","E","$","?","M","R","B",null,"M","AVR","M","M","?","R","?","$","T","E","M","R","?","M","R","B",null,"M","?","?","M","$","NM","R","E","T","M","AVR","E","R","M","R","B",null,"M"],"character_chosen":"HERMIT","items_purchased":["Membership Card","conspire:Flyswatter","Snack Pack","hermit:Snipe","DianPoetry","Strange Spoon","Bag of Marbles","hubris:CuriousFeather","infinitespire:Beetle Shell","hermit:Dive+1","hermit:Dissolve","conspire:Banana","Master of Strategy","CeramicFish","Frozen Eye","hubris:BundleOfHerbs","SynthV","SynthV:C4","BionicSphere","Bottled Flame","conspire:Flyswatter","Question Card","BirthdayGift-Tetrahedron","Kunai","ClockworkSouvenir"],"campfire_rested":7,"item_purchase_floors":[4,4,4,4,12,12,12,12,12,12,12,12,12,12,12,12,25,25,25,25,25,39,39,39,39],"current_hp_per_floor":[75,74,74,74,74,63,63,53,53,52,51,51,51,45,67,49,71,69,69,68,66,50,73,73,73,73,63,63,78,78,73,80,82,82,77,77,74,71,71,69,82,82,82,83,83,83,84,84,84,83,84,84,84],"gold":1624,"neow_bonus":"ONE_RARE_RELIC","is_daily":false,"chose_seed":false,"campfire_upgraded":40,"win_rate":0.0,"timestamp":1610546641,"path_taken":["M","M","?","$","?","E","R","E","T","M","E","$","?","M","R","BOSS","M","AVR","M","M","?","R","?","$","T","E","M","R","?","M","R","BOSS","M","?","?","?","$","NM","R","E","T","M","AVR","E","R","M","R","BOSS","M"],"items_purchased_type":["Relic","Relic","Relic","Card","Relic","Relic","Relic","Relic","Relic","Card","Card","Card","Card","Relic","Relic","Relic","Relic","Relic","Relic","Relic","Relic","Relic","Relic","Relic","Relic"],"build_version":"2020-12-22","purchased_purges":0,"victory":false,"max_hp_per_floor":[75,75,75,75,75,75,75,75,75,75,75,75,75,76,76,78,78,78,78,78,78,78,78,78,78,78,78,78,78,78,80,80,82,82,82,82,82,82,82,82,82,82,82,84,84,84,84,84,84,84,84,84,84],"card_choices":[{"not_picked":["hermit:WideOpen","hermit:Shortfuse"],"picked":"hermit:Glare","floor":1.0},{"not_picked":["hermit:Ricochet","hermit:FlashPowder","hermit:Headshot","hermit:Misfire"],"picked":"hermit:Coalescence","floor":2.0},{"not_picked":["hermit:Feint","hermit:Desperado","hermit:Virtue","hermit:EternalForm"],"picked":"hermit:Headshot","floor":5.0},{"not_picked":["hermit:FlashPowder","hermit:Dive","hermit:SprayPray","hermit:TakeCover"],"picked":"hermit:Coalescence","floor":5.0},{"not_picked":["hermit:SprayPray","hermit:Brawl","hermit:Snipe","hermit:TrackingShot"],"picked":"hermit:Coalescence","floor":6.0},{"not_picked":["hermit:Feint","hermit:Roulette","hermit:Purgatory","hermit:BlackWind"],"picked":"hermit:Gestalt","floor":8.0},{"not_picked":["hermit:Ricochet","hermit:HighCaliber","hermit:BodyArmor","hermit:Coalescence"],"picked":"hermit:CursedWeapon","floor":10.0},{"not_picked":["hermit:Vantage","hermit:Determination","hermit:Shortfuse","hermit:Misfire"],"picked":"hermit:CursedWeapon","floor":11.0},{"not_picked":["hermit:SprayPray","hermit:Virtue","hermit:EternalForm","hermit:Ricochet"],"picked":"hermit:Horror","floor":14.0},{"not_picked":["hermit:HeroicBravado","hermit:EternalForm","hermit:Purgatory","hermit:RoundhouseKick"],"picked":"hermit:Gambit","floor":16.0},{"not_picked":["hermit:HoleUp","hermit:Brawl","hermit:HighCaliber+1","hermit:Feint"],"picked":"hermit:Quickdraw+1","floor":18.0},{"not_picked":["hermit:Virtue+1","hermit:Shortfuse","hermit:Headshot+1","hermit:Showdown"],"picked":"hermit:Glare","floor":20.0},{"not_picked":["hermit:HoleUp","hermit:Midnight","hermit:Glare","hermit:SprayPray+1"],"picked":"hermit:Brawl","floor":21.0},{"not_picked":["hermit:HoleUp","hermit:HighCaliber","hermit:CalledShot","hermit:Vantage"],"picked":"hermit:Quickdraw","floor":27.0},{"not_picked":["hermit:LowProfile","hermit:Roulette","hermit:CalledShot","hermit:Manifest"],"picked":"hermit:Enervate","floor":28.0},{"not_picked":["hermit:Midnight","hermit:Roughhouse","hermit:CalledShot+1","hermit:Misfire+1","hermit:LowProfile+1"],"picked":"SKIP","floor":31.0},{"not_picked":["hermit:Manifest","hermit:Roulette+1","hermit:Showdown","hermit:Feint"],"picked":"hermit:GhostlyPresence","floor":35},{"not_picked":["hermit:LowProfile","hermit:Ricochet+1","hermit:HighCaliber+1","hermit:Combo+1"],"picked":"hermit:Virtue","floor":37},{"not_picked":["hermit:Dive+1","hermit:Quickdraw+1","hermit:NoHoldsBarred","hermit:RoundhouseKick"],"picked":"hermit:Coalescence","floor":38},{"not_picked":["infinitespire:FinalStrike","infinitespire:Oblivion"],"picked":"hubris:Fate","floor":40},{"not_picked":["hermit:FlashPowder+1","hermit:PistolWhip+1","hermit:Ricochet+1","hermit:Showdown+1","hermit:BodyArmor"],"picked":"hermit:Headshot+1","floor":40},{"not_picked":["hermit:Virtue+1","hermit:Scavenge+1","hermit:EternalForm","hermit:Deadeye","hermit:HighNoon"],"picked":"hermit:EyeOfTheStorm+1","floor":42},{"not_picked":["hermit:HighCaliber","hermit:EyeOfTheStorm+1","hermit:LowProfile","hermit:TakeAim","hermit:Gestalt"],"picked":"hermit:GoldenBullet","floor":44},{"not_picked":["hermit:TrackingShot+1","hermit:HoleUp+1","hermit:Roulette","hermit:Vantage","hermit:HighNoon","hermit:Ricochet+1"],"picked":"SKIP","floor":46},{"not_picked":["hermit:ItchyTrigger+1","hermit:Snipe+1","hermit:Shortfuse","hermit:Dive","hermit:BlackWind","hermit:CalledShot"],"picked":"SKIP","floor":48},{"not_picked":["hermit:Purgatory","hermit:FatalDesire","hermit:OverwhelmingPower","hermit:EternalForm","hermit:Reprieve"],"picked":"hermit:Magnum","floor":50}],"player_experience":229840,"relics_obtained":[{"floor":1.0,"key":"SynthV:TestCard"},{"floor":3.0,"key":"infinitespire:Broken Mirror"},{"floor":5.0,"key":"Replay:Bottled Eggs"},{"floor":6.0,"key":"Boot"},{"floor":8.0,"key":"Pet Ghost"},{"floor":9.0,"key":"infinitespire:Midas Blood"},{"floor":11.0,"key":"Art of War"},{"floor":22.0,"key":"Nilry\u0027s Codex"},{"floor":27.0,"key":"Blue Doll"},{"floor":37,"key":"Torii"},{"floor":40,"key":"Bottled Tornado"},{"floor":42,"key":"hermit:RyeStalk"},{"floor":43,"key":"ReplayTheSpireMod:TigerMarble"},{"floor":46,"key":"CeramicFish"}],"event_choices":[{"damage_healed":0.0,"max_hp_gain":0.0,"max_hp_loss":0.0,"gold_gain":0.0,"event_name":"Cursed Tome","player_choice":"Obtained Book","floor":22.0,"gold_loss":0.0,"damage_taken":16.0},{"cards_removed":["hermit:Strike_Hermit"],"damage_healed":0.0,"max_hp_gain":0.0,"max_hp_loss":0.0,"gold_gain":0.0,"event_name":"Beggar","player_choice":"Gave Gold","floor":24.0,"gold_loss":75.0,"damage_taken":0.0},{"damage_healed":0,"gold_gain":0,"player_choice":"Invest 1","damage_taken":0,"max_hp_gain":0,"max_hp_loss":0,"event_name":"conspire:Investor","floor":36,"gold_loss":0}],"is_beta":false,"boss_relics":[{"not_picked":["Honey Jar","Replay:Wanted Poster"],"picked":"FrostBlade"},{"not_picked":["Cursed Key","Runic Pyramid"],"picked":"Replay:Fungal Core"},{"not_picked":["OneHitWonderSystem","Snecko Eye","Philosopher\u0027s Stone"]}],"items_purged_floors":[],"is_endless":true,"potions_floor_spawned":[6,10,16,18,20,28,31,33,35,40,42,46],"killed_by":"Gensokyo:3_Fairies","ascension_level":5}}