{"host":"l84l8xigz5v5foa2","time":1610537118,"event":{"mods":["2.2 Compatiblity","AchievementEnabler","BaseMod","Better Note","Better Vampires","Card Filter","Colored Map","DeckTracker","Downfall","Gremlin Skip","Highlight Path","Keyboard Shortcuts","Minty Spire (QoL Compilation)","Permanent Neow","Quick Restart","Relic Filter","Relic Stats","StSLib","SuperFastMode","Transform Curses","Unknown Chances"],"gold_per_floor":[99,117,136,136,13,13,88,108,128,143,168,186,186,8,19,19,19,19],"floor_reached":16,"language":"ENG","playtime":622,"items_purged":["hexamod:Strike"],"score":208,"play_id":"7507dc4e-7545-4577-be88-60c627194234","local_time":"20210113202518","is_ascension_mode":true,"campfire_choices":[{"data":"hexamod:Float","floor":1.0,"key":"SMITH"},{"data":"hexamod:Incineration","floor":6.0,"key":"SMITH"},{"floor":13.0,"key":"REST"}],"circlet_count":0,"master_deck":["AscendersBane","hexamod:Strike","hexamod:Strike","hexamod:Defend","hexamod:Defend","hexamod:Defend","hexamod:Sear","hexamod:Float+1","hexamod:SoulSteal","hexamod:Incineration+1","hexamod:PhantomFireball","hexamod:ThirdSeal","hexamod:BacktrackSmack","hexamod:AdvancingGuard","Madness","hexamod:SuperheatedStrike","hexamod:TimeWarp","hexamod:GhostShield","hexamod:NightmareGuise","hexamod:HexaLevel","hexamod:HeatMetal","hexamod:Hexaguard","hexamod:ThirdSeal","hexamod:ThirdSeal"],"relics":["hexamod:SpiritBrand","Matryoshka","Pocketwatch"],"acts_visited":["Exordium"],"potions_floor_usage":[16,16,16,16],"damage_taken":[{"damage":1.0,"enemies":"Jaw Worm","floor":2.0,"turns":3.0},{"damage":2.0,"enemies":"2 Louse","floor":3.0,"turns":2.0},{"damage":0.0,"enemies":"downfall:FleeingMerchant","floor":5.0,"turns":4.0},{"damage":0.0,"enemies":"Cultist","floor":8.0,"turns":2.0},{"damage":3.0,"enemies":"Red Slaver","floor":9.0,"turns":3.0},{"damage":0.0,"enemies":"2 Fungi Beasts","floor":10.0,"turns":3.0},{"damage":15.0,"enemies":"Gremlin Nob","floor":11.0,"turns":4.0},{"damage":7.0,"enemies":"Exordium Wildlife","floor":12.0,"turns":3.0},{"damage":0.0,"enemies":"downfall:FleeingMerchant","floor":14.0,"turns":4.0},{"damage":17.0,"enemies":"3 Louse","floor":15.0,"turns":3.0},{"damage":27,"enemies":"downfall:Silent","floor":16,"turns":2}],"seed_played":"-139221148126992227","potions_obtained":[{"floor":3.0,"key":"EntropicBrew"},{"floor":8.0,"key":"AttackPotion"},{"floor":10.0,"key":"Block Potion"},{"floor":15.0,"key":"sneckomod:MuddlingPotion"}],"is_trial":false,"path_per_floor":["R","M","M","?","$","R","T","M","M","M","E","M","R","$","M","B"],"character_chosen":"THE_SPIRIT","items_purchased":["Madness","hexamod:ThirdSeal"],"campfire_rested":1,"item_purchase_floors":[5,14],"current_hp_per_floor":[42,41,39,39,39,39,39,39,36,36,21,14,32,32,15,0,0,0],"gold":19,"neow_bonus":"TRANSFORM_TWO_CARDS","is_daily":false,"chose_seed":false,"campfire_upgraded":2,"win_rate":0.0,"timestamp":1610537118,"path_taken":["R","M","M","?","$","R","T","M","M","M","E","M","R","$","M","BOSS"],"items_purchased_type":["Card","Card"],"build_version":"2020-12-22","purchased_purges":1,"victory":false,"max_hp_per_floor":[63,63,63,63,63,63,63,63,63,63,63,63,63,63,63,63,63,63],"relic_stats":{"counters":[11,33],"obtain_stats":[{"Matryoshka":7,"hexamod:SpiritBrand":0,"Pocketwatch":11},{"Matryoshka":3,"hexamod:SpiritBrand":0,"Pocketwatch":7},{"Matryoshka":9,"hexamod:SpiritBrand":0,"Pocketwatch":21}],"Pocketwatch":[12]},"card_choices":[{"not_picked":["hexamod:RainOfEmbers","hexamod:SpectersWail"],"picked":"hexamod:PhantomFireball","floor":2.0},{"not_picked":["hexamod:BurningTouch","hexamod:SwordOfDarkness"],"picked":"hexamod:AdvancingGuard","floor":3.0},{"not_picked":["hexamod:GhostOfSpireFuture","hexamod:GhostShield"],"picked":"hexamod:BacktrackSmack","floor":5.0},{"not_picked":["hexamod:GhostLash","hexamod:EtherealExpedition"],"picked":"hexamod:AdvancingGuard","floor":5.0},{"not_picked":["hexamod:AdvancingGuard","hexamod:Incineration"],"picked":"hexamod:SuperheatedStrike","floor":8.0},{"not_picked":["hexamod:RetreatToShadows","hexamod:BurningTouch","hexamod:SwordOfDarkness"],"picked":"SKIP","floor":8.0},{"not_picked":["hexamod:SkipABeat","hexamod:InspiringFlames"],"picked":"hexamod:TimeWarp","floor":9.0},{"not_picked":["hexamod:RainOfEmbers","hexamod:BacktrackSmack"],"picked":"hexamod:GhostShield","floor":9.0},{"not_picked":["hexamod:Incineration","hexamod:InspiringFlames"],"picked":"hexamod:NightmareGuise","floor":10.0},{"not_picked":["hexamod:BurningTouch","hexamod:GhostLash","hexamod:RainOfEmbers"],"picked":"SKIP","floor":10.0},{"not_picked":["hexamod:AdvancingGuard","hexamod:GhostflameBarrier"],"picked":"hexamod:HexaLevel","floor":11.0},{"not_picked":["hexamod:SpectersWail","hexamod:AdvancingGuard","hexamod:HauntingEcho"],"picked":"SKIP","floor":11.0},{"not_picked":["hexamod:HauntingEcho","hexamod:Hexaguard"],"picked":"hexamod:HeatMetal","floor":12.0},{"not_picked":["hexamod:SoulSteal","hexamod:SkipABeat","hexamod:RainOfEmbers"],"picked":"SKIP","floor":12.0},{"not_picked":["hexamod:NightmareGuise","hexamod:SpectersWail"],"picked":"hexamod:Hexaguard","floor":14.0},{"not_picked":["hexamod:BurningTouch","hexamod:BacktrackSmack","hexamod:RadiantFlame"],"picked":"SKIP","floor":14.0},{"not_picked":["hexamod:PhantomCloak","hexamod:Hexaguard"],"picked":"hexamod:ThirdSeal","floor":15.0},{"not_picked":["hexamod:RainOfEmbers","hexamod:ThermalTransfer","hexamod:Hexaguard"],"picked":"SKIP","floor":15.0},{"not_picked":["hexamod:SoulSteal","hexamod:NightmareGuise","hexamod:HauntingEcho"],"picked":"SKIP","floor":15.0}],"player_experience":3156274,"relics_obtained":[{"floor":7.0,"key":"Matryoshka"},{"floor":11.0,"key":"Pocketwatch"}],"event_choices":[],"is_beta":false,"boss_relics":[],"items_purged_floors":[14],"is_endless":false,"potions_floor_spawned":[3,8,10,15],"killed_by":"downfall:Silent","ascension_level":20}}