{"host":"52lujqhsyicpcskq","time":1610561710,"event":{"mods":["BaseMod","Colored Map","DeckTracker","Minty Spire (QoL Compilation)","Permanent Neow","StSLib","SuperFastMode","everything is the same but u backflip on backflip"],"gold_per_floor":[116,0,15,29,0,0,11,11,11,11,31,31,47,60,60,60,60],"floor_reached":16,"language":"KOR","playtime":557,"items_purged":[],"score":150,"play_id":"12df90bc-52a0-40ad-8899-a4d797c043a4","local_time":"20210114031510","is_ascension_mode":true,"campfire_choices":[{"data":"Neutralize","floor":6,"key":"SMITH"},{"floor":8,"key":"REST"},{"data":"Strike_G","floor":12,"key":"PURGE"},{"data":"Defend_G","floor":15,"key":"PURGE"}],"circlet_count":0,"master_deck":["AscendersBane","Strike_G","Strike_G","Strike_G","Strike_G","Defend_G","Defend_G","Defend_G","Defend_G","Survivor","Neutralize+1","Grand Finale","Dagger Spray","Backflip","Footwork","Backflip","Prepared","Prepared","Backstab"],"relics":["Ring of the Snake","The Courier","Peace Pipe"],"acts_visited":["Exordium"],"potions_floor_usage":[],"damage_taken":[{"damage":3,"enemies":"2 Louse","floor":1,"turns":4},{"damage":12,"enemies":"Jaw Worm","floor":3,"turns":6},{"damage":2,"enemies":"Small Slimes","floor":4,"turns":4},{"damage":12,"enemies":"Exordium Thugs","floor":7,"turns":4},{"damage":10,"enemies":"Large Slime","floor":11,"turns":11},{"damage":2,"enemies":"3 Louse","floor":13,"turns":3},{"damage":5,"enemies":"Lots of Slimes","floor":14,"turns":5},{"damage":10,"enemies":"The Guardian","floor":16,"turns":3}],"seed_played":"3638220266628501924","potions_obtained":[{"floor":3,"key":"EntropicBrew"},{"floor":7,"key":"DuplicationPotion"}],"is_trial":false,"path_per_floor":["M","$","M","M","?","R","M","R","T","?","M","R","M","M","R","B"],"character_chosen":"THE_SILENT","items_purchased":["Backflip","Footwork"],"campfire_rested":1,"item_purchase_floors":[2,2],"current_hp_per_floor":[60,60,48,46,46,46,34,55,55,52,42,42,40,35,35,25,25],"gold":60,"neow_bonus":"ONE_RANDOM_RARE_CARD","is_daily":false,"chose_seed":false,"campfire_upgraded":1,"win_rate":0.0,"timestamp":1610561710,"path_taken":["M","$","M","M","?","R","M","R","T","?","M","R","?","M","R","BOSS"],"items_purchased_type":["Card","Card"],"build_version":"2020-12-22","purchased_purges":0,"victory":false,"max_hp_per_floor":[70,70,70,70,70,70,70,70,70,70,70,70,70,70,70,70,70],"card_choices":[{"not_picked":["PiercingWail","Blur"],"picked":"Dagger Spray","floor":1},{"not_picked":["Quick Slash","Underhanded Strike"],"picked":"Backflip","floor":3},{"not_picked":["Cloak And Dagger","Concentrate"],"picked":"Prepared","floor":4},{"not_picked":["Dodge and Roll","Doppelganger"],"picked":"Prepared","floor":7},{"not_picked":["Blade Dance","Sucker Punch","Deflect"],"picked":"SKIP","floor":11},{"not_picked":["Bane","Dodge and Roll"],"picked":"Backstab","floor":13},{"not_picked":["Masterful Stab","Flying Knee","Dodge and Roll"],"picked":"SKIP","floor":14}],"player_experience":699375,"relics_obtained":[{"floor":9,"key":"The Courier"}],"event_choices":[{"damage_healed":0,"gold_gain":0,"player_choice":"Left Gold","damage_taken":0,"max_hp_gain":0,"max_hp_loss":0,"event_name":"World of Goop","floor":5,"gold_loss":29},{"damage_healed":0,"gold_gain":0,"player_choice":"Success","damage_taken":3,"relics_obtained":["Peace Pipe"],"max_hp_gain":0,"max_hp_loss":0,"event_name":"Scrap Ooze","floor":10,"gold_loss":0}],"is_beta":false,"boss_relics":[],"items_purged_floors":[],"is_endless":false,"potions_floor_spawned":[3,7,13],"killed_by":"The Guardian","ascension_level":12}}