{"host":"9j9ju8r45kuhshxi","time":1610569462,"event":{"mods":["BaseMod","Colored Map","Colored Powertips","Highlight Path","Marisa（F雨　魔理沙）","Minty Spire (QoL Compilation)","Replay The Spire","Ryuuou龙王","StSLib","[功能]功能增强和修复MOD"],"gold_per_floor":[114,114,89,89,89,89,119,119,119,119,149,64,64,79,79,179,179,194,209,224,224,224,164,164,164,194,194,194,224,224,239,239,234,234,334,334,349,489,489,489,539,569,584,614,639,654,0,0,0,15,15,15],"floor_reached":53,"language":"ZHS","playtime":2484,"items_purged":["Strike_P","Strike_P","Defend_P","Defend_P","Regret","Replay:Sluggish","Defend_P","Strike_P"],"score":1532,"play_id":"f4fda723-4ef1-4010-b9e2-8688f2cf65ee","local_time":"20210114042422","daily_mods":["Cursed Run","Vintage","Lethality"],"is_ascension_mode":false,"campfire_choices":[{"data":"Prostrate","floor":6,"key":"SMITH"},{"data":"EmptyMind","floor":8,"key":"SMITH"},{"data":"Vigilance","floor":10,"key":"SMITH"},{"data":"Replay:BluntJabs","floor":13,"key":"SMITH"},{"data":"Protect","floor":15,"key":"SMITH"},{"data":"FlyingSleeves","floor":25,"key":"SMITH"},{"data":"CarveReality","floor":27,"key":"SMITH"},{"data":"Steam Power","floor":30,"key":"SMITH"},{"data":"FlurryOfBlows","floor":32,"key":"SMITH"},{"data":"Halt","floor":34,"key":"SMITH"},{"data":"Demon Form","floor":48,"key":"SMITH"}],"circlet_count":0,"master_deck":["Eruption","Vigilance+1","Prostrate+1","DeceiveReality+1","LikeWater+1","Replay:BluntJabs+1","Adaptation","EmptyMind+1","Protect+1","Crescendo","Scrawl+1","FlyingSleeves+1","CarveReality+1","Swivel","FlurryOfBlows+1","Steam Power+1","Halt+1","Demon Form+1","Midas Touch+1","CommonCold","LessonLearned","Spreading Infection","Injury"],"relics":["Cursed Key","Darkstone Periapt","Du-Vu Doll","Akabeko","MealTicket","Sling","Bag of Marbles","StrikeDummy","PrismaticShard","Replay:Wax Seal","Tiny Chest","Snack Pack","Replay:WaspNest","Replay:Bottled Steam","Happy Flower","Replay:Ringing Soul","Replay:Drink Me","ReplayTheSpireMod:TigerMarble","Pen Nib","Dream Catcher","Guide Book","Ancient Tea Set","Mercury Hourglass","TeardropLocket","Yang","Bottled Flame","Omamori","Medical Kit","Blue Candle","ReplayTheSpireMod:Ninjato","Snecko Heart","ReplayTheSpireMod:Shallot","ReplayTheSpireMod:CursedCoin","Nunchaku","Replay:Bottled Snecko","Toy Ornithopter","Onion Ring","Pet Ghost","Mirror","Smiling Mask","Bottled Tornado","Red Mask","Gremlin Food"],"acts_visited":["Exordium","TheCity","TheBeyond"],"potions_floor_usage":[16,16,24,35,52,52],"damage_taken":[{"damage":0,"enemies":"Cultist","floor":1,"turns":2},{"damage":0,"enemies":"Replay:BlueRogue","floor":7,"turns":1},{"damage":0,"enemies":"Gremlin Nob","floor":11,"turns":1},{"damage":0,"enemies":"Jaw Worm","floor":12,"turns":3},{"damage":0,"enemies":"2 Louse","floor":14,"turns":1},{"damage":0,"enemies":"Hexaghost","floor":16,"turns":5},{"damage":0,"enemies":"2 Thieves","floor":18,"turns":2},{"damage":0,"enemies":"3 Byrds","floor":19,"turns":1},{"damage":0,"enemies":"Snecko","floor":20,"turns":1},{"damage":0,"enemies":"Book of Stabbing","floor":26,"turns":1},{"damage":0,"enemies":"Gremlin Leader","floor":29,"turns":1},{"damage":0,"enemies":"Chosen and Byrds","floor":31,"turns":1},{"damage":0,"enemies":"Pondfish","floor":35,"turns":3},{"damage":0,"enemies":"3 Darklings","floor":37,"turns":1},{"damage":0,"enemies":"Reptomancer","floor":42,"turns":1},{"damage":0,"enemies":"Orb Walker","floor":43,"turns":1},{"damage":1,"enemies":"R_Hoarder","floor":44,"turns":1},{"damage":1,"enemies":"Transient","floor":46,"turns":1},{"damage":0,"enemies":"Writhing Mass","floor":50,"turns":1},{"damage":0,"enemies":"Awakened One","floor":52,"turns":2}],"seed_played":"-4624312993155624390","potions_obtained":[{"floor":1,"key":"Death Potion"},{"floor":12,"key":"Swift Potion"},{"floor":16,"key":"SkillPotion"},{"floor":19,"key":"SteroidPotion"},{"floor":29,"key":"FairyPotion"},{"floor":35,"key":"Toxic Potion"}],"is_trial":false,"path_per_floor":["M","?","$","?","$","R","E","R","T","R","E","M","R","M","R","B",null,"M","M","M","PTL","PTL","?","$","R","E","R","T","E","R","M","R","$","R","B",null,"M","$","?","?","T","E","M","E","T","M","?","R","?","M","R_BF","B",null],"character_chosen":"WATCHER","items_purchased":["Sling","Bag of Marbles","StrikeDummy","Prostrate","DeceiveReality","Regen Potion","Ancient Potion","LikeWater+1","Replay:BluntJabs","PrismaticShard","Replay:Wax Seal","Tiny Chest","Adaptation","EmptyMind","Adrenaline Potion","Guide Book","Ancient Tea Set","Mercury Hourglass","FlyingSleeves","CarveReality","Fruit Juice","Adrenaline Potion","Swivel","Medical Kit","Blue Candle","ReplayTheSpireMod:Ninjato","LikeWater+1","Halt","ReplayTheSpireMod:CursedCoin","Nunchaku","Replay:Bottled Snecko","Midas Touch","Prostrate"],"campfire_rested":0,"item_purchase_floors":[3,3,3,3,3,3,3,3,3,5,5,5,5,5,5,24,24,24,24,24,24,24,24,33,33,33,33,33,38,38,38,38,38],"current_hp_per_floor":[72,78,78,78,78,78,78,78,84,84,84,84,84,84,84,93,70,70,70,70,70,70,70,78,78,81,81,90,93,93,93,93,96,96,99,99,99,102,102,102,111,111,111,114,123,123,123,123,123,123,132,141],"gold":15,"neow_bonus":"","is_daily":true,"chose_seed":false,"campfire_upgraded":11,"win_rate":0.0,"timestamp":1610569462,"path_taken":["M","?","$","?","$","R","E","R","T","R","E","M","R","M","R","BOSS","M","M","M","PTL","PTL","?","$","R","E","R","T","E","R","M","R","$","R","BOSS","M","$","?","?","?","E","?","E","T","M","?","R","?","M","R_BF","BOSS"],"items_purchased_type":["Relic","Relic","Relic","Card","Card","Potion","Potion","Card","Card","Relic","Relic","Relic","Card","Card","Potion","Relic","Relic","Relic","Card","Card","Potion","Potion","Card","Relic","Relic","Relic","Card","Card","Relic","Relic","Relic","Card","Card"],"build_version":"2020-12-22","purchased_purges":8,"victory":true,"max_hp_per_floor":[72,78,78,78,78,78,78,78,84,84,84,84,84,84,84,93,70,70,70,70,70,70,70,78,78,81,81,90,93,93,93,93,96,96,99,99,99,102,102,102,111,111,111,114,123,123,123,123,123,123,132,141],"card_choices":[{"not_picked":["MilkyWay","LikeWater"],"picked":"Protect","floor":7},{"not_picked":["Impatience","ReplayTheSpireMod:Strike From Hell"],"picked":"Crescendo","floor":11},{"not_picked":["Violence","Hyperbeam"],"picked":"Scrawl","floor":16},{"not_picked":["BattleHymn","UltimateShortwave"],"picked":"FlurryOfBlows","floor":26},{"not_picked":["Dropkick","ReplayTheSpireMod:Scrap Shanks"],"picked":"Steam Power","floor":29},{"not_picked":["ReplayTheSpireMod:Necrogeddon","Master of Strategy"],"picked":"Demon Form","floor":35},{"not_picked":["ShootingEcho+1","ReplayTheSpireMod:LeadingStrike+1","Deadly Poison"],"picked":"SKIP","floor":42},{"not_picked":["Body Slam","ReplayTheSpireMod:Exploit Weakness+1"],"picked":"LessonLearned","floor":44}],"player_experience":96833,"relics_obtained":[{"floor":1,"key":"Akabeko"},{"floor":7,"key":"Snack Pack"},{"floor":9,"key":"Replay:WaspNest"},{"floor":11,"key":"Replay:Bottled Steam"},{"floor":12,"key":"Happy Flower"},{"floor":14,"key":"Replay:Ringing Soul"},{"floor":18,"key":"ReplayTheSpireMod:TigerMarble"},{"floor":19,"key":"Pen Nib"},{"floor":20,"key":"Dream Catcher"},{"floor":26,"key":"TeardropLocket"},{"floor":28,"key":"Yang"},{"floor":29,"key":"Bottled Flame"},{"floor":31,"key":"Omamori"},{"floor":37,"key":"ReplayTheSpireMod:Shallot"},{"floor":41,"key":"Toy Ornithopter"},{"floor":42,"key":"Onion Ring"},{"floor":43,"key":"Pet Ghost"},{"floor":44,"key":"Mirror"},{"floor":45,"key":"Smiling Mask"},{"floor":46,"key":"Bottled Tornado"},{"floor":50,"key":"Gremlin Food"}],"event_choices":[{"damage_healed":0,"gold_gain":0,"player_choice":"Box","damage_taken":0,"relics_obtained":["MealTicket"],"max_hp_gain":0,"max_hp_loss":0,"event_name":"Big Fish","floor":2,"gold_loss":0,"cards_obtained":["Regret"]},{"damage_healed":0,"gold_gain":0,"player_choice":"Ignored","damage_taken":0,"max_hp_gain":0,"max_hp_loss":0,"event_name":"Golden Wing","floor":4,"gold_loss":0},{"cards_removed":["LikeWater"],"damage_healed":0,"gold_gain":0,"player_choice":"Removed Power","damage_taken":0,"max_hp_gain":0,"max_hp_loss":0,"event_name":"Falling","floor":39,"gold_loss":0},{"cards_removed":["Prostrate"],"damage_healed":5,"gold_gain":0,"player_choice":"Offered Common","damage_taken":0,"max_hp_gain":0,"max_hp_loss":0,"event_name":"Bonfire Elementals","floor":40,"gold_loss":0},{"cards_removed":["Prostrate"],"damage_healed":5,"gold_gain":0,"player_choice":"Offered Special","damage_taken":0,"max_hp_gain":0,"max_hp_loss":0,"event_name":"Bonfire Elementals","floor":40,"gold_loss":0},{"damage_healed":0,"gold_gain":0,"player_choice":"Paid","damage_taken":0,"relics_obtained":["Red Mask"],"max_hp_gain":0,"max_hp_loss":0,"event_name":"Tomb of Lord Red Mask","floor":47,"gold_loss":654},{"damage_healed":0,"gold_gain":0,"player_choice":"Forge","damage_taken":0,"max_hp_gain":0,"max_hp_loss":0,"event_name":"Accursed Blacksmith","floor":49,"gold_loss":0,"cards_upgraded":["Midas Touch"]}],"is_beta":false,"boss_relics":[{"not_picked":["Painkiller Herb","Abe\u0027s Treasure"],"picked":"Replay:Drink Me"},{"not_picked":["ChewingGum","SlaversCollar"],"picked":"Snecko Heart"}],"items_purged_floors":[3,3,3,3,3,33,38,38],"is_endless":false,"potions_floor_spawned":[1,7,11,11,12,12,14,16,19,19,19,20,26,29,31,35,35,37,42,42,42,43,44,46,46,46,50],"ascension_level":0}}