{"host":"9l1knhxfturzliqa","time":1610507156,"event":{"mods":["BaseMod","Colored Map","Colored Powertips","DeckTracker","Highlight Path","Keyboard Shortcuts","Minty Spire (QoL Compilation)","Random Character Button"],"gold_per_floor":[110,126,143,157,170,170,170,181,181,181,212,212,229,247,247,323,323,342,352,378,389,21,21,21],"floor_reached":23,"language":"KOR","playtime":2227,"items_purged":["Strike_G"],"score":335,"play_id":"f32911f8-0539-4ad8-a0c4-06bd72778662","local_time":"20210113120556","is_ascension_mode":true,"campfire_choices":[{"data":"Deadly Poison","floor":6.0,"key":"SMITH"},{"data":"Crippling Poison","floor":10.0,"key":"SMITH"},{"floor":15.0,"key":"REST"}],"circlet_count":0,"master_deck":["AscendersBane","Strike_G","Strike_G","Strike_G","Defend_G","Defend_G+1","Defend_G","Defend_G","Defend_G","Survivor","Neutralize","Violence","Deadly Poison+1","PiercingWail","Crippling Poison+1","Bane","PiercingWail+1","Terror","Bouncing Flask","Escape Plan","After Image","Dagger Spray","Tactician","Backflip"],"relics":["Ring of the Snake","InkBottle","Vajra","HoveringKite","Red Mask","Membership Card","Blood Vial","War Paint"],"acts_visited":["Exordium","TheCity"],"potions_floor_usage":[23],"damage_taken":[{"damage":0.0,"enemies":"Jaw Worm","floor":1.0,"turns":6.0},{"damage":0.0,"enemies":"2 Louse","floor":2.0,"turns":3.0},{"damage":1.0,"enemies":"Cultist","floor":3.0,"turns":4.0},{"damage":0.0,"enemies":"Exordium Wildlife","floor":4.0,"turns":4.0},{"damage":0.0,"enemies":"3 Louse","floor":5.0,"turns":2.0},{"damage":6.0,"enemies":"2 Fungi Beasts","floor":8.0,"turns":4.0},{"damage":23.0,"enemies":"Gremlin Nob","floor":11.0,"turns":4.0},{"damage":0.0,"enemies":"Gremlin Gang","floor":13.0,"turns":3.0},{"damage":3.0,"enemies":"Red Slaver","floor":14.0,"turns":4.0},{"damage":28.0,"enemies":"Slime Boss","floor":16.0,"turns":11.0},{"damage":0.0,"enemies":"3 Byrds","floor":18.0,"turns":5.0},{"damage":12.0,"enemies":"Shell Parasite","floor":19.0,"turns":5.0},{"damage":28.0,"enemies":"Masked Bandits","floor":20.0,"turns":5.0},{"damage":7.0,"enemies":"Centurion and Healer","floor":21.0,"turns":10.0},{"damage":6,"enemies":"Book of Stabbing","floor":23,"turns":3}],"seed_played":"-7570514295791284880","potions_obtained":[{"floor":1.0,"key":"DistilledChaos"},{"floor":2.0,"key":"GamblersBrew"},{"floor":5.0,"key":"GamblersBrew"},{"floor":11.0,"key":"Poison Potion"},{"floor":18.0,"key":"Ancient Potion"}],"is_trial":false,"path_per_floor":["M","M","M","M","M","R","?","M","T","R","E","?","M","M","R","B",null,"M","M","?","M","$","E"],"character_chosen":"THE_SILENT","items_purchased":["Membership Card","Blood Vial","War Paint","DistilledChaos"],"campfire_rested":1,"item_purchase_floors":[22,22,22,22],"current_hp_per_floor":[59,59,58,58,58,58,58,52,52,52,29,29,29,26,44,16,49,49,37,9,2,2,0,0],"gold":21,"neow_bonus":"RANDOM_COLORLESS_2","is_daily":false,"chose_seed":false,"campfire_upgraded":2,"win_rate":0.0,"timestamp":1610507156,"path_taken":["M","M","M","M","M","R","?","M","T","R","E","?","M","M","R","BOSS","M","M","?","M","$","E"],"items_purchased_type":["Relic","Relic","Relic","Potion"],"build_version":"2020-12-22","purchased_purges":1,"victory":false,"max_hp_per_floor":[60,60,60,60,60,60,60,60,60,60,60,60,60,60,60,60,60,60,60,60,60,60,60,60],"card_choices":[{"not_picked":["Secret Technique","Transmutation"],"picked":"Violence","floor":0.0},{"not_picked":["Dash","Prepared"],"picked":"Deadly Poison","floor":1.0},{"not_picked":["Underhanded Strike","Flying Knee","All Out Attack"],"picked":"SKIP","floor":2.0},{"not_picked":["Eviscerate","Deadly Poison"],"picked":"PiercingWail","floor":3.0},{"not_picked":["Prepared","Setup"],"picked":"Crippling Poison","floor":4.0},{"not_picked":["Sucker Punch","Flying Knee","Accuracy"],"picked":"SKIP","floor":5.0},{"not_picked":["Dagger Throw","Acrobatics"],"picked":"Bane","floor":8.0},{"not_picked":["Distraction","Skewer"],"picked":"PiercingWail","floor":11.0},{"not_picked":["Outmaneuver","A Thousand Cuts"],"picked":"Bouncing Flask","floor":13.0},{"not_picked":["Outmaneuver","Backstab"],"picked":"Escape Plan","floor":14.0},{"not_picked":["Storm of Steel","Phantasmal Killer"],"picked":"After Image","floor":16.0},{"not_picked":["Underhanded Strike","Bane"],"picked":"Dagger Spray","floor":18.0},{"not_picked":["Outmaneuver","Distraction"],"picked":"Tactician","floor":19.0},{"not_picked":["Dagger Throw","A Thousand Cuts"],"picked":"Backflip","floor":21.0}],"player_experience":419722,"relics_obtained":[{"floor":9.0,"key":"InkBottle"},{"floor":11.0,"key":"Vajra"},{"floor":20.0,"key":"Red Mask"}],"event_choices":[{"cards_removed":["Strike_G"],"damage_healed":0.0,"max_hp_gain":0.0,"max_hp_loss":0.0,"gold_gain":0.0,"event_name":"Living Wall","player_choice":"Forget","floor":7.0,"gold_loss":0.0,"damage_taken":0.0},{"damage_healed":0.0,"max_hp_gain":0.0,"max_hp_loss":0.0,"gold_gain":0.0,"event_name":"Match and Keep!","player_choice":"1 cards matched","floor":12.0,"gold_loss":0.0,"damage_taken":0.0,"cards_obtained":["Terror"]},{"damage_healed":0.0,"max_hp_gain":0.0,"max_hp_loss":0.0,"gold_gain":0.0,"event_name":"Masked Bandits","player_choice":"Fought Bandits","floor":20.0,"gold_loss":0.0,"damage_taken":0.0}],"is_beta":false,"boss_relics":[{"not_picked":["Philosopher\u0027s Stone","SlaversCollar"],"picked":"HoveringKite"}],"items_purged_floors":[22],"is_endless":false,"potions_floor_spawned":[1,2,4,5,11,18],"killed_by":"Book of Stabbing","ascension_level":14}}