{"host":"oje6be5eir840l9r","time":1610543840,"event":{"mods":["2.2 Compatiblity","AchievementEnabler","Alarm Clock","BaseMod","Colored Map","DeckTracker","Highlight Path","Minty Spire (QoL Compilation)","Random Character Button","Rare Cards Sparkle"],"gold_per_floor":[110,127,190,190,190,226,118,118,143,68,109,125,125,139,139,270,270,289,333,333,354,453,478,492,515,538,538,538,183,218,237,237,366,366,389,611,624,624,639,639,424,455,455,160,10,29,45,61,61,61],"floor_reached":51,"language":"POL","playtime":3941,"items_purged":["Injury"],"score":766,"play_id":"79be4ee4-edb8-40cd-9e59-054ddb11ddd9","local_time":"20210113141720","is_ascension_mode":true,"campfire_choices":[{"data":"Bash","floor":8,"key":"SMITH"},{"floor":13,"key":"REST"},{"data":"Armaments","floor":15,"key":"SMITH"},{"data":"Berserk","floor":27,"key":"SMITH"},{"data":"Twin Strike","floor":32,"key":"SMITH"},{"data":"Apotheosis","floor":40,"key":"SMITH"},{"data":"Demon Form","floor":49,"key":"SMITH"}],"circlet_count":0,"master_deck":["Strike_R","Strike_R","Strike_R","Strike_R","Strike_R","Defend_R","Defend_R","Defend_R","Defend_R","Bash+1","Cleave","Clothesline","True Grit","Armaments+1","Inflame","Bludgeon","Iron Wave","Shrug It Off","Berserk+1","Battle Trance","Iron Wave+1","Twin Strike+1","Perfected Strike+1","Pommel Strike+1","Twin Strike","Double Tap","Rage+1","Power Through","Demon Form+1","Spot Weakness+1","Heavy Blade","Bandage Up","Secret Weapon+1","Apotheosis+1","Clothesline+1","Reaper","Shrug It Off","Disarm","Twin Strike","Cleave+1","Iron Wave"],"relics":["Black Blood","Regal Pillow","Golden Idol","Pantograph","Nunchaku","Ornamental Fan","Coffee Dripper","Red Mask","Enchiridion","Potion Belt","Bird Faced Urn","PreservedInsect","Boot","Lantern","White Beast Statue","Frozen Eye","War Paint"],"acts_visited":["Exordium","TheCity","TheBeyond"],"potions_floor_usage":[11,18,24,35,42,50],"damage_taken":[{"damage":1,"enemies":"Cultist","floor":1,"turns":3},{"damage":11,"enemies":"Jaw Worm","floor":2,"turns":4},{"damage":23,"enemies":"Gremlin Nob","floor":6,"turns":5},{"damage":28,"enemies":"Lagavulin","floor":11,"turns":8},{"damage":7,"enemies":"Small Slimes","floor":12,"turns":3},{"damage":0,"enemies":"2 Fungi Beasts","floor":14,"turns":2},{"damage":52,"enemies":"Hexaghost","floor":16,"turns":9},{"damage":4,"enemies":"3 Byrds","floor":18,"turns":7},{"damage":20,"enemies":"Masked Bandits","floor":19,"turns":4},{"damage":2,"enemies":"Chosen","floor":21,"turns":3},{"damage":31,"enemies":"Shelled Parasite and Fungi","floor":23,"turns":8},{"damage":9,"enemies":"Snake Plant","floor":24,"turns":4},{"damage":5,"enemies":"Chosen and Byrds","floor":25,"turns":6},{"damage":0,"enemies":"Gremlin Leader","floor":30,"turns":5},{"damage":0,"enemies":"Sentry and Sphere","floor":31,"turns":3},{"damage":43,"enemies":"Collector","floor":33,"turns":10},{"damage":4,"enemies":"Orb Walker","floor":35,"turns":3},{"damage":9,"enemies":"3 Darklings","floor":37,"turns":5},{"damage":13,"enemies":"Transient","floor":39,"turns":5},{"damage":41,"enemies":"Nemesis","floor":42,"turns":6},{"damage":0,"enemies":"Writhing Mass","floor":46,"turns":6},{"damage":22,"enemies":"Sphere and 2 Shapes","floor":47,"turns":5},{"damage":22,"enemies":"Transient","floor":48,"turns":5},{"damage":61,"enemies":"Time Eater","floor":50,"turns":10}],"seed_played":"-3501408126864124010","potions_obtained":[{"floor":2,"key":"FairyPotion"},{"floor":6,"key":"SteroidPotion"},{"floor":12,"key":"EssenceOfSteel"},{"floor":14,"key":"Strength Potion"},{"floor":19,"key":"SpeedPotion"},{"floor":25,"key":"LiquidMemories"},{"floor":30,"key":"SpeedPotion"},{"floor":31,"key":"Explosive Potion"},{"floor":35,"key":"ElixirPotion"},{"floor":42,"key":"Strength Potion"},{"floor":46,"key":"Energy Potion"},{"floor":48,"key":"DuplicationPotion"}],"is_trial":false,"path_per_floor":["M","M","?","?","?","E","$","R","T","$","E","M","R","M","R","B",null,"M","?","?","M","?","M","M","M","T","R","?","$","E","M","R","B",null,"M","?","M","?","M","R","$","E","T","$","$","M","M","M","R","B",null],"character_chosen":"IRONCLAD","items_purchased":["Armaments","Inflame","PreservedInsect","Twin Strike","Double Tap","Reaper","Shrug It Off","Frozen Eye","CultistPotion","Twin Strike","War Paint"],"campfire_rested":1,"item_purchase_floors":[7,7,29,29,29,41,41,44,44,44,45],"current_hp_per_floor":[80,75,75,57,57,40,40,40,40,40,18,17,56,62,62,34,80,80,66,50,54,54,29,26,27,27,27,27,27,39,47,47,41,80,80,80,80,70,77,77,77,60,60,60,60,80,74,70,70,41],"gold":61,"neow_bonus":"THREE_CARDS","is_daily":false,"chose_seed":false,"campfire_upgraded":6,"win_rate":0.0,"timestamp":1610543840,"path_taken":["M","?","?","?","?","E","$","R","T","$","E","M","R","M","R","BOSS","M","?","?","M","?","M","M","M","T","R","?","$","E","M","R","BOSS","M","?","M","?","M","R","$","E","T","?","$","M","M","?","R","BOSS"],"items_purchased_type":["Card","Card","Relic","Card","Card","Card","Card","Relic","Potion","Card","Relic"],"build_version":"2020-12-22","purchased_purges":1,"victory":true,"max_hp_per_floor":[80,80,80,80,80,80,80,80,80,80,80,80,80,80,80,80,80,80,80,80,80,80,80,80,80,80,80,80,80,80,80,80,80,80,80,80,80,80,80,80,80,80,80,80,80,80,80,80,80,80],"card_choices":[{"not_picked":["Clash","Second Wind"],"picked":"Cleave","floor":0},{"not_picked":["Clash","Dual Wield"],"picked":"Clothesline","floor":1},{"not_picked":["Cleave","Ghostly Armor"],"picked":"True Grit","floor":2},{"not_picked":["Second Wind","Anger","Warcry"],"picked":"SKIP","floor":6},{"not_picked":["Dropkick","Entrench"],"picked":"Bludgeon","floor":11},{"not_picked":["Clothesline","Armaments"],"picked":"Iron Wave","floor":12},{"not_picked":["Rupture","Cleave"],"picked":"Shrug It Off","floor":14},{"not_picked":["Corruption","Juggernaut"],"picked":"Berserk","floor":16},{"not_picked":["Anger+1","Headbutt","Second Wind"],"picked":"SKIP","floor":18},{"not_picked":["Warcry","Combust"],"picked":"Battle Trance","floor":19},{"not_picked":["Body Slam","Perfected Strike"],"picked":"Iron Wave+1","floor":21},{"not_picked":["Shockwave","Cleave+1"],"picked":"Twin Strike","floor":23},{"not_picked":["Burning Pact","Combust"],"picked":"Perfected Strike+1","floor":24},{"not_picked":["Searing Blow","Heavy Blade"],"picked":"Pommel Strike+1","floor":25},{"not_picked":["Burning Pact+1","Dropkick"],"picked":"Rage","floor":30},{"not_picked":["Cleave+1","Sword Boomerang"],"picked":"Power Through","floor":31},{"not_picked":["Impervious","Double Tap"],"picked":"Demon Form","floor":33},{"not_picked":["Clothesline+1","Bloodletting"],"picked":"Spot Weakness+1","floor":35},{"not_picked":["Shrug It Off","Reckless Charge"],"picked":"Heavy Blade","floor":37},{"not_picked":["Deep Breath","Trip"],"picked":"Bandage Up","floor":38},{"not_picked":["Jack Of All Trades","HandOfGreed"],"picked":"Secret Weapon","floor":38},{"not_picked":["Swift Strike","Secret Weapon"],"picked":"Apotheosis","floor":38},{"not_picked":["Flex","Clash"],"picked":"Clothesline+1","floor":39},{"not_picked":["Carnage+1","Sword Boomerang+1"],"picked":"Disarm","floor":42},{"not_picked":["Anger+1","Clash","Body Slam+1"],"picked":"SKIP","floor":46},{"not_picked":["Body Slam+1","Clothesline+1"],"picked":"Cleave+1","floor":47},{"not_picked":["True Grit+1","Rupture+1"],"picked":"Iron Wave","floor":48}],"player_experience":26989,"relics_obtained":[{"floor":6,"key":"Pantograph"},{"floor":9,"key":"Nunchaku"},{"floor":11,"key":"Ornamental Fan"},{"floor":19,"key":"Red Mask"},{"floor":20,"key":"Enchiridion"},{"floor":26,"key":"Potion Belt"},{"floor":30,"key":"Boot"},{"floor":42,"key":"Lantern"},{"floor":43,"key":"White Beast Statue"}],"event_choices":[{"damage_healed":0,"gold_gain":63,"player_choice":"Gained Gold","damage_taken":0,"max_hp_gain":0,"max_hp_loss":0,"event_name":"Golden Wing","floor":3,"gold_loss":0},{"damage_healed":0,"gold_gain":0,"player_choice":"Success","damage_taken":18,"relics_obtained":["Regal Pillow"],"max_hp_gain":0,"max_hp_loss":0,"event_name":"Scrap Ooze","floor":4,"gold_loss":0},{"damage_healed":0,"gold_gain":0,"player_choice":"Take Wound","damage_taken":0,"relics_obtained":["Golden Idol"],"max_hp_gain":0,"max_hp_loss":0,"event_name":"Golden Idol","floor":5,"gold_loss":0,"cards_obtained":["Injury"]},{"damage_healed":0,"gold_gain":0,"player_choice":"Fought Bandits","damage_taken":0,"max_hp_gain":0,"max_hp_loss":0,"event_name":"Masked Bandits","floor":19,"gold_loss":0},{"damage_healed":0,"gold_gain":0,"player_choice":"Obtained Book","damage_taken":16,"max_hp_gain":0,"max_hp_loss":0,"event_name":"Cursed Tome","floor":20,"gold_loss":0},{"damage_healed":0,"gold_gain":99,"player_choice":"Stole From Cult","damage_taken":0,"max_hp_gain":0,"max_hp_loss":0,"event_name":"Nest","floor":22,"gold_loss":0},{"damage_healed":0,"gold_gain":0,"player_choice":"Opened","damage_taken":0,"relics_obtained":["Bird Faced Urn"],"max_hp_gain":0,"max_hp_loss":0,"event_name":"The Mausoleum","floor":28,"gold_loss":0},{"damage_healed":0,"gold_gain":222,"player_choice":"Wore Mask","damage_taken":0,"max_hp_gain":0,"max_hp_loss":0,"event_name":"Tomb of Lord Red Mask","floor":36,"gold_loss":0},{"damage_healed":0,"gold_gain":0,"player_choice":"Memory 3","damage_taken":10,"max_hp_gain":0,"max_hp_loss":0,"event_name":"SensoryStone","floor":38,"gold_loss":0}],"is_beta":false,"boss_relics":[{"not_picked":["Calling Bell","Runic Pyramid"],"picked":"Coffee Dripper"},{"not_picked":["Tiny House","Philosopher\u0027s Stone"],"picked":"Black Blood"}],"items_purged_floors":[10],"is_endless":false,"potions_floor_spawned":[2,6,12,14,16,19,25,30,31,35,42,46,47,48],"ascension_level":1}}