{"host":"txhhdwa0hqfs4jhb","time":1610571171,"event":{"mods":["BaseMod","Better Third Choice","Filter the Spire","Minty Spire (QoL Compilation)","Relic Stats","Replay The Spire","StSLib","Thieving Mod"],"gold_per_floor":[114,125,50,50,50,80,80,114,114,143,162,162,162,0,0,77,77,91,31,45,118,35,60,60,60],"floor_reached":24,"language":"ENG","playtime":1354,"items_purged":["Strike_G"],"score":421,"play_id":"03c0a45d-3bdf-4764-a48c-4a81fcf64425","local_time":"20210113205251","is_ascension_mode":true,"campfire_choices":[{"data":"Skewer","floor":13.0,"key":"SMITH"}],"circlet_count":0,"master_deck":["AscendersBane","Strike_G","Strike_G","Strike_G","Defend_G","Defend_G","Defend_G","Defend_G","Defend_G","Survivor","Neutralize","Skewer+1","Apotheosis","Fluid Movement+1","Night Terror","Catalyst","Accuracy+1","Enlightenment","Poisoned Stab","Storm of Steel","Accuracy+1","Noxious Fumes+1","ReplayTheSpireMod:Brewmster+1","Accuracy+1"],"relics":["Snecko Eye","Dead Branch","Frozen Egg 2","Art of War","Nunchaku","StrikeDummy","ChewingGum","Pantograph","Membership Card","ReplayTheSpireMod:TigerMarble"],"acts_visited":["TheCity"],"potions_floor_usage":[23,23],"damage_taken":[{"damage":2.0,"enemies":"Jaw Worm","floor":1.0,"turns":6.0},{"damage":3.0,"enemies":"2 Louse","floor":2.0,"turns":4.0},{"damage":12.0,"enemies":"Lagavulin","floor":6.0,"turns":6.0},{"damage":20.0,"enemies":"Gremlin Nob","floor":8.0,"turns":3.0},{"damage":0.0,"enemies":"Replay:BlueRogue","floor":10.0,"turns":5.0},{"damage":0.0,"enemies":"Cultist","floor":11.0,"turns":3.0},{"damage":32.0,"enemies":"The Guardian","floor":16.0,"turns":11.0},{"damage":19.0,"enemies":"3 Byrds","floor":18.0,"turns":4.0},{"damage":10.0,"enemies":"Spheric Guardian","floor":20.0,"turns":4.0},{"damage":22,"enemies":"Replay:Snechameleon","floor":23,"turns":3},{"damage":16,"enemies":"3 Cultists","floor":24,"turns":3}],"seed_played":"-8241866889122586203","potions_obtained":[{"floor":2.0,"key":"Fire Potion"},{"floor":7.0,"key":"DuplicationPotion"},{"floor":10.0,"key":"Poison Potion"},{"floor":11.0,"key":"DuplicationPotion"}],"is_trial":false,"path_per_floor":["M","M","$","?","$","E","?","E","T","E","M","?","R","?","R","B",null,"M","?","M","T","$","E","M"],"character_chosen":"THE_SILENT","items_purchased":["ReplayTheSpireMod:Brewmster+1"],"campfire_rested":0,"item_purchase_floors":[22],"current_hp_per_floor":[61,58,58,58,58,46,46,26,26,26,26,49,49,55,55,23,63,44,44,34,34,34,12,0,0],"gold":60,"neow_bonus":"BOSS_RELIC","is_daily":false,"chose_seed":false,"campfire_upgraded":1,"win_rate":0.0,"timestamp":1610571171,"path_taken":["M","M","$","?","$","E","?","E","T","E","?","?","R","?","R","BOSS","M","?","M","?","$","E","M"],"items_purchased_type":["Card"],"build_version":"2020-12-22","purchased_purges":1,"victory":false,"max_hp_per_floor":[70,70,70,70,70,70,70,70,70,70,70,70,70,76,76,76,76,76,76,76,76,76,76,76,76],"relic_stats":{"Nunchaku":[7],"counters":[9,42],"Dead Branch":[55],"Pantograph":0,"Snecko Eye":[64,70,66,78],"Art of War":[8],"obtain_stats":[{"Nunchaku":9,"Dead Branch":5,"Pantograph":21,"Snecko Eye":0,"ChewingGum":17,"Art of War":8,"ReplayTheSpireMod:TigerMarble":23,"Membership Card":22,"Frozen Egg 2":6,"StrikeDummy":10},{"Nunchaku":2,"Dead Branch":0,"Pantograph":7,"Snecko Eye":0,"ChewingGum":5,"Art of War":2,"ReplayTheSpireMod:TigerMarble":8,"Membership Card":7,"Frozen Egg 2":1,"StrikeDummy":3},{"Nunchaku":9,"Dead Branch":0,"Pantograph":36,"Snecko Eye":0,"ChewingGum":28,"Art of War":9,"ReplayTheSpireMod:TigerMarble":39,"Membership Card":36,"Frozen Egg 2":6,"StrikeDummy":14}]},"card_choices":[{"not_picked":["Blade Dance","Dodge and Roll","Masterful Stab"],"picked":"SKIP","floor":1.0},{"not_picked":["Caltrops","Finisher"],"picked":"Skewer","floor":2.0},{"not_picked":["Endless Agony","Backflip"],"picked":"Fluid Movement+1","floor":6.0},{"not_picked":["Adrenaline","Predator"],"picked":"Night Terror","floor":8.0},{"not_picked":["Slice","Dodge and Roll"],"picked":"Catalyst","floor":10.0},{"not_picked":["Dodge and Roll","Cloak And Dagger"],"picked":"Accuracy+1","floor":11.0},{"not_picked":["Malaise","After Image+1"],"picked":"Storm of Steel","floor":16.0},{"not_picked":["Flechettes","Tactician"],"picked":"Accuracy+1","floor":18.0},{"not_picked":["Concentrate","Underhanded Strike"],"picked":"Noxious Fumes+1","floor":20.0},{"not_picked":["Dodge and Roll","Bouncing Flask"],"picked":"Accuracy+1","floor":23}],"player_experience":245058,"relics_obtained":[{"floor":6.0,"key":"Frozen Egg 2"},{"floor":8.0,"key":"Art of War"},{"floor":9.0,"key":"Nunchaku"},{"floor":10.0,"key":"StrikeDummy"},{"floor":21.0,"key":"Pantograph"},{"floor":23,"key":"ReplayTheSpireMod:TigerMarble"}],"event_choices":[{"damage_healed":0.0,"max_hp_gain":0.0,"max_hp_loss":0.0,"gold_gain":0.0,"event_name":"The Woman in Blue","player_choice":"Bought 0 Potions","floor":4.0,"gold_loss":0.0,"damage_taken":0.0},{"damage_healed":0.0,"max_hp_gain":0.0,"max_hp_loss":0.0,"gold_gain":0.0,"event_name":"Lab","player_choice":"Got Potions","floor":7.0,"gold_loss":0.0,"damage_taken":0.0},{"damage_healed":23.0,"max_hp_gain":0.0,"max_hp_loss":0.0,"gold_gain":0.0,"event_name":"Big Fish","player_choice":"Banana","floor":12.0,"gold_loss":0.0,"damage_taken":0.0},{"damage_healed":0.0,"max_hp_gain":0.0,"max_hp_loss":0.0,"gold_gain":0.0,"event_name":"betterThird:BetterSerpent","player_choice":"RENOUNCE","floor":14.0,"gold_loss":162.0,"damage_taken":162.0,"cards_obtained":["Enlightenment"]}],"is_beta":false,"boss_relics":[{"not_picked":["SacredBark","Astrolabe"],"picked":"ChewingGum"}],"items_purged_floors":[3],"is_endless":false,"potions_floor_spawned":[2,10,11,20],"killed_by":"3 Cultists","ascension_level":13}}