{"host":"i0avyit1s6jb1siw","time":1610575913,"event":{"mods":["BaseMod","DeckTracker","Dota2Spire","Highlight Path","Minty Spire (QoL Compilation)","Quick Restart","StSLib","SuperFastMode"],"gold_per_floor":[112,126,126,137,154,154,166,176,231,79,99,99,99],"floor_reached":12,"language":"ENG","playtime":265,"items_purged":["Strike_B"],"score":115,"play_id":"943a9b7f-2668-4a5b-a5aa-b2683bc1f30e","local_time":"20210113231153","is_ascension_mode":true,"campfire_choices":[{"data":"Dualcast","floor":6,"key":"SMITH"}],"circlet_count":0,"master_deck":["AscendersBane","Strike_B","Strike_B","Strike_B","Defend_B","Defend_B","Defend_B","Defend_B","Zap+1","Dualcast+1","Melter","Hologram","Ball Lightning","Cold Snap","Capacitor","Consume","Compile Driver"],"relics":["Cracked Core","DataDisk"],"acts_visited":["Exordium"],"potions_floor_usage":[12,12],"damage_taken":[{"damage":0,"enemies":"Small Slimes","floor":1,"turns":3},{"damage":9,"enemies":"2 Louse","floor":2,"turns":2},{"damage":1,"enemies":"Cultist","floor":4,"turns":3},{"damage":15,"enemies":"Gremlin Gang","floor":5,"turns":5},{"damage":10,"enemies":"2 Fungi Beasts","floor":7,"turns":3},{"damage":2,"enemies":"Exordium Wildlife","floor":8,"turns":4},{"damage":9,"enemies":"Large Slime","floor":11,"turns":4},{"damage":28,"enemies":"Gremlin Nob","floor":12,"turns":3}],"seed_played":"-4399338884514741567","potions_obtained":[{"floor":4,"key":"GamblersBrew"},{"floor":7,"key":"FearPotion"}],"is_trial":false,"path_per_floor":["M","M","?","M","M","R","M","M","T","$","M","E"],"character_chosen":"DEFECT","items_purchased":["Consume"],"campfire_rested":0,"item_purchase_floors":[10],"current_hp_per_floor":[68,59,64,63,48,48,38,36,36,36,27,0,0],"gold":99,"neow_bonus":"UPGRADE_CARD","is_daily":false,"chose_seed":false,"campfire_upgraded":1,"win_rate":0.0,"timestamp":1610575913,"path_taken":["M","M","?","M","M","R","M","M","T","$","M","E"],"items_purchased_type":["Card"],"build_version":"2020-12-22","purchased_purges":1,"victory":false,"max_hp_per_floor":[75,75,80,80,80,80,80,80,80,80,80,80,80],"card_choices":[{"not_picked":["Turbo","Force Field","Skim"],"picked":"SKIP","floor":1},{"not_picked":["Leap","Self Repair"],"picked":"Melter","floor":2},{"not_picked":["Beam Cell","Tempest"],"picked":"Hologram","floor":4},{"not_picked":["Blizzard","Leap"],"picked":"Ball Lightning","floor":5},{"not_picked":["Barrage","Redo"],"picked":"Cold Snap","floor":7},{"not_picked":["Streamline","Cold Snap"],"picked":"Capacitor","floor":8},{"not_picked":["Sweeping Beam","Cold Snap"],"picked":"Compile Driver","floor":11}],"player_experience":2232822,"relics_obtained":[{"floor":9,"key":"DataDisk"}],"event_choices":[{"damage_healed":0,"gold_gain":0,"player_choice":"Donut","damage_taken":0,"max_hp_gain":5,"max_hp_loss":0,"event_name":"Big Fish","floor":3,"gold_loss":0}],"is_beta":false,"boss_relics":[],"items_purged_floors":[10],"is_endless":false,"potions_floor_spawned":[4,7],"killed_by":"Gremlin Nob","ascension_level":11}}