{"host":"dftyqn972q7tuon4","time":1610579597,"event":{"mods":["AchievementEnabler","BaseMod","Better Altar","Better Match","Better Note","Better Sensory Stone","Better Skull","Better Third Choice","Colored Powertips","Highlight Path","Minty Spire (QoL Compilation)","Permanent Neow","Quick Restart","StSLib"],"gold_per_floor":[116,88,99,115,115,115,148,148,148,158,83,83,83],"floor_reached":12,"language":"ENG","playtime":449,"items_purged":["Strike_R"],"score":109,"play_id":"576faa07-19fd-4130-a9fb-6e732aca41da","local_time":"20210114001317","is_ascension_mode":true,"campfire_choices":[{"floor":6.0,"key":"REST"},{"data":"Heavy Blade","floor":8.0,"key":"SMITH"}],"circlet_count":0,"master_deck":["Strike_R","Strike_R","Strike_R","Strike_R","Defend_R","Defend_R","Defend_R","Defend_R","Bash","Sword Boomerang","Heavy Blade+1","Sword Boomerang","Warcry","Battle Trance","Heavy Blade"],"relics":["Burning Blood","betterThird:SlimedRelic","Potion Belt","Ancient Tea Set","Gremlin Horn"],"acts_visited":["Exordium"],"potions_floor_usage":[],"damage_taken":[{"damage":14.0,"enemies":"Small Slimes","floor":1.0,"turns":5.0},{"damage":8.0,"enemies":"Jaw Worm","floor":3.0,"turns":4.0},{"damage":1.0,"enemies":"Cultist","floor":4.0,"turns":3.0},{"damage":30.0,"enemies":"3 Sentries","floor":7.0,"turns":5.0},{"damage":0.0,"enemies":"Large Slime","floor":10.0,"turns":4.0},{"damage":0,"enemies":"Lagavulin","floor":12,"turns":1}],"seed_played":"-7103095094918582715","potions_obtained":[{"floor":3.0,"key":"Swift Potion"},{"floor":4.0,"key":"Strength Potion"}],"is_trial":false,"path_per_floor":["M","?","M","M","?","R","E","R","T","M","$","E"],"character_chosen":"IRONCLAD","items_purchased":[],"campfire_rested":1,"item_purchase_floors":[],"current_hp_per_floor":[64,53,51,56,31,55,31,31,31,37,37,37,37],"gold":83,"neow_bonus":"THREE_CARDS","is_daily":false,"chose_seed":false,"campfire_upgraded":1,"win_rate":0.0,"timestamp":1610579597,"path_taken":["M","?","M","M","?","R","E","R","T","?","?","E"],"items_purchased_type":[],"build_version":"2020-12-22","purchased_purges":1,"victory":false,"max_hp_per_floor":[80,80,80,80,80,80,80,80,80,80,80,80,80],"card_choices":[{"not_picked":["Metallicize","True Grit"],"picked":"Sword Boomerang","floor":0.0},{"not_picked":["Body Slam","Hemokinesis"],"picked":"Heavy Blade","floor":1.0},{"not_picked":["Thunderclap","Twin Strike"],"picked":"Sword Boomerang","floor":3.0},{"not_picked":["Dark Embrace","Wild Strike"],"picked":"Warcry","floor":4.0},{"not_picked":["Searing Blow","Pommel Strike"],"picked":"Battle Trance","floor":7.0},{"not_picked":["Armaments","Thunderclap"],"picked":"Heavy Blade","floor":10.0}],"player_experience":636258,"relics_obtained":[{"floor":7.0,"key":"Ancient Tea Set"},{"floor":9.0,"key":"Gremlin Horn"}],"event_choices":[{"damage_healed":0.0,"max_hp_gain":0.0,"max_hp_loss":0.0,"gold_gain":0.0,"event_name":"betterThird:BetterGoop","player_choice":"Slimed","floor":2.0,"gold_loss":28.0,"damage_taken":11.0},{"damage_healed":0.0,"max_hp_gain":0.0,"max_hp_loss":0.0,"gold_gain":0.0,"event_name":"betterThird:BetterScrap","player_choice":"Relic ","floor":5.0,"gold_loss":0.0,"damage_taken":25.0,"cards_obtained":["Expertise"]}],"is_beta":false,"boss_relics":[],"items_purged_floors":[11],"is_endless":false,"potions_floor_spawned":[3,4],"killed_by":"Lagavulin","ascension_level":8}}