{"host":"2se5dq1do2gp0x9k","time":1610504549,"event":{"mods":["AchievementEnabler","BaseMod","Block Reminder","Colored Map","Colored Powertips","Minty Spire (QoL Compilation)","Relic Stats","StSLib","SuperFastMode"],"gold_per_floor":[111,58,68,87,387,387,403,403,403,429,270,270,282,302,302,373,373,390,290,310,310,310],"floor_reached":21,"language":"ENG","playtime":674,"items_purged":["Defend_P","Strike_P"],"score":461,"play_id":"b7a21bfc-997c-4ca2-bedf-1450383c2580","local_time":"20210112182229","is_ascension_mode":true,"campfire_choices":[{"data":"CrushJoints","floor":6,"key":"SMITH"},{"data":"BattleHymn","floor":8,"key":"SMITH"},{"data":"Adaptation","floor":12,"key":"SMITH"},{"data":"Wallop","floor":15,"key":"SMITH"}],"circlet_count":0,"master_deck":["AscendersBane","Strike_P","Strike_P","Strike_P","Defend_P","Defend_P","Defend_P","Eruption","Vigilance","Wallop+1","CrushJoints+1","Vengeance","JustLucky","BattleHymn+1","MentalFortress","Adaptation+1","EmptyFist","Establishment","Fasting2"],"relics":["Philosopher\u0027s Stone","Old Coin","Incense Burner","Omamori","Velvet Choker"],"acts_visited":["Exordium","TheCity"],"potions_floor_usage":[20,21],"damage_taken":[{"damage":1,"enemies":"Cultist","floor":1,"turns":4},{"damage":4,"enemies":"Jaw Worm","floor":3,"turns":3},{"damage":0,"enemies":"2 Louse","floor":4,"turns":2},{"damage":0,"enemies":"Looter","floor":7,"turns":2},{"damage":0,"enemies":"Lagavulin","floor":10,"turns":4},{"damage":2,"enemies":"Exordium Thugs","floor":13,"turns":3},{"damage":9,"enemies":"2 Fungi Beasts","floor":14,"turns":3},{"damage":0,"enemies":"Slime Boss","floor":16,"turns":4},{"damage":0,"enemies":"Spheric Guardian","floor":18,"turns":2},{"damage":20,"enemies":"2 Thieves","floor":20,"turns":3},{"damage":41,"enemies":"Masked Bandits","floor":21,"turns":3}],"seed_played":"4320101364007867958","potions_obtained":[{"floor":1,"key":"Swift Potion"},{"floor":3,"key":"Energy Potion"},{"floor":20,"key":"BlessingOfTheForge"}],"is_trial":false,"path_per_floor":["M","$","M","M","?","R","M","R","T","E","$","R","M","M","R","B",null,"M","$","M","?"],"character_chosen":"WATCHER","items_purchased":["CrushJoints","Adaptation"],"campfire_rested":0,"item_purchase_floors":[2,11],"current_hp_per_floor":[60,60,56,56,51,51,51,51,51,51,51,51,49,40,40,40,61,61,61,41,0,0],"gold":310,"neow_bonus":"BOSS_RELIC","is_daily":false,"chose_seed":false,"campfire_upgraded":4,"win_rate":0.0,"timestamp":1610504549,"path_taken":["M","$","M","?","?","R","M","R","T","E","$","R","M","M","R","BOSS","M","$","M","?"],"items_purchased_type":["Card","Card"],"build_version":"2020-12-22","purchased_purges":2,"victory":false,"max_hp_per_floor":[68,68,68,68,68,68,68,68,68,68,68,68,68,68,68,68,68,68,68,68,68,68],"relic_stats":{"counters":[11,33],"obtain_stats":[{"Velvet Choker":17,"Philosopher\u0027s Stone":0,"Incense Burner":9,"Omamori":10,"PureWater":0,"Old Coin":5},{"Velvet Choker":8,"Philosopher\u0027s Stone":0,"Incense Burner":4,"Omamori":5,"PureWater":0,"Old Coin":3},{"Velvet Choker":25,"Philosopher\u0027s Stone":0,"Incense Burner":11,"Omamori":15,"PureWater":0,"Old Coin":9}]},"card_choices":[{"not_picked":["EmptyBody","CutThroughFate"],"picked":"Wallop","floor":1},{"not_picked":["EmptyFist","Perseverance"],"picked":"Vengeance","floor":3},{"not_picked":["PathToVictory","Crescendo"],"picked":"JustLucky","floor":4},{"not_picked":["Evaluate","Crescendo"],"picked":"BattleHymn","floor":7},{"not_picked":["Protect","EmptyMind"],"picked":"MentalFortress","floor":10},{"not_picked":["Evaluate","Pray","EmptyBody"],"picked":"SKIP","floor":13},{"not_picked":["Crescendo","EmptyBody"],"picked":"EmptyFist","floor":14},{"not_picked":["Judgement","Blasphemy"],"picked":"Establishment","floor":16},{"not_picked":["Collect","Evaluate","Halt"],"picked":"SKIP","floor":18},{"not_picked":["FollowUp","Prostrate"],"picked":"Fasting2","floor":20}],"player_experience":3845766,"relics_obtained":[{"floor":9,"key":"Incense Burner"},{"floor":10,"key":"Omamori"}],"event_choices":[{"damage_healed":0,"gold_gain":0,"player_choice":"Success","damage_taken":5,"relics_obtained":["Old Coin"],"max_hp_gain":0,"max_hp_loss":0,"event_name":"Scrap Ooze","floor":5,"gold_loss":0},{"damage_healed":0,"gold_gain":0,"player_choice":"Fought Bandits","damage_taken":0,"max_hp_gain":0,"max_hp_loss":0,"event_name":"Masked Bandits","floor":21,"gold_loss":0}],"is_beta":false,"boss_relics":[{"not_picked":["Busted Crown","Runic Dome"],"picked":"Velvet Choker"}],"items_purged_floors":[11,19],"is_endless":false,"potions_floor_spawned":[1,3,7,14,20],"killed_by":"Masked Bandits","ascension_level":16}}