{"host":"684z1xpuwaoqmmh1","time":1610545864,"event":{"mods":["Bard","BaseMod","Downfall","Hermit","Jorbs\u0027s Wanderer Trilogy","Marisa????????","Minty Spire (QoL Compilation)","Robot Space Explorer","Shade Mod","StSLib","The Bug Knight","The Cursed","The Hayseed","The Hierophant","The Marked","The Mystic","The Runesmith","The Senshi","The Spell Scribe"],"gold_per_floor":[111,111,111,128,138,163,174,188,488,516,527,558,558,585,585,690,690,700,712,712,622,634,634,660,678,678,713,713,746,756,766,766,869,869,888,888,907,926,926,926],"floor_reached":39,"language":"ENG","playtime":3523,"items_purged":[],"score":738,"play_id":"8e117590-98e2-49fe-883f-0bce17e0b178","local_time":"20210113155104","is_ascension_mode":true,"campfire_choices":[{"floor":13,"key":"REST"},{"data":"Runesmith:ChaoticBlast","floor":15,"key":"SMITH"},{"data":"Runesmith:Firestorm","floor":23,"key":"SMITH"},{"data":"Runesmith:CreatorForm","floor":28,"key":"SMITH"},{"data":"Runesmith:DuctTape","floor":32,"key":"SMITH"}],"circlet_count":0,"master_deck":["Runesmith:Strike_RS","Runesmith:Strike_RS","Runesmith:Strike_RS","Runesmith:Defend_RS","Runesmith:Defend_RS+1","Runesmith:Defend_RS","Runesmith:Defend_RS+1","Runesmith:CraftFirestone+1","Runesmith:Fortify+1","Runesmith:ChaoticBlast+1","Runesmith:NanitesCloud","Runesmith:Firestorm+1","Runesmith:OneForEveryone+1","Runesmith:EnergizedChisel","Runesmith:Supernova+1","Runesmith:EarthShield","Runesmith:CraftObretio","Runesmith:UnlimitedPower","CurseOfTheBell","Runesmith:Grindstone+1","Runesmith:FrozenChisel","Runesmith:PerfectChisel","Runesmith:UnstableHammer","Runesmith:CreatorForm+1","Runesmith:DuctTape+1","Runesmith:RuneHurl+1","Runesmith:Duplicate","Runesmith:CraftMagma+1","Runesmith:HammerThrow+1"],"relics":["Runesmith:BrokenRuby","Ancient Tea Set","FossilizedHelix","Old Coin","Mummified Hand","War Paint","Odd Mushroom","Calling Bell","Happy Flower","Pantograph","Peace Pipe","Enchiridion","Kunai","Guardian:GemstoneGun","Pen Nib","SlaversCollar"],"acts_visited":["Exordium","TheCity","TheBeyond"],"potions_floor_usage":[12,14,22,27,33],"damage_taken":[{"damage":6.0,"enemies":"Small Slimes","floor":1.0,"turns":4.0},{"damage":0.0,"enemies":"2 Louse","floor":4.0,"turns":2.0},{"damage":0.0,"enemies":"Jaw Worm","floor":5.0,"turns":4.0},{"damage":20.0,"enemies":"3 Sentries","floor":6.0,"turns":5.0},{"damage":0.0,"enemies":"Large Slime","floor":7.0,"turns":6.0},{"damage":0.0,"enemies":"Red Slaver","floor":8.0,"turns":4.0},{"damage":22.0,"enemies":"HollowMod:MossKnight","floor":10.0,"turns":11.0},{"damage":0.0,"enemies":"Gremlin Gang","floor":11.0,"turns":2.0},{"damage":0,"enemies":"3 Sentries","floor":12,"turns":8},{"damage":0,"enemies":"The Mushroom Lair","floor":14,"turns":4},{"damage":0,"enemies":"Hexaghost","floor":16,"turns":11},{"damage":2,"enemies":"Chosen","floor":18,"turns":7},{"damage":5,"enemies":"3 Byrds","floor":19,"turns":5},{"damage":0,"enemies":"Shelled Parasite and Fungi","floor":22,"turns":6},{"damage":19,"enemies":"Gremlin Leader","floor":24,"turns":9},{"damage":0,"enemies":"3 Cultists","floor":25,"turns":6},{"damage":6,"enemies":"Book of Stabbing","floor":27,"turns":7},{"damage":0,"enemies":"HollowMod:Nosk","floor":29,"turns":7},{"damage":0,"enemies":"Snake Plant","floor":30,"turns":6},{"damage":0,"enemies":"Snecko","floor":31,"turns":5},{"damage":0,"enemies":"Collector","floor":33,"turns":10},{"damage":0,"enemies":"3 Shapes","floor":35,"turns":8},{"damage":28,"enemies":"3 Darklings","floor":37,"turns":8},{"damage":7,"enemies":"4 Shapes","floor":38,"turns":10},{"damage":50,"enemies":"Orin","floor":39,"turns":6}],"seed_played":"6080878947773756838","potions_obtained":[{"floor":4.0,"key":"Strength Potion"},{"floor":5.0,"key":"SpeedPotion"},{"floor":7.0,"key":"Explosive Potion"},{"floor":10.0,"key":"hexamod:EctoCoolerPotion"},{"floor":12,"key":"Swift Potion"},{"floor":16,"key":"FearPotion"},{"floor":19,"key":"LiquidMemories"},{"floor":22,"key":"Fruit Juice"},{"floor":27,"key":"Swift Potion"},{"floor":33,"key":"SteroidPotion"}],"is_trial":false,"path_per_floor":["M","?","?","M","M","E","M","M","T","E","M","E","R","?","R","B",null,"M","M","?","?","M","R","E","M","T","E","R","E","M","M","R","B",null,"M","?","M","M","?"],"character_chosen":"RUNESMITH_CLASS","items_purchased":[],"campfire_rested":1,"item_purchase_floors":[],"current_hp_per_floor":[71,56,53,53,53,33,33,33,33,11,11,11,34,34,34,34,77,75,70,54,54,54,54,35,35,35,34,34,34,34,34,34,59,82,82,82,54,47,0,0],"gold":926,"neow_bonus":"TEN_PERCENT_HP_BONUS","is_daily":false,"chose_seed":false,"campfire_upgraded":4,"win_rate":0.0,"timestamp":1610545864,"path_taken":["M","?","?","M","M","E","M","M","T","E","M","E","R","?","R","BOSS","M","M","?","?","M","R","E","?","T","E","R","E","?","M","R","BOSS","M","?","?","M","?"],"items_purchased_type":[],"build_version":"2020-12-22","purchased_purges":0,"victory":false,"max_hp_per_floor":[77,77,77,77,77,77,77,77,77,77,77,77,77,77,77,77,77,77,77,77,77,77,77,77,77,77,82,82,82,82,82,82,82,82,82,82,82,82,82,82],"card_choices":[{"not_picked":["Runesmith:Repurpose","Runesmith:DoubleUp"],"picked":"Runesmith:ChaoticBlast","floor":1.0},{"not_picked":["Runesmith:CraftProtectio","Runesmith:BackupBattery"],"picked":"Runesmith:NanitesCloud","floor":4.0},{"not_picked":["Runesmith:HammerTime","Runesmith:Superposition"],"picked":"Runesmith:Firestorm","floor":5.0},{"not_picked":["Runesmith:HeatExchange","Runesmith:ElementalConversion","Runesmith:Terraform"],"picked":"SKIP","floor":6.0},{"not_picked":["Runesmith:ShiftingStrike","Runesmith:Overpower"],"picked":"Runesmith:OneForEveryone","floor":7.0},{"not_picked":["Runesmith:HammerThrow","Runesmith:EarthShield"],"picked":"Runesmith:EnergizedChisel","floor":8.0},{"not_picked":["Runesmith:ChiselStab","Runesmith:Terraform"],"picked":"Runesmith:Supernova","floor":10.0},{"not_picked":["Runesmith:StaticCage","Runesmith:Repurpose"],"picked":"Runesmith:EarthShield","floor":11.0},{"not_picked":["Runesmith:UnstableHammer","Runesmith:EarthShield","Runesmith:ShiftingStrike"],"picked":"SKIP","floor":12},{"not_picked":["Runesmith:NanitesCloud","Runesmith:Refine"],"picked":"Runesmith:CraftObretio","floor":14},{"not_picked":["Runesmith:MetallurgicalResearch","Runesmith:FissionHammer"],"picked":"Runesmith:UnlimitedPower","floor":16},{"not_picked":["Runesmith:EnergizedChisel","Runesmith:HeatExchange"],"picked":"Runesmith:Grindstone+1","floor":18},{"not_picked":["Runesmith:ChiselStab+1","Runesmith:Repurpose"],"picked":"Runesmith:FrozenChisel","floor":19},{"not_picked":["Runesmith:EarthShield+1","Runesmith:Grindstone+1"],"picked":"Runesmith:PerfectChisel","floor":22},{"not_picked":["Runesmith:Firestorm","Runesmith:CraftPrismatica"],"picked":"Runesmith:UnstableHammer","floor":24},{"not_picked":["Runesmith:Augment","Runesmith:CraftReservo","Runesmith:Malloc"],"picked":"SKIP","floor":25},{"not_picked":["Runesmith:HammerThrow","Runesmith:Prism"],"picked":"Runesmith:CreatorForm","floor":27},{"not_picked":["Runesmith:Overpower","Runesmith:MakeshiftArmor"],"picked":"Runesmith:DuctTape","floor":29},{"not_picked":["Runesmith:Empowerment","Runesmith:HeatExchange","Runesmith:EarthShield"],"picked":"SKIP","floor":30},{"not_picked":["Runesmith:RuneHurl+1","Runesmith:UnstableHammer","Runesmith:Overpower"],"picked":"SKIP","floor":31},{"not_picked":["Runesmith:UnstableHammer","Runesmith:Overpower"],"picked":"Runesmith:RuneHurl+1","floor":31},{"not_picked":["Runesmith:ArcReactor","Runesmith:LastStand"],"picked":"Runesmith:Duplicate","floor":33},{"not_picked":["Runesmith:ShiftingStrike","Runesmith:HammerAndChisel+1","Runesmith:MakeshiftArmor+1"],"picked":"SKIP","floor":35},{"not_picked":["Runesmith:HeatedChisel+1","Runesmith:FrozenChisel+1"],"picked":"Runesmith:CraftMagma+1","floor":37},{"not_picked":["Runesmith:ShiftingStrike","Runesmith:RuneHurl"],"picked":"Runesmith:HammerThrow+1","floor":38}],"player_experience":2814631,"relics_obtained":[{"floor":6.0,"key":"FossilizedHelix"},{"floor":9.0,"key":"Old Coin"},{"floor":10.0,"key":"Mummified Hand"},{"floor":12,"key":"War Paint"},{"floor":14,"key":"Odd Mushroom"},{"floor":17,"key":"Happy Flower"},{"floor":17,"key":"Pantograph"},{"floor":17,"key":"Peace Pipe"},{"floor":20,"key":"Enchiridion"},{"floor":24,"key":"Kunai"},{"floor":27,"key":"Guardian:GemstoneGun"},{"floor":29,"key":"Pen Nib"}],"event_choices":[{"damage_healed":0.0,"max_hp_gain":0.0,"max_hp_loss":0.0,"gold_gain":0.0,"event_name":"Shining Light","player_choice":"Entered Light","floor":2.0,"gold_loss":0.0,"damage_taken":15.0,"cards_upgraded":["Runesmith:Fortify","Runesmith:Defend_RS"]},{"damage_healed":0.0,"max_hp_gain":0.0,"max_hp_loss":0.0,"gold_gain":0.0,"event_name":"Scrap Ooze","player_choice":"Success","floor":3.0,"gold_loss":0.0,"damage_taken":3.0,"relics_obtained":["Ancient Tea Set"]},{"damage_healed":0,"gold_gain":0,"player_choice":"Fought Mushrooms","damage_taken":0,"max_hp_gain":0,"max_hp_loss":0,"event_name":"Mushrooms","floor":14,"gold_loss":0},{"damage_healed":0,"gold_gain":0,"player_choice":"Obtained Book","damage_taken":16,"max_hp_gain":0,"max_hp_loss":0,"event_name":"Cursed Tome","floor":20,"gold_loss":0},{"cards_removed":["Runesmith:Strike_RS"],"damage_healed":0,"gold_gain":0,"player_choice":"Upgrade and Remove","damage_taken":0,"max_hp_gain":0,"max_hp_loss":0,"event_name":"Designer","floor":21,"gold_loss":90,"cards_upgraded":["Runesmith:OneForEveryone"]},{"damage_healed":0,"gold_gain":0,"player_choice":"Forge","damage_taken":0,"max_hp_gain":0,"max_hp_loss":0,"event_name":"Accursed Blacksmith","floor":36,"gold_loss":0,"cards_upgraded":["Runesmith:CraftFirestone"]},{"damage_healed":0,"gold_gain":0,"player_choice":"Fight","damage_taken":0,"max_hp_gain":0,"max_hp_loss":0,"event_name":"OrinTheCat","floor":39,"gold_loss":0}],"is_beta":false,"boss_relics":[{"not_picked":["Ectoplasm","theSenshi:MoonKaleidoScopeRelic"],"picked":"Calling Bell"},{"not_picked":["Empty Cage","Pandora\u0027s Box"],"picked":"SlaversCollar"}],"items_purged_floors":[],"is_endless":false,"potions_floor_spawned":[4,5,7,10,12,16,19,22,27,29,33,38],"killed_by":"Orin","ascension_level":4}}