{"host":"5wznv0010959mrmz","time":1610511077,"event":{"mods":["BaseMod","Highlight Path","Minty Spire (QoL Compilation)","Relic Stats"],"gold_per_floor":[110,121,193,193,193,225,247,294,353,365,365],"floor_reached":10,"language":"ENG","playtime":172,"items_purged":[],"score":202,"play_id":"e04117c9-86b7-401e-963e-f1ed06537c0a","local_time":"20210112221117","is_ascension_mode":true,"campfire_choices":[],"circlet_count":0,"master_deck":["AscendersBane","Strike_G","Strike_G","Strike_G","Strike_G","Strike_G","Defend_G","Defend_G","Defend_G","Defend_G","Defend_G","Survivor","Neutralize","Dagger Spray","Masterful Stab+1","Backstab","Cloak And Dagger"],"relics":["Ring of the Snake","NeowsBlessing","White Beast Statue","MawBank","Blue Candle","Potion Belt"],"acts_visited":["Exordium"],"potions_floor_usage":[8,8],"damage_taken":[{"damage":0,"enemies":"2 Louse","floor":1,"turns":1},{"damage":0,"enemies":"Jaw Worm","floor":2,"turns":1},{"damage":0,"enemies":"Lagavulin","floor":6,"turns":1},{"damage":0,"enemies":"Cultist","floor":7,"turns":3},{"damage":3,"enemies":"Gremlin Nob","floor":8,"turns":3},{"damage":55,"enemies":"Lagavulin","floor":10,"turns":6}],"seed_played":"-6428086848227005342","potions_obtained":[{"floor":1,"key":"BlessingOfTheForge"},{"floor":6,"key":"DuplicationPotion"},{"floor":7,"key":"Poison Potion"},{"floor":8,"key":"Explosive Potion"}],"is_trial":false,"path_per_floor":["M","M","?","?","?","E","M","E","T","E"],"character_chosen":"THE_SILENT","items_purchased":[],"campfire_rested":0,"item_purchase_floors":[],"current_hp_per_floor":[59,59,59,48,48,48,48,45,45,0,0],"gold":365,"neow_bonus":"THREE_ENEMY_KILL","is_daily":false,"chose_seed":false,"campfire_upgraded":0,"win_rate":0.0,"timestamp":1610511077,"path_taken":["M","M","?","?","?","E","M","E","T","E"],"items_purchased_type":[],"build_version":"2020-12-22","purchased_purges":0,"victory":false,"max_hp_per_floor":[66,66,66,66,66,66,66,66,66,66,66],"relic_stats":{"counters":[6,15],"Blue Candle":[0],"MawBank":48,"obtain_stats":[{"Potion Belt":9,"NeowsBlessing":0,"Blue Candle":8,"MawBank":6,"White Beast Statue":4,"Ring of the Snake":0},{"Potion Belt":5,"NeowsBlessing":0,"Blue Candle":5,"MawBank":3,"White Beast Statue":2,"Ring of the Snake":0},{"Potion Belt":9,"NeowsBlessing":0,"Blue Candle":9,"MawBank":3,"White Beast Statue":2,"Ring of the Snake":0}],"Ring of the Snake":[12]},"card_choices":[{"not_picked":["Calculated Gamble","Quick Slash"],"picked":"Dagger Spray","floor":1},{"not_picked":["PiercingWail","Backflip"],"picked":"Masterful Stab","floor":2},{"not_picked":["Finisher","Bane"],"picked":"Backstab","floor":6},{"not_picked":["Blur","Acrobatics"],"picked":"Cloak And Dagger","floor":7},{"not_picked":["Quick Slash","Cloak And Dagger","Night Terror"],"picked":"SKIP","floor":8}],"player_experience":452155,"relics_obtained":[{"floor":6,"key":"MawBank"},{"floor":8,"key":"Blue Candle"},{"floor":9,"key":"Potion Belt"}],"event_choices":[{"damage_healed":0,"gold_gain":72,"player_choice":"Gained Gold","damage_taken":0,"max_hp_gain":0,"max_hp_loss":0,"event_name":"Golden Wing","floor":3,"gold_loss":0},{"damage_healed":0,"gold_gain":0,"player_choice":"Success","damage_taken":11,"relics_obtained":["White Beast Statue"],"max_hp_gain":0,"max_hp_loss":0,"event_name":"Scrap Ooze","floor":4,"gold_loss":0},{"damage_healed":0,"gold_gain":0,"player_choice":"Forge","damage_taken":0,"max_hp_gain":0,"max_hp_loss":0,"event_name":"Accursed Blacksmith","floor":5,"gold_loss":0,"cards_upgraded":["Masterful Stab"]}],"is_beta":false,"boss_relics":[],"items_purged_floors":[],"is_endless":false,"potions_floor_spawned":[1,6,7,8],"killed_by":"Lagavulin","ascension_level":20}}