{"host":"mai03x2ekbjy4059","time":1610529998,"event":{"mods":["2.2 Compatiblity","BaseMod","DeckTracker","Highlight Path","Keyboard Shortcuts","Minty Spire (QoL Compilation)","Permanent Neow","Quick Restart","SuperFastMode","everything is the same but u backflip on backflip"],"gold_per_floor":[117,131,147,72,5,5,39,39,39,72,84,125,287,33,33,107,107,117,32,57,57,57,57,91,91,167,167,167],"floor_reached":27,"language":"KOR","playtime":741,"items_purged":["Meditate","Doubt"],"score":542,"play_id":"d0747660-637a-48b7-9369-ea794ed0ec8e","local_time":"20210113182638","is_ascension_mode":true,"campfire_choices":[{"data":"Eruption","floor":6.0,"key":"SMITH"},{"floor":8.0,"key":"REST"},{"data":"Vigilance","floor":11.0,"key":"SMITH"},{"data":"FlurryOfBlows","floor":15.0,"key":"SMITH"},{"floor":23.0,"key":"REST"},{"floor":25.0,"key":"REST"}],"circlet_count":0,"master_deck":["AscendersBane","Strike_P","Strike_P","Strike_P","Defend_P","Defend_P","Defend_P","Eruption+1","Vigilance+1","FearNoEvil","FlurryOfBlows+1","Decay"],"relics":["PureWater","Yang","Shuriken","MawBank","Art of War","Medical Kit","Philosopher\u0027s Stone","Nunchaku","Red Mask","Frozen Egg 2"],"acts_visited":["Exordium","TheCity"],"potions_floor_usage":[27],"damage_taken":[{"damage":7.0,"enemies":"Jaw Worm","floor":1.0,"turns":4.0},{"damage":1.0,"enemies":"2 Louse","floor":2.0,"turns":3.0},{"damage":8.0,"enemies":"Small Slimes","floor":3.0,"turns":2.0},{"damage":15.0,"enemies":"Lagavulin","floor":7.0,"turns":4.0},{"damage":0.0,"enemies":"Gremlin Nob","floor":10.0,"turns":2.0},{"damage":0.0,"enemies":"3 Sentries","floor":12.0,"turns":4.0},{"damage":25.0,"enemies":"The Guardian","floor":16.0,"turns":12.0},{"damage":8.0,"enemies":"Shell Parasite","floor":18.0,"turns":3.0},{"damage":23.0,"enemies":"Masked Bandits","floor":20.0,"turns":5.0},{"damage":30.0,"enemies":"Slavers","floor":24.0,"turns":8.0},{"damage":37,"enemies":"Book of Stabbing","floor":27,"turns":4}],"seed_played":"-2424404102254206395","potions_obtained":[{"floor":1.0,"key":"Swift Potion"},{"floor":7.0,"key":"Energy Potion"},{"floor":10.0,"key":"Ambrosia"},{"floor":24.0,"key":"Explosive Potion"}],"is_trial":false,"path_per_floor":["M","M","M","$","?","R","E","R","T","E","R","E","?","$","R","B",null,"M","?","?","?","?","R","E","R","T","E"],"character_chosen":"WATCHER","items_purchased":["Medical Kit"],"campfire_rested":3,"item_purchase_floors":[14],"current_hp_per_floor":[36,35,27,27,27,27,12,32,32,32,32,32,32,32,32,7,53,45,45,22,22,22,42,12,32,32,0,0],"gold":167,"neow_bonus":"TRANSFORM_TWO_CARDS","is_daily":false,"chose_seed":false,"campfire_upgraded":3,"win_rate":0.0,"timestamp":1610529998,"path_taken":["M","M","M","$","?","R","E","R","T","E","R","E","?","$","R","BOSS","M","?","?","?","?","R","E","R","T","E"],"items_purchased_type":["Relic"],"build_version":"2020-12-22","purchased_purges":2,"victory":false,"max_hp_per_floor":[68,68,68,68,68,68,68,68,68,68,68,68,68,68,68,68,68,68,68,68,68,68,68,68,68,68,68,68],"card_choices":[{"not_picked":["Meditate","CrushJoints","BowlingBash"],"picked":"SKIP","floor":1.0},{"not_picked":["EmptyFist","PathToVictory"],"picked":"FlurryOfBlows","floor":2.0},{"not_picked":["Blasphemy","Evaluate","EmptyBody"],"picked":"SKIP","floor":3.0},{"not_picked":["ClearTheMind","ThirdEye","Collect"],"picked":"SKIP","floor":7.0},{"not_picked":["Meditate","Sanctity","PathToVictory"],"picked":"SKIP","floor":10.0},{"not_picked":["LikeWater","Meditate","Evaluate"],"picked":"SKIP","floor":12.0},{"not_picked":["Swivel","Wireheading+1","Consecrate+1"],"picked":"SKIP","floor":18.0},{"not_picked":["Fasting2+1","CrushJoints","FlurryOfBlows"],"picked":"SKIP","floor":24.0}],"player_experience":1085281,"relics_obtained":[{"floor":7.0,"key":"Yang"},{"floor":9.0,"key":"Shuriken"},{"floor":10.0,"key":"MawBank"},{"floor":12.0,"key":"Art of War"},{"floor":20.0,"key":"Red Mask"},{"floor":24.0,"key":"Frozen Egg 2"}],"event_choices":[{"damage_healed":0.0,"max_hp_gain":0.0,"max_hp_loss":0.0,"gold_gain":0.0,"event_name":"World of Goop","player_choice":"Left Gold","floor":5.0,"gold_loss":67.0,"damage_taken":0.0},{"damage_healed":0.0,"max_hp_gain":0.0,"max_hp_loss":0.0,"gold_gain":150.0,"event_name":"Liars Game","player_choice":"AGREE","floor":13.0,"gold_loss":0.0,"damage_taken":0.0,"cards_obtained":["Doubt"]},{"damage_healed":0.0,"max_hp_gain":0.0,"max_hp_loss":0.0,"gold_gain":0.0,"event_name":"Addict","player_choice":"Obtained Relic","floor":19.0,"gold_loss":85.0,"damage_taken":0.0,"relics_obtained":["Nunchaku"]},{"damage_healed":0.0,"max_hp_gain":0.0,"max_hp_loss":0.0,"gold_gain":0.0,"event_name":"Masked Bandits","player_choice":"Fought Bandits","floor":20.0,"gold_loss":0.0,"damage_taken":0.0},{"damage_healed":0.0,"max_hp_gain":0.0,"max_hp_loss":0.0,"gold_gain":0.0,"event_name":"Cursed Tome","player_choice":"Ignored","floor":21.0,"gold_loss":0.0,"damage_taken":0.0},{"damage_healed":0.0,"max_hp_gain":0.0,"max_hp_loss":0.0,"gold_gain":0.0,"event_name":"Wheel of Change","player_choice":"Cursed","floor":22.0,"gold_loss":0.0,"damage_taken":0.0,"cards_obtained":["Decay"]}],"is_beta":false,"boss_relics":[{"not_picked":["Snecko Eye","Runic Dome"],"picked":"Philosopher\u0027s Stone"}],"items_purged_floors":[4,14],"is_endless":false,"potions_floor_spawned":[1,7,10,24],"killed_by":"Book of Stabbing","ascension_level":17}}