{"host":"uv231blk40vjdojr","time":1610576778,"event":{"mods":["AchievementEnabler","BaseMod","Bestiary","Filter the Spire","Minty Spire (QoL Compilation)","Relic Stats"],"gold_per_floor":[168,2,77,96,76,76,93,93,93,126,158,199,226,238,250,340,352,380,69,86,97,22,53,53,65,111,111,138,138,138,152,152,152,152],"floor_reached":33,"language":"ENG","playtime":1766,"items_purged":["Consecrate"],"score":690,"play_id":"58f267b7-e3d7-439f-9bc7-2b9c35122dd8","local_time":"20210113232618","is_ascension_mode":true,"campfire_choices":[{"data":"Eruption","floor":6,"key":"SMITH"},{"data":"Wallop","floor":8,"key":"SMITH"},{"data":"CrushJoints","floor":15,"key":"SMITH"},{"floor":27,"key":"REST"},{"data":"Ragnarok","floor":30,"key":"SMITH"},{"data":"Wallop","floor":32,"key":"SMITH"}],"circlet_count":0,"master_deck":["AscendersBane","Strike_P","Strike_P+1","Strike_P","Strike_P","Defend_P","Defend_P","Defend_P","Defend_P","Eruption+1","Vigilance","CrushJoints+1","Wallop+1","Brilliance","InnerPeace","Meditate","BowlingBash","Ragnarok+1","Swivel","Indignation","EmptyFist","Conclude+1","Wallop+1","Ghostly","Ghostly","Ghostly"],"relics":["Tiny House","StrikeDummy","MawBank","Mercury Hourglass","FaceOfCleric","Snecko Eye","Nunchaku","Incense Burner","Centennial Puzzle","Mummified Hand"],"acts_visited":["Exordium","TheCity"],"potions_floor_usage":[11,20,23,23,33],"damage_taken":[{"damage":4,"enemies":"2 Louse","floor":1,"turns":4},{"damage":0,"enemies":"Cultist","floor":4,"turns":3},{"damage":0,"enemies":"Small Slimes","floor":7,"turns":2},{"damage":0,"enemies":"Gremlin Nob","floor":10,"turns":2},{"damage":0,"enemies":"2 Fungi Beasts","floor":11,"turns":1},{"damage":0,"enemies":"Lagavulin","floor":12,"turns":4},{"damage":0,"enemies":"Looter","floor":13,"turns":2},{"damage":30,"enemies":"Slime Boss","floor":16,"turns":8},{"damage":0,"enemies":"Spheric Guardian","floor":18,"turns":3},{"damage":0,"enemies":"Shell Parasite","floor":20,"turns":2},{"damage":6,"enemies":"Sentry and Sphere","floor":21,"turns":3},{"damage":24,"enemies":"Gremlin Leader","floor":23,"turns":4},{"damage":0,"enemies":"Cultist and Chosen","floor":25,"turns":3},{"damage":23,"enemies":"Slavers","floor":28,"turns":3},{"damage":0,"enemies":"Centurion and Healer","floor":31,"turns":4},{"damage":26,"enemies":"Automaton","floor":33,"turns":6}],"seed_played":"8331409307635583634","potions_obtained":[{"floor":0,"key":"Fire Potion"},{"floor":1,"key":"Fire Potion"},{"floor":12,"key":"LiquidMemories"},{"floor":13,"key":"Strength Potion"},{"floor":16,"key":"Block Potion"},{"floor":20,"key":"PowerPotion"},{"floor":31,"key":"BottledMiracle"}],"is_trial":false,"path_per_floor":["M","$","?","M","?","R","M","R","T","E","M","E","M","?","R","B",null,"M","$","M","M","$","E","?","M","T","R","E","?","R","M","R","B"],"character_chosen":"WATCHER","items_purchased":["Brilliance","Indignation","Nunchaku","Consecrate","EmptyFist"],"campfire_rested":1,"item_purchase_floors":[2,19,19,19,19],"current_hp_per_floor":[62,62,51,51,51,51,51,51,51,51,51,51,51,51,51,22,61,62,62,63,58,58,35,13,14,14,39,17,17,17,18,18,0,0],"gold":152,"neow_bonus":"BOSS_RELIC","is_daily":false,"chose_seed":false,"campfire_upgraded":5,"win_rate":0.0,"timestamp":1610576778,"path_taken":["M","$","?","M","?","R","M","R","T","E","?","E","M","?","R","BOSS","M","$","M","M","?","E","?","M","T","R","E","?","R","M","R","BOSS"],"items_purchased_type":["Card","Card","Relic","Card","Card"],"build_version":"2020-12-22","purchased_purges":1,"victory":false,"max_hp_per_floor":[73,73,73,73,73,73,73,73,73,73,73,73,73,73,73,74,74,75,75,76,77,77,78,83,84,84,84,85,42,42,43,43,43,43],"relic_stats":{"Nunchaku":[5],"Centennial Puzzle":[3],"FaceOfCleric":8,"counters":[16,54],"Mummified Hand":[0],"Snecko Eye":[45,43,46,56],"MawBank":108,"obtain_stats":[{"Nunchaku":19,"Centennial Puzzle":26,"Tiny House":0,"FaceOfCleric":14,"Mummified Hand":28,"Snecko Eye":17,"Incense Burner":23,"PureWater":0,"StrikeDummy":9,"MawBank":10,"Mercury Hourglass":12},{"Nunchaku":9,"Centennial Puzzle":13,"Tiny House":0,"FaceOfCleric":7,"Mummified Hand":14,"Snecko Eye":8,"Incense Burner":12,"PureWater":0,"StrikeDummy":3,"MawBank":4,"Mercury Hourglass":6},{"Nunchaku":29,"Centennial Puzzle":41,"Tiny House":0,"FaceOfCleric":18,"Mummified Hand":44,"Snecko Eye":26,"Incense Burner":38,"PureWater":0,"StrikeDummy":9,"MawBank":11,"Mercury Hourglass":16}],"Mercury Hourglass":[153]},"card_choices":[{"not_picked":["Fasting2","SashWhip"],"picked":"CrushJoints","floor":0},{"not_picked":["Consecrate","Evaluate"],"picked":"Wallop","floor":1},{"not_picked":["SashWhip","Collect","Protect"],"picked":"SKIP","floor":4},{"not_picked":["SashWhip","Collect","Protect"],"picked":"SKIP","floor":4},{"not_picked":["SandsOfTime","MentalFortress"],"picked":"InnerPeace","floor":7},{"not_picked":["FlyingSleeves","CarveReality"],"picked":"Meditate","floor":10},{"not_picked":["Omniscience","Meditate"],"picked":"BowlingBash","floor":11},{"not_picked":["FollowUp","PathToVictory","FlyingSleeves"],"picked":"SKIP","floor":12},{"not_picked":["Halt","Wireheading","WreathOfFlame"],"picked":"SKIP","floor":13},{"not_picked":["Omniscience","MasterReality"],"picked":"Ragnarok","floor":16},{"not_picked":["CutThroughFate","BattleHymn"],"picked":"Swivel","floor":18},{"not_picked":["FollowUp","Crescendo","FlurryOfBlows"],"picked":"SKIP","floor":20},{"not_picked":["EmptyBody","Protect"],"picked":"Conclude+1","floor":21},{"not_picked":["Blasphemy","Evaluate","ClearTheMind"],"picked":"SKIP","floor":23},{"not_picked":["BattleHymn","Consecrate","Prostrate"],"picked":"SKIP","floor":25},{"not_picked":["EmptyFist","Collect"],"picked":"Wallop","floor":28},{"not_picked":["ClearTheMind","EmptyBody","Fasting2"],"picked":"SKIP","floor":31}],"player_experience":685831,"relics_obtained":[{"floor":9,"key":"StrikeDummy"},{"floor":10,"key":"MawBank"},{"floor":12,"key":"Mercury Hourglass"},{"floor":23,"key":"Incense Burner"},{"floor":26,"key":"Centennial Puzzle"},{"floor":28,"key":"Mummified Hand"}],"event_choices":[{"damage_healed":0,"gold_gain":75,"player_choice":"Gather Gold","damage_taken":11,"max_hp_gain":0,"max_hp_loss":0,"event_name":"World of Goop","floor":3,"gold_loss":0},{"damage_healed":0,"gold_gain":0,"player_choice":"Bought 1 Potion","damage_taken":0,"max_hp_gain":0,"max_hp_loss":0,"event_name":"The Woman in Blue","floor":5,"gold_loss":0},{"damage_healed":0,"gold_gain":0,"player_choice":"Trade","damage_taken":0,"relics_obtained":["FaceOfCleric"],"max_hp_gain":0,"max_hp_loss":0,"event_name":"FaceTrader","floor":14,"gold_loss":0},{"damage_healed":0,"gold_gain":0,"player_choice":"Shed Blood","damage_taken":27,"max_hp_gain":5,"max_hp_loss":0,"event_name":"Forgotten Altar","floor":24,"gold_loss":0},{"damage_healed":0,"gold_gain":0,"player_choice":"Became a Ghost","damage_taken":0,"max_hp_gain":0,"max_hp_loss":43,"event_name":"Ghosts","floor":29,"gold_loss":0,"cards_obtained":["Ghostly","Ghostly","Ghostly"]}],"is_beta":false,"boss_relics":[{"not_picked":["SacredBark","Coffee Dripper"],"picked":"Snecko Eye"}],"items_purged_floors":[22],"is_endless":false,"potions_floor_spawned":[1,12,13,16,18,20,21,31],"killed_by":"Automaton","ascension_level":20}}