{"host":"s41rn2jhghpwfrvz","time":1610517968,"event":{"mods":["BaseMod","Minty Spire (QoL Compilation)","Quick Restart","Relic Stats","SuperFastMode"],"gold_per_floor":[109,124,134,134,153,181,181,209,209,222,252,252,44,75,75,151,151,171,171,171,181,191,226,226,253,332,332,382,382,407,419,419,493,543,561,235,235,246,74,109,120,120,120,120,172,204,222,232,232,232,232,232,232,11,46,46],"floor_reached":57,"language":"ENG","playtime":1916,"items_purged":["PiercingWail","Parasite"],"score":3496,"play_id":"baa1e8e3-1fd8-4685-aca4-1314ad6261cf","local_time":"20210113080608","daily_mods":["SealedDeck","Vintage","Diverse"],"is_ascension_mode":true,"campfire_choices":[{"data":"Coolheaded","floor":7,"key":"SMITH"},{"data":"Undo","floor":15,"key":"SMITH"},{"floor":27,"key":"RECALL"},{"data":"Sunder","floor":29,"key":"SMITH"},{"data":"Shrug It Off","floor":32,"key":"SMITH"},{"data":"Evolve","floor":42,"key":"SMITH"},{"data":"Metallicize","floor":44,"key":"SMITH"},{"data":"Body Slam","floor":49,"key":"SMITH"},{"data":"Gash","floor":53,"key":"SMITH"}],"circlet_count":0,"master_deck":["AscendersBane","Coolheaded+1","Sunder+1","Chill","Metallicize+1","Metallicize+1","Shrug It Off+1","Gash+1","Evolve+1","Undo+1","Body Slam+1","After Image+1"],"relics":["Burning Blood","Lantern","Frozen Egg 2","Prayer Wheel","Magic Flower","Mercury Hourglass","Blue Candle","Thread and Needle","Smiling Mask","Oddly Smooth Stone","HornCleat","Medical Kit","Paper Frog","SlaversCollar","MealTicket","Gremlin Horn","Question Card","Kunai","Enchiridion","Mango","Toy Ornithopter","Ice Cream","Tiny House","TungstenRod","CaptainsWheel","Calipers","White Beast Statue","ClockworkSouvenir","Pen Nib","Dream Catcher","Shuriken","FossilizedHelix","Red Skull","Juzu Bracelet","Charon\u0027s Ashes","StrikeDummy"],"acts_visited":["Exordium","TheCity","TheBeyond","TheEnding"],"potions_floor_usage":[33,56,56],"damage_taken":[{"damage":0,"enemies":"Cultist","floor":1,"turns":4},{"damage":0,"enemies":"Jaw Worm","floor":2,"turns":4},{"damage":0,"enemies":"2 Louse","floor":3,"turns":3},{"damage":0,"enemies":"Gremlin Gang","floor":5,"turns":5},{"damage":0,"enemies":"Lagavulin","floor":6,"turns":7},{"damage":10,"enemies":"3 Sentries","floor":8,"turns":5},{"damage":0,"enemies":"Blue Slaver","floor":10,"turns":4},{"damage":25,"enemies":"Gremlin Nob","floor":11,"turns":6},{"damage":0,"enemies":"Lagavulin","floor":14,"turns":5},{"damage":0,"enemies":"The Guardian","floor":16,"turns":9},{"damage":0,"enemies":"3 Byrds","floor":18,"turns":5},{"damage":0,"enemies":"2 Thieves","floor":21,"turns":4},{"damage":0,"enemies":"Snecko","floor":22,"turns":7},{"damage":1,"enemies":"Book of Stabbing","floor":23,"turns":5},{"damage":6,"enemies":"Gremlin Leader","floor":25,"turns":6},{"damage":0,"enemies":"Book of Stabbing","floor":30,"turns":5},{"damage":0,"enemies":"Cultist and Chosen","floor":31,"turns":5},{"damage":0,"enemies":"Automaton","floor":33,"turns":6},{"damage":0,"enemies":"3 Darklings","floor":35,"turns":4},{"damage":0,"enemies":"Orb Walker","floor":38,"turns":4},{"damage":2,"enemies":"Nemesis","floor":40,"turns":7},{"damage":0,"enemies":"Writhing Mass","floor":41,"turns":6},{"damage":0,"enemies":"2 Orb Walkers","floor":45,"turns":4},{"damage":0,"enemies":"Reptomancer","floor":46,"turns":4},{"damage":0,"enemies":"3 Darklings","floor":47,"turns":4},{"damage":0,"enemies":"Jaw Worm Horde","floor":48,"turns":3},{"damage":0,"enemies":"Awakened One","floor":50,"turns":5},{"damage":0,"enemies":"Time Eater","floor":51,"turns":5},{"damage":0,"enemies":"Shield and Spear","floor":55,"turns":5},{"damage":0,"enemies":"The Heart","floor":56,"turns":9}],"seed_played":"-8476992773791110295","potions_obtained":[{"floor":1,"key":"PowerPotion"},{"floor":2,"key":"LiquidBronze"},{"floor":23,"key":"DistilledChaos"},{"floor":34,"key":"CultistPotion"},{"floor":40,"key":"Weak Potion"},{"floor":55,"key":"Ancient Potion"}],"is_trial":true,"path_per_floor":["M","M","M","$","M","E","R","E","T","M","E","T","$","E","R","B",null,"M","$","?","M","M","E","?","E","T","R","?","R","E","M","R","B",null,"M","$","?","M","$","E","M","R","T","R","?","E","M","M","R","B","B",null,"R","$","E","B",null],"character_chosen":"IRONCLAD","items_purchased":["Medical Kit","CaptainsWheel","ClockworkSouvenir","After Image+1"],"campfire_rested":0,"item_purchase_floors":[13,36,39,54],"current_hp_per_floor":[74,75,75,75,75,75,75,74,74,75,59,59,59,68,68,75,75,75,75,75,75,75,75,54,71,71,71,63,63,72,81,81,89,94,94,94,94,94,94,94,94,94,94,94,94,94,94,94,94,94,94,94,94,91,91,91],"gold":46,"neow_bonus":"","is_daily":false,"chose_seed":false,"campfire_upgraded":8,"win_rate":0.0,"timestamp":1610517968,"path_taken":["M","M","M","$","M","E","R","E","T","M","E","?","$","E","R","BOSS","M","$","?","M","M","E","?","E","T","R","?","R","E","?","R","BOSS","M","$","?","M","?","E","M","R","T","R","?","E","M","M","R","BOSS","BOSS","R","$","E","BOSS"],"items_purchased_type":["Relic","Relic","Relic","Card"],"build_version":"2020-12-22","purchased_purges":2,"victory":true,"max_hp_per_floor":[75,75,75,75,75,75,75,75,75,75,75,75,75,75,75,75,75,75,75,75,75,75,75,75,89,89,89,89,89,89,89,89,89,94,94,94,94,94,94,94,94,94,94,94,94,94,94,94,94,94,94,94,94,91,91,91],"relic_stats":{"Gremlin Horn":[23,25],"counters":[30,153],"Blue Candle":[5],"Magic Flower":[22],"Pen Nib":[12],"Charon\u0027s Ashes":[78],"Juzu Bracelet":0,"Smiling Mask":75,"Medical Kit":[19],"Question Card":9,"Burning Blood":72,"Mercury Hourglass":[513],"Dream Catcher":0,"Shuriken":[24],"Prayer Wheel":0,"MealTicket":0,"Kunai":[50],"obtain_stats":[{"Ice Cream":31,"Lantern":1,"Tiny House":34,"Calipers":37,"Gremlin Horn":21,"Magic Flower":5,"Enchiridion":24,"Mango":25,"Juzu Bracelet":47,"Smiling Mask":10,"Burning Blood":0,"ClockworkSouvenir":39,"Dream Catcher":41,"HornCleat":12,"Prayer Wheel":3,"MealTicket":18,"Kunai":23,"Red Skull":46,"Paper Frog":14,"Blue Candle":8,"Oddly Smooth Stone":11,"Thread and Needle":9,"Pen Nib":40,"Charon\u0027s Ashes":48,"Frozen Egg 2":2,"Medical Kit":13,"Question Card":22,"White Beast Statue":38,"Mercury Hourglass":6,"SlaversCollar":17,"CaptainsWheel":36,"Shuriken":43,"StrikeDummy":55,"Toy Ornithopter":30,"TungstenRod":35,"FossilizedHelix":45},{"Ice Cream":17,"Lantern":1,"Tiny House":18,"Calipers":19,"Gremlin Horn":12,"Magic Flower":4,"Enchiridion":14,"Mango":15,"Juzu Bracelet":25,"Smiling Mask":7,"Burning Blood":0,"ClockworkSouvenir":20,"Dream Catcher":22,"HornCleat":8,"Prayer Wheel":3,"MealTicket":11,"Kunai":14,"Red Skull":24,"Paper Frog":9,"Blue Candle":6,"Oddly Smooth Stone":8,"Thread and Needle":6,"Pen Nib":21,"Charon\u0027s Ashes":26,"Frozen Egg 2":2,"Medical Kit":8,"Question Card":13,"White Beast Statue":20,"Mercury Hourglass":5,"SlaversCollar":10,"CaptainsWheel":19,"Shuriken":22,"StrikeDummy":29,"Toy Ornithopter":16,"TungstenRod":19,"FossilizedHelix":23},{"Ice Cream":87,"Lantern":4,"Tiny House":93,"Calipers":97,"Gremlin Horn":61,"Magic Flower":16,"Enchiridion":72,"Mango":77,"Juzu Bracelet":126,"Smiling Mask":32,"Burning Blood":0,"ClockworkSouvenir":101,"Dream Catcher":114,"HornCleat":38,"Prayer Wheel":11,"MealTicket":57,"Kunai":72,"Red Skull":122,"Paper Frog":43,"Blue Candle":28,"Oddly Smooth Stone":38,"Thread and Needle":28,"Pen Nib":108,"Charon\u0027s Ashes":129,"Frozen Egg 2":8,"Medical Kit":38,"Question Card":67,"White Beast Statue":101,"Mercury Hourglass":23,"SlaversCollar":52,"CaptainsWheel":97,"Shuriken":114,"StrikeDummy":144,"Toy Ornithopter":82,"TungstenRod":97,"FossilizedHelix":118}],"Toy Ornithopter":8,"TungstenRod":9},"card_choices":[{"not_picked":["Shrug It Off","Fire Breathing+1","Clash"],"picked":"SKIP","floor":6},{"not_picked":["Anger","Bane","Poisoned Stab"],"picked":"SKIP","floor":8},{"not_picked":["True Grit","Study+1","Prostrate"],"picked":"SKIP","floor":11},{"not_picked":["ThirdEye","Dodge and Roll","Leg Sweep"],"picked":"SKIP","floor":14},{"not_picked":["Capacitor+1","Lockon","Power Through","Underhanded Strike"],"picked":"SKIP","floor":23},{"not_picked":["Tactician","Steam","Undo","Bouncing Flask"],"picked":"SKIP","floor":25},{"not_picked":["ThirdEye","Clash","Calculated Gamble","Gash"],"picked":"SKIP","floor":30},{"not_picked":["Vengeance+1","Redo","Concentrate","ReachHeaven"],"picked":"SKIP","floor":40},{"not_picked":["Whirlwind+1","Prostrate","Crescendo"],"picked":"Body Slam","floor":46},{"not_picked":["Turbo","WaveOfTheHand+1","SashWhip","Terror+1"],"picked":"SKIP","floor":55}],"player_experience":1720043,"relics_obtained":[{"floor":1,"key":"Lantern"},{"floor":2,"key":"Frozen Egg 2"},{"floor":3,"key":"Prayer Wheel"},{"floor":5,"key":"Magic Flower"},{"floor":6,"key":"Mercury Hourglass"},{"floor":8,"key":"Blue Candle"},{"floor":9,"key":"Thread and Needle"},{"floor":10,"key":"Smiling Mask"},{"floor":11,"key":"Oddly Smooth Stone"},{"floor":12,"key":"HornCleat"},{"floor":14,"key":"Paper Frog"},{"floor":18,"key":"MealTicket"},{"floor":21,"key":"Gremlin Horn"},{"floor":22,"key":"Question Card"},{"floor":23,"key":"Kunai"},{"floor":24,"key":"Enchiridion"},{"floor":25,"key":"Mango"},{"floor":30,"key":"Toy Ornithopter"},{"floor":31,"key":"Ice Cream"},{"floor":35,"key":"TungstenRod"},{"floor":38,"key":"White Beast Statue"},{"floor":40,"key":"Pen Nib"},{"floor":41,"key":"Dream Catcher"},{"floor":43,"key":"Shuriken"},{"floor":45,"key":"FossilizedHelix"},{"floor":46,"key":"Red Skull"},{"floor":47,"key":"Juzu Bracelet"},{"floor":48,"key":"Charon\u0027s Ashes"},{"floor":55,"key":"StrikeDummy"}],"event_choices":[{"damage_healed":0,"gold_gain":0,"player_choice":"Ignored","damage_taken":0,"max_hp_gain":0,"max_hp_loss":0,"event_name":"The Mausoleum","floor":20,"gold_loss":0},{"damage_healed":0,"gold_gain":0,"player_choice":"Obtained Book","damage_taken":21,"max_hp_gain":0,"max_hp_loss":0,"event_name":"Cursed Tome","floor":24,"gold_loss":0},{"damage_healed":0,"gold_gain":50,"player_choice":"Touch","damage_taken":8,"max_hp_gain":0,"max_hp_loss":0,"event_name":"FaceTrader","floor":28,"gold_loss":0},{"damage_healed":0,"gold_gain":0,"player_choice":"Gave Potion","damage_taken":0,"relics_obtained":["Calipers"],"max_hp_gain":0,"max_hp_loss":0,"event_name":"WeMeetAgain","floor":37,"gold_loss":0},{"damage_healed":0,"gold_gain":0,"player_choice":"Fight","damage_taken":0,"max_hp_gain":0,"max_hp_loss":0,"event_name":"Mysterious Sphere","floor":45,"gold_loss":0}],"is_beta":false,"boss_relics":[{"not_picked":["Cursed Key","Fusion Hammer"],"picked":"SlaversCollar"},{"not_picked":["Empty Cage","Astrolabe"],"picked":"Tiny House"}],"items_purged_floors":[13,54],"is_endless":false,"potions_floor_spawned":[1,2,10,14,16,21,23,25,31,40,41,45,46,47,48,55],"ascension_level":20}}