{"host":"2qv44oxt58ptq59r","time":1610568335,"event":{"mods":["AchievementEnabler","BaseMod","Colored Powertips","Highlight Path","Minty Spire (QoL Compilation)","Permanent Neow","StSLib"],"gold_per_floor":[116,133,133,148,159,159,191,191,214,15,31,41,57,9,9,107,107,127,127,127,22,32,32,62,62,86,86,116,27,107,124,124,124,124],"floor_reached":33,"language":"ENG","playtime":4524,"items_purged":[],"score":310,"play_id":"2882cde2-969c-4ceb-ba89-1e662ea3e6fb","local_time":"20210113200535","is_ascension_mode":false,"campfire_choices":[{"data":"Bash","floor":6.0,"key":"SMITH"},{"floor":15.0,"key":"RECALL"},{"data":"Uppercut","floor":23.0,"key":"SMITH"},{"floor":25.0,"key":"REST"},{"data":"Shockwave","floor":27.0,"key":"SMITH"},{"floor":32.0,"key":"REST"}],"circlet_count":0,"master_deck":["Strike_R","Strike_R","Strike_R","Strike_R","Defend_R","Defend_R","Defend_R+1","Defend_R","Bash+1","Intimidate+1","Thunderclap","Clothesline","Pommel Strike","Uppercut+1","Shockwave+1","Reaper","Shrug It Off+1","Spot Weakness","Reaper","Armaments+1","Dark Shackles","Feel No Pain"],"relics":["Burning Blood","Orichalcum","Strawberry","Tiny Chest","SacredBark","Potion Belt","Omamori","War Paint","MealTicket"],"acts_visited":["Exordium","TheCity"],"potions_floor_usage":[],"damage_taken":[{"damage":8.0,"enemies":"Small Slimes","floor":1.0,"turns":4.0},{"damage":1.0,"enemies":"Jaw Worm","floor":2.0,"turns":4.0},{"damage":4.0,"enemies":"Cultist","floor":4.0,"turns":3.0},{"damage":10.0,"enemies":"Red Slaver","floor":5.0,"turns":4.0},{"damage":40.0,"enemies":"Lagavulin","floor":7.0,"turns":6.0},{"damage":3.0,"enemies":"Large Slime","floor":11.0,"turns":6.0},{"damage":16.0,"enemies":"Exordium Thugs","floor":12.0,"turns":5.0},{"damage":19.0,"enemies":"Exordium Wildlife","floor":13.0,"turns":5.0},{"damage":21.0,"enemies":"The Guardian","floor":16.0,"turns":9.0},{"damage":10.0,"enemies":"Spheric Guardian","floor":18.0,"turns":5.0},{"damage":1.0,"enemies":"Chosen","floor":22.0,"turns":4.0},{"damage":55.0,"enemies":"Book of Stabbing","floor":24.0,"turns":7.0},{"damage":65.0,"enemies":"Slavers","floor":28.0,"turns":8.0},{"damage":42.0,"enemies":"Sentry and Sphere","floor":31.0,"turns":9.0},{"damage":136,"enemies":"Collector","floor":33,"turns":11}],"seed_played":"-6523558457056366555","potions_obtained":[{"floor":1.0,"key":"SteroidPotion"},{"floor":2.0,"key":"ElixirPotion"},{"floor":13.0,"key":"AttackPotion"},{"floor":22.0,"key":"ColorlessPotion"}],"is_trial":false,"path_per_floor":["M","M","?","M","M","R","E","?","T","$","M","M","M","$","R","B",null,"M","?","T","$","M","R","E","R","T","R","E","$","T","M","R","B"],"character_chosen":"IRONCLAD","items_purchased":["Tiny Chest","PowerPotion","SkillPotion","Fruit Juice","Dark Shackles"],"campfire_rested":2,"item_purchase_floors":[10,10,14,21,29],"current_hp_per_floor":[78,80,80,80,76,76,42,80,87,87,87,77,64,64,64,49,87,83,83,83,83,87,87,48,74,74,74,60,75,75,46,75,0,0],"gold":124,"neow_bonus":"THREE_CARDS","is_daily":false,"chose_seed":false,"campfire_upgraded":3,"win_rate":0.0,"timestamp":1610568335,"path_taken":["M","M","?","M","M","R","E","?","T","$","M","M","?","?","R","BOSS","M","?","?","$","M","R","E","R","T","R","E","$","?","M","R","BOSS"],"items_purchased_type":["Relic","Potion","Potion","Potion","Card"],"build_version":"2020-12-22","purchased_purges":0,"victory":false,"max_hp_per_floor":[80,80,80,80,80,80,80,80,87,87,87,87,87,87,87,87,87,87,87,87,87,87,87,87,87,87,87,97,97,97,97,97,97,97],"card_choices":[{"not_picked":["Evolve","Anger"],"picked":"Intimidate","floor":0.0},{"not_picked":["Ghostly Armor","Shrug It Off"],"picked":"Thunderclap","floor":1.0},{"not_picked":["Anger","Rampage"],"picked":"Clothesline","floor":2.0},{"not_picked":["Infernal Blade","Iron Wave","Burning Pact"],"picked":"SKIP","floor":4.0},{"not_picked":["Flex","Clothesline"],"picked":"Pommel Strike","floor":5.0},{"not_picked":["True Grit","Iron Wave","Heavy Blade"],"picked":"SKIP","floor":7.0},{"not_picked":["Perfected Strike","Heavy Blade","Thunderclap"],"picked":"SKIP","floor":11.0},{"not_picked":["Rampage","Rage"],"picked":"Uppercut","floor":12.0},{"not_picked":["Intimidate","Body Slam"],"picked":"Shockwave","floor":13.0},{"not_picked":["Offering","Brutality"],"picked":"Reaper","floor":16.0},{"not_picked":["True Grit+1","Perfected Strike"],"picked":"Shrug It Off+1","floor":18.0},{"not_picked":["Searing Blow","Warcry+1"],"picked":"Spot Weakness","floor":22.0},{"not_picked":["Ghostly Armor+1","Clash"],"picked":"Reaper","floor":24.0},{"not_picked":["Dual Wield","Anger"],"picked":"Armaments+1","floor":28.0},{"not_picked":["Clash","True Grit"],"picked":"Feel No Pain","floor":31.0}],"player_experience":5325505,"relics_obtained":[{"floor":7.0,"key":"Orichalcum"},{"floor":9.0,"key":"Strawberry"},{"floor":20.0,"key":"Potion Belt"},{"floor":24.0,"key":"Omamori"},{"floor":26.0,"key":"War Paint"},{"floor":28.0,"key":"MealTicket"}],"event_choices":[{"damage_healed":0.0,"max_hp_gain":0.0,"max_hp_loss":0.0,"gold_gain":0.0,"event_name":"The Cleric","player_choice":"Leave","floor":3.0,"gold_loss":0.0,"damage_taken":0.0},{"damage_healed":38.0,"max_hp_gain":0.0,"max_hp_loss":0.0,"gold_gain":0.0,"event_name":"Wheel of Change","player_choice":"Full Heal","floor":8.0,"gold_loss":0.0,"damage_taken":0.0},{"cards_removed":["Strike_R"],"damage_healed":0.0,"max_hp_gain":0.0,"max_hp_loss":0.0,"gold_gain":0.0,"event_name":"Bonfire Elementals","player_choice":"Offered Basic","floor":19.0,"gold_loss":0.0,"damage_taken":0.0}],"is_beta":false,"boss_relics":[{"not_picked":["Tiny House","Philosopher\u0027s Stone"],"picked":"SacredBark"}],"items_purged_floors":[],"is_endless":false,"potions_floor_spawned":[1,2,13,22],"killed_by":"Collector","ascension_level":0}}