{"host":"xt797mi8yhee06c1","time":1610522317,"event":{"mods":["Arknights The Spire","BaseMod","Bestiary","Koishi","Marisa£¨Ùöéë¡¡Øª×âÞÞ£©","Minty Spire (QoL Compilation)","Poor People Problems","Prisma Mod","Relic Filter","Shop Mod","Spicy Shops","StSLib","The Marked","The Runesmith","The Servant 0.9.4","WarShipGirlsR/??á´Ò³R mod"],"gold_per_floor":[10,10,10,28,43,73,73,73,122,158,158,158,158],"floor_reached":12,"language":"KOR","playtime":980,"items_purged":[],"score":86,"play_id":"47213c9f-832a-41da-a4ee-510f5f2a9b06","local_time":"20210113161837","is_ascension_mode":false,"campfire_choices":[{"floor":8,"key":"REST"},{"floor":11,"key":"REST"}],"circlet_count":0,"master_deck":["PrismaMod:ChloeCommonAttack","PrismaMod:ChloeCommonAttack","PrismaMod:ChloeCommonAttack","PrismaMod:ChloeCommonAttack","PrismaMod:ChloeCommonDefend","PrismaMod:ChloeCommonDefend","PrismaMod:ChloeCommonDefend","PrismaMod:ChloeCommonDefend","PrismaMod:ChloeCommonDefend","PrismaMod:ChloeCheapAttack","PrismaMod:ChloeCheapDefend","PrismaMod:ChloeDemonicTutor","Decay","PrismaMod:ChloeRuleBreaker","PrismaMod:ChloeCommonAOEAttack","PrismaMod:ChloeUncommonAttack","PrismaMod:ChloeDevil","PrismaMod:ChloeCheapDefendTwo"],"relics":["PrismaMod:PrismaTraceOn","Lizard Tail","Mummified Hand","CeramicFish","The Courier"],"acts_visited":["Exordium"],"potions_floor_usage":[12],"damage_taken":[{"damage":1,"enemies":"Small Slimes","floor":1,"turns":4},{"damage":14,"enemies":"Cultist","floor":4,"turns":6},{"damage":13,"enemies":"Jaw Worm","floor":5,"turns":4},{"damage":43,"enemies":"Gremlin Nob","floor":6,"turns":6},{"damage":54,"enemies":"3 Sentries","floor":10,"turns":20},{"damage":53,"enemies":"Lagavulin","floor":12,"turns":10}],"seed_played":"8769109641624852569","potions_obtained":[{"floor":1,"key":"SpeedPotion"},{"floor":10,"key":"Energy Potion"}],"is_trial":false,"path_per_floor":["M","?","$","M","M","E","?","R","T","E","R","E"],"character_chosen":"CHLOE","items_purchased":[],"campfire_rested":2,"item_purchase_floors":[],"current_hp_per_floor":[74,74,74,60,47,4,4,26,26,22,44,0,0],"gold":158,"neow_bonus":"ONE_RARE_RELIC","is_daily":false,"chose_seed":false,"campfire_upgraded":0,"win_rate":0.0,"timestamp":1610522317,"path_taken":["M","?","?","M","M","E","?","R","T","E","R","E"],"items_purchased_type":[],"build_version":"2020-12-22","purchased_purges":0,"victory":false,"max_hp_per_floor":[75,75,75,75,75,75,75,75,75,75,75,75,75],"card_choices":[{"not_picked":["PrismaMod:ChloeUncommonAttack","PrismaMod:ChloeCommonAOEAttack"],"picked":"PrismaMod:ChloeDemonicTutor","floor":1},{"not_picked":["PrismaMod:ChloeCheapAttackTwo","PrismaMod:ChloeUncommonDefend"],"picked":"PrismaMod:ChloeRuleBreaker","floor":4},{"not_picked":["PrismaMod:ChloeExhaustOne","PrismaMod:ChloeCheapAttackTwo"],"picked":"PrismaMod:ChloeCommonAOEAttack","floor":5},{"not_picked":["PrismaMod:ChloeExhaustTwo","PrismaMod:ChloeMordred"],"picked":"PrismaMod:ChloeUncommonAttack","floor":6},{"not_picked":["PrismaMod:ChloeUncommonAttack","PrismaMod:ChloeUncommonDefend"],"picked":"PrismaMod:ChloeCheapDefendTwo","floor":10}],"player_experience":331465,"relics_obtained":[{"floor":6,"key":"Mummified Hand"},{"floor":9,"key":"CeramicFish"},{"floor":10,"key":"The Courier"}],"event_choices":[{"damage_healed":0,"gold_gain":0,"player_choice":"Cursed","damage_taken":0,"max_hp_gain":0,"max_hp_loss":0,"event_name":"Wheel of Change","floor":2,"gold_loss":0,"cards_obtained":["Decay"]},{"damage_healed":0,"gold_gain":0,"cards_transformed":["PrismaMod:ChloeCommonAttack"],"player_choice":"Change","damage_taken":0,"max_hp_gain":0,"max_hp_loss":0,"event_name":"Living Wall","floor":7,"gold_loss":0,"cards_obtained":["PrismaMod:ChloeDevil"]}],"is_beta":false,"boss_relics":[],"items_purged_floors":[],"is_endless":false,"potions_floor_spawned":[1,10],"killed_by":"Lagavulin","ascension_level":0}}