{"host":"1q1wpq6df472foxy","time":1610526738,"event":{"mods":["BaseMod","DeckTracker","Highlight Path","Minty Spire (QoL Compilation)","Quick Restart","StSLib","SuperFastMode"],"gold_per_floor":[116,116,130,142,67,67,77,109,109,129,129,129,139,156,156,254,254,267,284,184,184,59,59,59,59,84,96,125,148,194,224,236,248,248],"floor_reached":33,"language":"KOR","playtime":674,"items_purged":["Strike_R","Strike_R","Strike_R"],"score":261,"play_id":"63d83f4a-ea82-4465-bf06-80a09e102431","local_time":"20210113173218","is_ascension_mode":true,"campfire_choices":[{"floor":6,"key":"RECALL"},{"floor":11,"key":"REST"},{"floor":15,"key":"REST"},{"floor":23,"key":"REST"},{"floor":25,"key":"REST"},{"floor":27,"key":"REST"},{"floor":32,"key":"REST"}],"circlet_count":0,"master_deck":["Strike_R","Strike_R","Defend_R","Defend_R","Defend_R","Defend_R","Bash","Heavy Blade+1","Sever Soul+1","Demon Form","Heavy Blade+1"],"relics":["Fusion Hammer","Molten Egg 2","Gambling Chip","Runic Cube","MawBank","Red Mask"],"acts_visited":["Exordium","TheCity"],"potions_floor_usage":[30,30,30,31,33],"damage_taken":[{"damage":6,"enemies":"Cultist","floor":1,"turns":3},{"damage":0,"enemies":"Small Slimes","floor":3,"turns":3},{"damage":1,"enemies":"2 Louse","floor":4,"turns":3},{"damage":2,"enemies":"2 Fungi Beasts","floor":7,"turns":3},{"damage":31,"enemies":"3 Sentries","floor":8,"turns":9},{"damage":10,"enemies":"Looter","floor":10,"turns":2},{"damage":0,"enemies":"Exordium Thugs","floor":13,"turns":2},{"damage":0,"enemies":"2 Fungi Beasts","floor":14,"turns":2},{"damage":76,"enemies":"The Guardian","floor":16,"turns":9},{"damage":10,"enemies":"Spheric Guardian","floor":18,"turns":3},{"damage":25,"enemies":"2 Thieves","floor":19,"turns":3},{"damage":50,"enemies":"Centurion and Healer","floor":28,"turns":4},{"damage":10,"enemies":"Cultist and Chosen","floor":29,"turns":4},{"damage":9,"enemies":"Masked Bandits","floor":30,"turns":3},{"damage":15,"enemies":"3 Cultists","floor":31,"turns":4},{"damage":76,"enemies":"Automaton","floor":33,"turns":6}],"seed_played":"-5479905564974064124","potions_obtained":[{"floor":7,"key":"Fire Potion"},{"floor":10,"key":"BlessingOfTheForge"},{"floor":14,"key":"Energy Potion"},{"floor":30,"key":"ColorlessPotion"},{"floor":31,"key":"Explosive Potion"}],"is_trial":false,"path_per_floor":["M","?","M","M","$","R","M","E","T","M","R","?","M","M","R","B",null,"M","M","$","?","$","R","?","R","T","R","M","M","?","M","R","B"],"character_chosen":"IRONCLAD","items_purchased":[],"campfire_rested":6,"item_purchase_floors":[],"current_hp_per_floor":[74,80,80,79,79,79,77,46,46,36,60,60,60,60,80,4,80,70,45,45,45,45,69,54,79,79,85,35,25,16,1,26,0,0],"gold":248,"neow_bonus":"BOSS_RELIC","is_daily":false,"chose_seed":false,"campfire_upgraded":0,"win_rate":0.0,"timestamp":1610526738,"path_taken":["M","?","?","M","$","R","M","E","T","?","R","?","M","M","R","BOSS","M","?","$","?","$","R","?","R","T","R","M","M","?","M","R","BOSS"],"items_purchased_type":[],"build_version":"2020-12-22","purchased_purges":3,"victory":false,"max_hp_per_floor":[80,80,80,80,80,80,80,80,80,80,80,80,80,80,80,80,80,80,80,80,80,80,80,85,85,85,85,85,85,85,85,85,85,85],"card_choices":[{"not_picked":["Pommel Strike","Anger","Ghostly Armor"],"picked":"SKIP","floor":1},{"not_picked":["Wild Strike","Blood for Blood"],"picked":"Heavy Blade","floor":3},{"not_picked":["Perfected Strike","Thunderclap","Wild Strike"],"picked":"SKIP","floor":4},{"not_picked":["Fire Breathing","Offering","Uppercut"],"picked":"SKIP","floor":7},{"not_picked":["Dual Wield","Sword Boomerang+1"],"picked":"Sever Soul+1","floor":8},{"not_picked":["Rage","Wild Strike+1","Bloodletting"],"picked":"SKIP","floor":10},{"not_picked":["Havoc","Power Through","Pommel Strike+1"],"picked":"SKIP","floor":13},{"not_picked":["Twin Strike+1","Bloodletting","True Grit"],"picked":"SKIP","floor":14},{"not_picked":["Corruption","Offering"],"picked":"Demon Form","floor":16},{"not_picked":["Thunderclap+1","Clash+1","Shrug It Off"],"picked":"SKIP","floor":18},{"not_picked":["Blood for Blood+1","True Grit","Pommel Strike+1"],"picked":"SKIP","floor":19},{"not_picked":["Inflame","Combust","Body Slam+1"],"picked":"SKIP","floor":28},{"not_picked":["Warcry","Iron Wave+1","Shrug It Off+1"],"picked":"SKIP","floor":29},{"not_picked":["Rampage+1","Bloodletting+1","True Grit"],"picked":"SKIP","floor":31}],"player_experience":174204,"relics_obtained":[{"floor":8,"key":"Molten Egg 2"},{"floor":9,"key":"Gambling Chip"},{"floor":26,"key":"MawBank"},{"floor":30,"key":"Red Mask"}],"event_choices":[{"damage_healed":6,"gold_gain":0,"player_choice":"Full Heal","damage_taken":0,"max_hp_gain":0,"max_hp_loss":0,"event_name":"Wheel of Change","floor":2,"gold_loss":0},{"damage_healed":0,"gold_gain":0,"player_choice":"Upgraded","damage_taken":0,"max_hp_gain":0,"max_hp_loss":0,"event_name":"Upgrade Shrine","floor":12,"gold_loss":0,"cards_upgraded":["Heavy Blade"]},{"damage_healed":0,"gold_gain":0,"player_choice":"Read","damage_taken":0,"max_hp_gain":0,"max_hp_loss":0,"event_name":"The Library","floor":21,"gold_loss":0,"cards_obtained":["Heavy Blade"]},{"damage_healed":0,"gold_gain":0,"player_choice":"Shed Blood","damage_taken":20,"max_hp_gain":5,"max_hp_loss":0,"event_name":"Forgotten Altar","floor":24,"gold_loss":0},{"damage_healed":0,"gold_gain":0,"player_choice":"Fought Bandits","damage_taken":0,"max_hp_gain":0,"max_hp_loss":0,"event_name":"Masked Bandits","floor":30,"gold_loss":0}],"is_beta":false,"boss_relics":[{"not_picked":["Astrolabe","Coffee Dripper"],"picked":"Runic Cube"}],"items_purged_floors":[5,20,22],"is_endless":false,"potions_floor_spawned":[7,10,14,29,30,31],"killed_by":"Automaton","ascension_level":1}}