{"host":"h4lp0eeso8a0ssq0","time":1610544000,"event":{"mods":["2.2 Compatiblity","AchievementEnabler","BaseMod","CapriCore","Colored Map","Minty Spire (QoL Compilation)","StSLib","SuperFastMode"],"gold_per_floor":[114,130,140,140,11,11,36,36,36,50,65,95,115,141,141,240,240,252,235,235,235,10,10,29,0,0,0,16,26,45,45,45],"floor_reached":31,"language":"KOR","playtime":719,"items_purged":["Strike_G"],"score":382,"play_id":"4fc02ac6-ee07-43e8-920a-d3e690f9ab85","local_time":"20210113222000","is_ascension_mode":true,"campfire_choices":[{"data":"Crippling Poison","floor":6.0,"key":"SMITH"},{"data":"Catalyst","floor":8.0,"key":"SMITH"},{"floor":15.0,"key":"REST"},{"floor":23,"key":"REST"}],"circlet_count":0,"master_deck":["AscendersBane","Strike_G","Strike_G+1","Defend_G","Defend_G","Defend_G","Defend_G","Defend_G","Survivor","Neutralize+1","Crippling Poison+1","Catalyst+1","Poisoned Stab","Quick Slash","Masterful Stab","Bouncing Flask","Wraith Form v2","Blur","Bullet Time","PiercingWail+1","Grand Finale","Calculated Gamble","Bouncing Flask","Acrobatics","Deadly Poison","Wraith Form v2"],"relics":["Ring of the Snake","Whetstone","Peace Pipe","White Beast Statue","Question Card","Potion Belt","Philosopher\u0027s Stone","Regal Pillow","InkBottle"],"acts_visited":["Exordium","TheCity"],"potions_floor_usage":[24],"damage_taken":[{"damage":0.0,"enemies":"Small Slimes","floor":1.0,"turns":3.0},{"damage":1.0,"enemies":"Jaw Worm","floor":2.0,"turns":4.0},{"damage":3.0,"enemies":"2 Louse","floor":3.0,"turns":3.0},{"damage":25.0,"enemies":"3 Sentries","floor":7.0,"turns":10.0},{"damage":12.0,"enemies":"Large Slime","floor":10.0,"turns":5.0},{"damage":1.0,"enemies":"Looter","floor":11.0,"turns":3.0},{"damage":1.0,"enemies":"Exordium Thugs","floor":13.0,"turns":4.0},{"damage":7.0,"enemies":"Slime Boss","floor":16.0,"turns":10.0},{"damage":23.0,"enemies":"Spheric Guardian","floor":18.0,"turns":5.0},{"damage":16.0,"enemies":"2 Thieves","floor":19.0,"turns":4.0},{"damage":13,"enemies":"Centurion and Healer","floor":24,"turns":6},{"damage":9,"enemies":"Snecko","floor":28,"turns":4},{"damage":0,"enemies":"Snake Plant","floor":29,"turns":3},{"damage":8,"enemies":"Sentry and Sphere","floor":30,"turns":3},{"damage":27,"enemies":"Chosen and Byrds","floor":31,"turns":4}],"seed_played":"7335523414177492591","potions_obtained":[{"floor":1.0,"key":"GamblersBrew"},{"floor":2.0,"key":"Dexterity Potion"},{"floor":3.0,"key":"AttackPotion"},{"floor":10.0,"key":"PowerPotion"},{"floor":11.0,"key":"Weak Potion"},{"floor":13.0,"key":"Explosive Potion"},{"floor":16.0,"key":"FearPotion"},{"floor":18.0,"key":"Dexterity Potion"},{"floor":19.0,"key":"Explosive Potion"},{"floor":24,"key":"Weak Potion"},{"floor":29,"key":"SkillPotion"}],"is_trial":false,"path_per_floor":["M","M","M","?","$","R","E","R","T","M","M","?","M","T","R","B",null,"M","M","?","?","$","R","M","?","T","$","M","M","M","M"],"character_chosen":"THE_SILENT","items_purchased":["Quick Slash","Regal Pillow","Bouncing Flask"],"campfire_rested":2,"item_purchase_floors":[5,22,22],"current_hp_per_floor":[63,62,59,52,52,52,27,27,27,15,14,14,13,13,34,27,59,36,20,20,20,20,56,43,43,43,43,34,34,26,0,0],"gold":45,"neow_bonus":"RANDOM_COMMON_RELIC","is_daily":false,"chose_seed":false,"campfire_upgraded":2,"win_rate":0.0,"timestamp":1610544000,"path_taken":["M","M","M","?","$","R","E","R","T","M","M","?","M","?","R","BOSS","M","M","?","?","$","R","M","?","T","?","M","M","?","M"],"items_purchased_type":["Card","Relic","Card"],"build_version":"2020-12-22","purchased_purges":1,"victory":false,"max_hp_per_floor":[70,70,70,70,70,70,70,70,70,70,70,70,70,70,70,70,70,70,70,70,70,70,70,70,70,70,70,70,70,70,70,70],"card_choices":[{"not_picked":["Accuracy","Dash"],"picked":"Crippling Poison","floor":1.0},{"not_picked":["Dash","Slice"],"picked":"Catalyst","floor":2.0},{"not_picked":["Endless Agony","Blade Dance"],"picked":"Poisoned Stab","floor":3.0},{"not_picked":["Riddle With Holes","Outmaneuver"],"picked":"Masterful Stab","floor":7.0},{"not_picked":["Skewer","Expertise","Eviscerate"],"picked":"Bouncing Flask","floor":10.0},{"not_picked":["Blade Dance","Cloak And Dagger","Poisoned Stab"],"picked":"Wraith Form v2","floor":11.0},{"not_picked":["Prepared","Poisoned Stab","Acrobatics"],"picked":"Blur","floor":13.0},{"not_picked":["A Thousand Cuts","Burst","Grand Finale"],"picked":"Bullet Time","floor":16.0},{"not_picked":["Dagger Spray","Outmaneuver","Infinite Blades"],"picked":"PiercingWail+1","floor":18.0},{"not_picked":["Dagger Spray+1","Slice","Dodge and Roll","Underhanded Strike+1"],"picked":"SKIP","floor":19.0},{"not_picked":["Eviscerate","Underhanded Strike","Outmaneuver"],"picked":"Acrobatics","floor":24},{"not_picked":["Cloak And Dagger","Skewer","Infinite Blades","Dodge and Roll"],"picked":"SKIP","floor":28},{"not_picked":["Well Laid Plans","Terror","Quick Slash"],"picked":"Deadly Poison","floor":29},{"not_picked":["Dagger Throw+1","Predator","Setup"],"picked":"Wraith Form v2","floor":30}],"player_experience":151835,"relics_obtained":[{"floor":7.0,"key":"White Beast Statue"},{"floor":9.0,"key":"Question Card"},{"floor":14.0,"key":"Potion Belt"},{"floor":26,"key":"InkBottle"}],"event_choices":[{"damage_healed":0.0,"max_hp_gain":0.0,"max_hp_loss":0.0,"gold_gain":0.0,"event_name":"Scrap Ooze","player_choice":"Success","floor":4.0,"gold_loss":0.0,"damage_taken":7.0,"relics_obtained":["Peace Pipe"]},{"damage_healed":0.0,"max_hp_gain":0.0,"max_hp_loss":0.0,"gold_gain":30.0,"event_name":"Dead Adventurer","player_choice":"Searched \u00272\u0027 times","floor":12.0,"gold_loss":0.0,"damage_taken":0.0},{"damage_healed":0,"gold_gain":0,"player_choice":"Ignored","damage_taken":0,"max_hp_gain":0,"max_hp_loss":0,"event_name":"The Mausoleum","floor":20,"gold_loss":0},{"damage_healed":0,"gold_gain":0,"cards_transformed":["Strike_G","Strike_G"],"player_choice":"Became Test Subject","damage_taken":0,"max_hp_gain":0,"max_hp_loss":0,"event_name":"Drug Dealer","floor":21,"gold_loss":0,"cards_obtained":["Grand Finale","Calculated Gamble"]},{"damage_healed":0,"gold_gain":0,"player_choice":"Paid Fearfully","damage_taken":0,"max_hp_gain":0,"max_hp_loss":0,"event_name":"Masked Bandits","floor":25,"gold_loss":29}],"is_beta":false,"boss_relics":[{"not_picked":["Ectoplasm","Pandora\u0027s Box"],"picked":"Philosopher\u0027s Stone"}],"items_purged_floors":[5],"is_endless":false,"potions_floor_spawned":[1,2,3,10,11,13,16,18,19,24,28,29,30],"killed_by":"Chosen and Byrds","ascension_level":12}}