{"host":"50per11302020","time":1610576620,"event":{"mods":["AchievementEnabler","BaseMod","Colored Map","Minty Spire (QoL Compilation)","Relic Stats","StSLib"],"gold_per_floor":[117,137,137,137,287,287,252,252,252,271,23,39,39,70,70,70,70],"floor_reached":16,"language":"ENG","playtime":896,"items_purged":[],"score":289,"play_id":"5e95bc62-4064-4345-b513-ed95a75a8fe9","local_time":"20210113142340","is_ascension_mode":true,"campfire_choices":[{"floor":6.0,"key":"REST"},{"data":"Footwork","floor":8.0,"key":"SMITH"},{"data":"Apotheosis","floor":15.0,"key":"SMITH"}],"circlet_count":0,"master_deck":["AscendersBane","Strike_G","Strike_G","Strike_G","Strike_G","Strike_G","Defend_G","Defend_G","Defend_G","Defend_G","Survivor","Neutralize","Blade Dance","Leg Sweep","Doubt","Footwork+1","Blur","Apotheosis+1","Dagger Spray","Burst"],"relics":["Ring of the Snake","Dream Catcher","Golden Idol","Eternal Feather","Omamori"],"acts_visited":["Exordium"],"potions_floor_usage":[16],"damage_taken":[{"damage":5.0,"enemies":"Cultist","floor":1.0,"turns":4.0},{"damage":3.0,"enemies":"2 Louse","floor":2.0,"turns":3.0},{"damage":0.0,"enemies":"Small Slimes","floor":10.0,"turns":7.0},{"damage":0.0,"enemies":"2 Fungi Beasts","floor":12.0,"turns":4.0},{"damage":38.0,"enemies":"3 Sentries","floor":14.0,"turns":15.0},{"damage":57,"enemies":"Hexaghost","floor":16,"turns":16}],"seed_played":"5788863480913091047","potions_obtained":[{"floor":10.0,"key":"FairyPotion"},{"floor":14.0,"key":"SteroidPotion"}],"is_trial":false,"path_per_floor":["M","M","?","?","?","R","?","R","T","M","$","M","$","E","R","B"],"character_chosen":"THE_SILENT","items_purchased":["Apotheosis","Dagger Spray"],"campfire_rested":1,"item_purchase_floors":[11,11],"current_hp_per_floor":[54,51,28,21,21,40,56,56,56,56,56,56,56,18,30,0,0],"gold":70,"neow_bonus":"RANDOM_COMMON_RELIC","is_daily":false,"chose_seed":false,"campfire_upgraded":2,"win_rate":0.0,"timestamp":1610576620,"path_taken":["M","M","?","?","?","R","?","R","T","M","$","M","?","E","R","BOSS"],"items_purchased_type":["Card","Card"],"build_version":"2020-12-18","purchased_purges":0,"victory":false,"max_hp_per_floor":[66,66,66,66,66,66,66,66,66,66,66,66,66,66,66,66,66],"relic_stats":{"Dream Catcher":1,"counters":[6,49],"Golden Idol":13,"Eternal Feather":12,"obtain_stats":[{"Dream Catcher":0,"Golden Idol":3,"Eternal Feather":9,"Omamori":14,"Ring of the Snake":0},{"Dream Catcher":0,"Golden Idol":2,"Eternal Feather":2,"Omamori":5,"Ring of the Snake":0},{"Dream Catcher":0,"Golden Idol":7,"Eternal Feather":7,"Omamori":33,"Ring of the Snake":0}],"Ring of the Snake":[12]},"card_choices":[{"not_picked":["Dagger Spray","Finisher"],"picked":"Blade Dance","floor":1.0},{"not_picked":["Dagger Throw","Slice"],"picked":"Leg Sweep","floor":2.0},{"not_picked":["Outmaneuver","Sucker Punch"],"picked":"Footwork","floor":6.0},{"not_picked":["Terror","Dagger Throw"],"picked":"Blur","floor":10.0},{"not_picked":["Deflect","Flying Knee"],"picked":"Burst","floor":12.0},{"not_picked":["Eviscerate","Infinite Blades","Dagger Spray"],"picked":"SKIP","floor":14.0}],"player_experience":193584,"relics_obtained":[{"floor":9.0,"key":"Eternal Feather"},{"floor":14.0,"key":"Omamori"}],"event_choices":[{"damage_healed":0.0,"max_hp_gain":0.0,"max_hp_loss":0.0,"gold_gain":0.0,"event_name":"Golden Idol","player_choice":"Take Damage","floor":3.0,"gold_loss":0.0,"damage_taken":23.0,"relics_obtained":["Golden Idol"]},{"cards_removed":["Defend_G"],"damage_healed":0.0,"max_hp_gain":0.0,"max_hp_loss":0.0,"gold_gain":0.0,"event_name":"Golden Wing","player_choice":"Card Removal","floor":4.0,"gold_loss":0.0,"damage_taken":7.0},{"damage_healed":0.0,"max_hp_gain":0.0,"max_hp_loss":0.0,"gold_gain":150.0,"event_name":"Liars Game","player_choice":"AGREE","floor":5.0,"gold_loss":0.0,"damage_taken":0.0,"cards_obtained":["Doubt"]},{"damage_healed":16.0,"max_hp_gain":0.0,"max_hp_loss":0.0,"gold_gain":0.0,"event_name":"The Cleric","player_choice":"Healed","floor":7.0,"gold_loss":35.0,"damage_taken":0.0}],"is_beta":true,"boss_relics":[],"items_purged_floors":[],"is_endless":false,"potions_floor_spawned":[10,14],"killed_by":"Hexaghost","ascension_level":19}}