{"host":"i0m9g0siyue4991n","time":1610529384,"event":{"mods":["100% Spire Juice","ATMod(°¢èªMod)","Act Like it!","BaseMod","BetterRewards","CapriCore","Challenge The Spire","Custom Start","Friendly Minions","Gensokyo","Marisa£¨ìFÓê¡¡Ä§ÀíÉ³£©","Minty Spire (QoL Compilation)","Quick Restart","Reimu£¨²©ÀöÁéÃÎ£©","RumiaBox-Â¶Ã×æ«µÄÉñÃØºÐ×Ó","StSLib","The Administrix","The Immortal","The Servant 0.9.4","Yakumo Yukari mod"],"gold_per_floor":[119,119,133,149,149,149,184,184,184,184,201,101,135,35,35,132,132,146,1,13,27,41,74,74,109,109,166,166,183,63,80,80,182,182,193,193,68,83,99,126,126,153,153,185,185,200,200,220,220,220,220,220,65,91,91],"floor_reached":56,"language":"ZHS","playtime":2680,"items_purged":["Moonworks:Strike","Moonworks:Strike","Moonworks:Strike"],"score":1976,"play_id":"e66aceeb-2426-49b8-8a43-9e57e3924527","local_time":"20210113171624","is_ascension_mode":true,"campfire_choices":[{"data":"Moonworks:TreasureThief","floor":6.0,"key":"SMITH"},{"floor":8.0,"key":"RECALL"},{"data":"Moonworks:NicePresent","floor":10.0,"key":"SMITH"},{"data":"Moonworks:IndiscriminateFireSupport","floor":15.0,"key":"SMITH"},{"data":"Moonworks:AnotherUltimateWeapon","floor":24.0,"key":"SMITH"},{"data":"Moonworks:AccelHyper","floor":32.0,"key":"SMITH"},{"data":"Moonworks:CookingTime","floor":41,"key":"SMITH"},{"floor":49,"key":"REST"},{"floor":52,"key":"REST"}],"circlet_count":0,"master_deck":["Moonworks:Defend+1","Moonworks:Defend+1","Moonworks:Ambush+1","Moonworks:LongDistanceShot+1","AT_FamilyPortrait+1","AT_FamilyPortrait+1","Moonworks:IndiscriminateFireSupport+1","Moonworks:TreasureThief+1","Moonworks:CookingTime+1","Moonworks:AnotherUltimateWeapon+1","Moonworks:RocketCannon+1","Moonworks:MeltingMemories+1","Moonworks:ExtendedPhotonRifle+1","Moonworks:DeployBits+1","Moonworks:BackdoorTrade+1","Moonworks:AccelHyper+1","Moonworks:WeAreWaruda+1","Moonworks:MiracleRedBeanIceCream+1"],"relics":["Moonworks:BrokenBomb","Moonworks:Homemark","AT_ATBox","AT_RabadonDeathcap","War Paint","PureWhite:ReiMu","DollysMirror","MagicDraw3","Pantograph","AT_TimeSand","Pear","Astrolabe","Mastiff:ReiMu","GodSword7","Incense Burner","Bag of Preparation","Gensokyo:FoxMask","Philosopher\u0027s Stone","ZombieArmy","AT_EbonyIvory","AT_GoldPhoenixTree","Singing Bowl","Medical Kit","Pen Nib"],"acts_visited":["Exordium","Gensokyo:Gensokyo","Gensokyo:Gensokyoer","TheEnding"],"potions_floor_usage":[55,55,55],"damage_taken":[{"damage":0.0,"enemies":"Gensokyo:2_Kodama","floor":1.0,"turns":3.0},{"damage":0.0,"enemies":"Gensokyo:Python","floor":3.0,"turns":2.0},{"damage":0.0,"enemies":"Gensokyo:3_Fairies","floor":4.0,"turns":2.0},{"damage":0.0,"enemies":"Gensokyo:Mamizou","floor":7.0,"turns":4.0},{"damage":0.0,"enemies":"Gensokyo:2_Rabbits","floor":11.0,"turns":2.0},{"damage":0.0,"enemies":"Gensokyo:Aya","floor":13.0,"turns":2.0},{"damage":0.0,"enemies":"Gensokyo:Reimu","floor":16.0,"turns":5.0},{"damage":0.0,"enemies":"Gensokyo:2_Gloops","floor":18.0,"turns":3.0},{"damage":0.0,"enemies":"Gensokyo:CosmicMonolith","floor":20.0,"turns":2.0},{"damage":0.0,"enemies":"Gensokyo:Chomper_and_Gloop","floor":21.0,"turns":2.0},{"damage":2.0,"enemies":"Gensokyo:Monolith_and_Dog","floor":22.0,"turns":3.0},{"damage":0.0,"enemies":"Gensokyo:Koishi","floor":23.0,"turns":3.0},{"damage":0.0,"enemies":"Gensokyo:Reisen","floor":25.0,"turns":3.0},{"damage":0.0,"enemies":"Gensokyo:Tenshi","floor":27.0,"turns":2.0},{"damage":0.0,"enemies":"Gensokyo:Swordslinger","floor":29.0,"turns":3.0},{"damage":0.0,"enemies":"Gensokyo:Slime_Group","floor":31.0,"turns":3.0},{"damage":0,"enemies":"Gensokyo:Eternal_Rivals","floor":33,"turns":4},{"damage":0,"enemies":"Gensokyo:AncientGuardian","floor":35,"turns":2},{"damage":0,"enemies":"Gensokyo:3_Boulders","floor":38,"turns":2},{"damage":0,"enemies":"Gensokyo:AtlasGolem","floor":39,"turns":2},{"damage":0,"enemies":"Gensokyo:Marisa","floor":40,"turns":3},{"damage":21,"enemies":"Gensokyo:Doremy","floor":42,"turns":4},{"damage":0,"enemies":"Gensokyo:Kasen","floor":44,"turns":3},{"damage":0,"enemies":"Gensokyo:SeedOfUnknown","floor":46,"turns":2},{"damage":9,"enemies":"Gensokyo:Sharpion","floor":48,"turns":2},{"damage":31,"enemies":"Gensokyo:Shinki","floor":50,"turns":6},{"damage":0,"enemies":"Shield and Spear","floor":54,"turns":2},{"damage":36,"enemies":"The Heart","floor":55,"turns":6}],"seed_played":"-3950532345854421286","potions_obtained":[{"floor":3.0,"key":"Fire Potion"},{"floor":11.0,"key":"Dexterity Potion"},{"floor":27.0,"key":"LiquidMemories"},{"floor":31.0,"key":"Strength Potion"}],"is_trial":false,"path_per_floor":["M","?","M","M","?","R","E","R","T","R","M","$","E","?","R","B",null,"M","$","M","M","M","E","R","E","T","E","?","M","?","M","R","B",null,"M","?","$","M","M","E","R","E","T","E","?","M","?","M","R","B",null,"R","$","E","B",null],"character_chosen":"THE_STARBREAKER","items_purchased":["AT_RabadonDeathcap","War Paint","DollysMirror","Mastiff:ReiMu","Medical Kit"],"campfire_rested":2,"item_purchase_floors":[0,0,0,19,53],"current_hp_per_floor":[25,25,25,25,25,25,29,29,29,29,29,29,29,39,39,70,70,70,70,70,70,70,70,70,70,70,70,70,70,70,70,70,70,70,70,70,70,70,70,70,70,62,62,72,72,74,74,72,76,53,76,76,76,76,66],"gold":91,"neow_bonus":"","is_daily":false,"chose_seed":false,"campfire_upgraded":6,"win_rate":0.0,"timestamp":1610529384,"path_taken":["M","?","M","M","?","R","E","R","T","R","M","?","E","?","R","BOSS","M","?","M","M","M","E","R","E","T","E","?","?","?","M","R","BOSS","M","?","$","M","M","E","R","E","T","E","?","M","?","?","R","BOSS","R","$","E","BOSS"],"items_purchased_type":["Relic","Relic","Relic","Relic","Relic"],"build_version":"2020-12-22","purchased_purges":3,"victory":true,"max_hp_per_floor":[60,60,60,60,60,60,60,60,60,60,60,60,60,70,70,70,70,70,70,70,70,70,70,70,70,70,70,70,70,70,70,70,70,70,70,70,70,70,70,70,70,70,70,72,72,74,74,76,76,76,76,76,76,78,78],"card_choices":[{"not_picked":["Moonworks:CloudOfSeagulls","Moonworks:Assault","Moonworks:IndiscriminateFireSupport"],"picked":"SKIP","floor":1.0},{"not_picked":["Moonworks:SealedMemories","Moonworks:DeployBits"],"picked":"Moonworks:IndiscriminateFireSupport","floor":3.0},{"not_picked":["Moonworks:Assault","Moonworks:ImOnFire"],"picked":"Moonworks:TreasureThief","floor":4.0},{"not_picked":["Moonworks:DeployBits","Moonworks:SakisCookie"],"picked":"Moonworks:NicePresent","floor":7.0},{"not_picked":["Moonworks:EvilSpyWorkPreparation","Moonworks:SakisCookie","Moonworks:ImOnFire"],"picked":"SKIP","floor":11.0},{"not_picked":["Moonworks:EvilSpyWorkPreparation","Moonworks:SakisCookie","Moonworks:ImOnFire"],"picked":"SKIP","floor":11.0},{"not_picked":["Moonworks:SelfDestruct","Moonworks:AngelHand"],"picked":"Moonworks:CookingTime","floor":13.0},{"not_picked":["Moonworks:Blazing","Moonworks:StarBlastingFuse"],"picked":"Moonworks:AnotherUltimateWeapon","floor":16.0},{"not_picked":["Moonworks:UnluckyCharm","Moonworks:JonathanRush","Moonworks:LulusLuckyEgg"],"picked":"SKIP","floor":18.0},{"not_picked":["Moonworks:NicePresent","Moonworks:LulusLuckyEgg+1","Moonworks:JonathanRush"],"picked":"SKIP","floor":20.0},{"not_picked":["Moonworks:EvilSpyWorkPreparation","Moonworks:NicePresent"],"picked":"Moonworks:DeployBits+1","floor":21.0},{"not_picked":["Moonworks:AngelHand","Moonworks:JonathanRush","Moonworks:BigMagnum"],"picked":"SKIP","floor":22.0},{"not_picked":["Moonworks:SakisCookie","Moonworks:DeployBits"],"picked":"Moonworks:BackdoorTrade+1","floor":23.0},{"not_picked":["Moonworks:JonathanRush","Moonworks:IndiscriminateFireSupport"],"picked":"Moonworks:AccelHyper","floor":25.0},{"not_picked":["Moonworks:SweetBattle","Moonworks:IndiscriminateFireSupport"],"picked":"Moonworks:WeAreWaruda","floor":27.0},{"not_picked":["Moonworks:CloudOfSeagulls","Moonworks:TreasureThief+1","Moonworks:LulusLuckyEgg"],"picked":"SKIP","floor":29.0},{"not_picked":["Moonworks:DeployBits","Moonworks:EvilSpyWorkPreparation","Moonworks:UnpaidWork"],"picked":"SKIP","floor":31.0},{"not_picked":["Moonworks:JonathanRush+1","Moonworks:SakisCookie+1","Moonworks:SelfDestruct+1"],"picked":"SKIP","floor":35},{"not_picked":["Moonworks:Assault","Moonworks:ImOnFire+1","Moonworks:LulusLuckyEgg"],"picked":"SKIP","floor":38},{"not_picked":["Moonworks:Assault+1","Moonworks:SakisCookie","Moonworks:AngelHand+1"],"picked":"SKIP","floor":39},{"not_picked":["Moonworks:Assault+1","Moonworks:FinalBattle","Moonworks:JonathanRush+1"],"picked":"SKIP","floor":40},{"not_picked":["Moonworks:RagingMadness+1","Moonworks:Flamethrower","Moonworks:CookingTime+1"],"picked":"SKIP","floor":42},{"not_picked":["Moonworks:ImOnFire+1","Moonworks:JonathanRush+1","Moonworks:IndiscriminateFireSupport"],"picked":"Singing Bowl","floor":44},{"not_picked":["Moonworks:Assault+1","Moonworks:ScrambledEve+1","Moonworks:CompletionReward+1"],"picked":"Singing Bowl","floor":46},{"not_picked":["Moonworks:DeployBits","Moonworks:NicePresent+1","Moonworks:MixPhenomenon"],"picked":"Singing Bowl","floor":48},{"not_picked":["Moonworks:TreasureThief+1","Moonworks:IndiscriminateFireSupport","Moonworks:CloudOfSeagulls+1"],"picked":"Singing Bowl","floor":54}],"player_experience":516910,"relics_obtained":[{"floor":7.0,"key":"MagicDraw3"},{"floor":9.0,"key":"Pantograph"},{"floor":13.0,"key":"AT_TimeSand"},{"floor":23.0,"key":"GodSword7"},{"floor":25.0,"key":"Incense Burner"},{"floor":27.0,"key":"Bag of Preparation"},{"floor":40,"key":"ZombieArmy"},{"floor":42,"key":"AT_EbonyIvory"},{"floor":43,"key":"AT_GoldPhoenixTree"},{"floor":44,"key":"Singing Bowl"},{"floor":54,"key":"Pen Nib"}],"event_choices":[],"is_beta":false,"boss_relics":[{"not_picked":["Sozu","Busted Crown"],"picked":"Astrolabe"},{"not_picked":["AT_MortalBlade","Tiny House"],"picked":"Philosopher\u0027s Stone"}],"items_purged_floors":[0,12,37],"is_endless":false,"potions_floor_spawned":[3,4,11,16,20,27,31,38,40,46],"ascension_level":1}}