{"host":"yxwl91n21ge0donf","time":1610501584,"event":{"mods":["Arknights The Spire","BaseMod","Decade(王小明)","Gold Saver","HololiveMod","Minty Spire (QoL Compilation)","Relic Filter","Remove Card Discount Mod","StSLib","Swap Starting Deck Mod","The Alterego","The Dragon Tamer","The Marked","【遗物卡牌】REMEMod","篝火指南"],"gold_per_floor":[175,195,195,195,270,280,48,61,61,61,61],"floor_reached":10,"language":"ZHS","playtime":331,"items_purged":["ats:Defend","ats:Strike S","ats:Strike G","ats:Defend","ats:Defend"],"score":58,"play_id":"c41c0b4e-8cdd-4299-8ff4-a9ab081aacce","local_time":"20210113093304","is_ascension_mode":false,"campfire_choices":[],"circlet_count":0,"master_deck":["ats:Strike C","ats:Strike V","ats:Armor Crushing Shot","ats:Defend","ats:Emotion Absorption","ats:Directed Diagnosis","ats:Song Of Battle","ats:Leaping Hammer","ats:Automatic Cover","ats:Echo Reverb","ats:Calcification"],"relics":["ats:Sanity","REME_ComplimentaryCards","NeowsBlessing","Tiny Chest","ats:Defend","Pantograph"],"acts_visited":["Exordium"],"potions_floor_usage":[10],"damage_taken":[{"damage":0,"enemies":"Jaw Worm","floor":1,"turns":1},{"damage":0,"enemies":"Small Slimes","floor":2,"turns":1},{"damage":0,"enemies":"2 Louse","floor":6,"turns":2},{"damage":17,"enemies":"Blue Slaver","floor":8,"turns":5},{"damage":45,"enemies":"Gremlin Nob","floor":10,"turns":4}],"seed_played":"-5967182059414827847","potions_obtained":[{"floor":6,"key":"Block Potion"},{"floor":8,"key":"FearPotion"}],"is_trial":false,"path_per_floor":["M","M","?","?","?","M","$","M","T","E"],"character_chosen":"DOCTOR_CLASS","items_purchased":["ats:Echo Reverb","ats:Defend"],"campfire_rested":0,"item_purchase_floors":[7,7],"current_hp_per_floor":[72,72,72,65,54,54,54,39,39,0,0],"gold":61,"neow_bonus":"THREE_ENEMY_KILL","is_daily":false,"chose_seed":false,"campfire_upgraded":0,"win_rate":0.0,"timestamp":1610501584,"path_taken":["M","M","?","?","?","M","$","M","T","E"],"items_purchased_type":["Card","Card"],"build_version":"2020-12-22","purchased_purges":5,"victory":false,"max_hp_per_floor":[72,72,72,72,72,72,72,72,72,72,72],"card_choices":[{"not_picked":["ats:Overload","ats:Cat Scratch"],"picked":"ats:Song Of Battle","floor":1},{"not_picked":["ats:Shell Defense","ats:Ignite"],"picked":"ats:Leaping Hammer","floor":2},{"not_picked":["ats:Cat Scratch","ats:Consecutive Shot Auto"],"picked":"ats:Automatic Cover","floor":6},{"not_picked":["ats:Shell Defense","ats:Explosion Area Strengthen"],"picked":"ats:Calcification","floor":8}],"player_experience":117992,"relics_obtained":[{"floor":9,"key":"Pantograph"}],"event_choices":[{"damage_healed":0,"gold_gain":0,"player_choice":"Box","damage_taken":0,"relics_obtained":["Tiny Chest"],"max_hp_gain":0,"max_hp_loss":0,"event_name":"Big Fish","floor":3,"gold_loss":0,"cards_obtained":["Regret"]},{"cards_removed":["Regret"],"damage_healed":0,"gold_gain":0,"player_choice":"Card Removal","damage_taken":7,"max_hp_gain":0,"max_hp_loss":0,"event_name":"Golden Wing","floor":4,"gold_loss":0},{"damage_healed":0,"gold_gain":75,"player_choice":"Gather Gold","damage_taken":11,"max_hp_gain":0,"max_hp_loss":0,"event_name":"World of Goop","floor":5,"gold_loss":0}],"is_beta":false,"boss_relics":[],"items_purged_floors":[7,7,7,7,7],"is_endless":false,"potions_floor_spawned":[6,8],"killed_by":"Gremlin Nob","ascension_level":0}}