{"host":"utcbn1j9ebmpc40m","time":1610560054,"event":{"mods":["BaseMod","Better Match","Minty Spire (QoL Compilation)","Poor People Problems","StSLib","SuperFastMode","The IronCluck"],"gold_per_floor":[117,192,192,208,208,243,243,192,192,222,222,251,267,267,267,267,267],"floor_reached":16,"language":"ENG","playtime":274,"items_purged":[],"score":212,"play_id":"3abffd68-3ff8-4c94-ae76-7578042894ee","local_time":"20210113124734","is_ascension_mode":true,"campfire_choices":[{"floor":7,"key":"REST"},{"floor":11,"key":"REST"},{"floor":15,"key":"REST"}],"circlet_count":0,"master_deck":["AscendersBane","Strike_G","Strike_G","Strike_G","Strike_G","Defend_G","Defend_G","Defend_G","Defend_G","Defend_G","Survivor","Neutralize","Deadly Poison","Bane","Deadly Poison","Bullet Time","Bane","Cloak And Dagger"],"relics":["Ring of the Snake","NeowsBlessing","Ancient Tea Set","Frozen Egg 2","Pen Nib","Bag of Marbles","Mercury Hourglass"],"acts_visited":["Exordium"],"potions_floor_usage":[10,16],"damage_taken":[{"damage":0,"enemies":"2 Louse","floor":1,"turns":1},{"damage":0,"enemies":"Small Slimes","floor":4,"turns":1},{"damage":0,"enemies":"Lagavulin","floor":6,"turns":1},{"damage":26,"enemies":"3 Sentries","floor":10,"turns":10},{"damage":34,"enemies":"Lagavulin","floor":12,"turns":6},{"damage":2,"enemies":"Jaw Worm","floor":13,"turns":2},{"damage":34,"enemies":"Slime Boss","floor":16,"turns":6}],"seed_played":"-2922750486883830440","potions_obtained":[{"floor":4,"key":"DistilledChaos"},{"floor":13,"key":"Fire Potion"}],"is_trial":false,"path_per_floor":["M","?","$","M","?","E","R","$","T","E","R","E","M","?","R","B"],"character_chosen":"THE_SILENT","items_purchased":["Deadly Poison"],"campfire_rested":3,"item_purchase_floors":[8],"current_hp_per_floor":[63,52,52,52,45,45,66,66,66,40,61,27,25,7,28,0,0],"gold":267,"neow_bonus":"THREE_ENEMY_KILL","is_daily":false,"chose_seed":false,"campfire_upgraded":0,"win_rate":0.0,"timestamp":1610560054,"path_taken":["M","?","$","M","?","E","R","$","T","E","R","E","M","?","R","BOSS"],"items_purchased_type":["Card"],"build_version":"2020-12-22","purchased_purges":0,"victory":false,"max_hp_per_floor":[70,70,70,70,70,70,70,70,70,70,70,70,70,70,70,70,70],"card_choices":[{"not_picked":["Underhanded Strike","Tactician","Dagger Throw"],"picked":"SKIP","floor":1},{"not_picked":["Terror","Slice"],"picked":"Deadly Poison","floor":4},{"not_picked":["Dagger Spray","Acrobatics"],"picked":"Bane","floor":6},{"not_picked":["Underhanded Strike","Backflip"],"picked":"Bullet Time","floor":10},{"not_picked":["Heel Hook","Prepared"],"picked":"Bane","floor":12},{"not_picked":["Underhanded Strike","Deflect"],"picked":"Cloak And Dagger","floor":13}],"player_experience":465896,"relics_obtained":[{"floor":6,"key":"Ancient Tea Set"},{"floor":9,"key":"Frozen Egg 2"},{"floor":10,"key":"Pen Nib"},{"floor":12,"key":"Bag of Marbles"}],"event_choices":[{"damage_healed":0,"gold_gain":75,"player_choice":"Gather Gold","damage_taken":11,"max_hp_gain":0,"max_hp_loss":0,"event_name":"World of Goop","floor":2,"gold_loss":0},{"cards_removed":["Strike_G"],"damage_healed":0,"gold_gain":0,"player_choice":"Card Removal","damage_taken":7,"max_hp_gain":0,"max_hp_loss":0,"event_name":"Golden Wing","floor":5,"gold_loss":0},{"damage_healed":0,"gold_gain":0,"player_choice":"Success","damage_taken":18,"relics_obtained":["Mercury Hourglass"],"max_hp_gain":0,"max_hp_loss":0,"event_name":"Scrap Ooze","floor":14,"gold_loss":0}],"is_beta":false,"boss_relics":[],"items_purged_floors":[],"is_endless":false,"potions_floor_spawned":[4,13],"killed_by":"Slime Boss","ascension_level":10}}