{"host":"gp9wjf2ye6pu5sn4","time":1610515161,"event":{"mods":["BaseMod","Downfall","Minty Spire (QoL Compilation)","StSLib"],"gold_per_floor":[114,127,141,141,26,45,45,45,75,75,107,107,107,117,117,214,214,234,249,64,64,13,24,93,93,112,112,112,112,168,168,168,268,268,285,304,319,419,434,468,493,507,432,484,499,510,610,626,551,551],"floor_reached":51,"language":"ZHS","playtime":3445,"items_purged":["Pain","Parasite","Writhe"],"score":764,"play_id":"f38f2acf-8556-4b9f-ad97-0a57ee0b64ae","local_time":"20210113131921","is_ascension_mode":false,"campfire_choices":[{"floor":10.0,"key":"REST"},{"data":"Slimebound:Chomp","floor":12.0,"key":"SMITH"},{"floor":15.0,"key":"REST"},{"floor":29.0,"key":"REST"},{"floor":32.0,"key":"REST"},{"data":"expansioncontent:Corrupt","floor":43,"key":"SMITH"},{"floor":49,"key":"RECALL"}],"circlet_count":0,"master_deck":["Slimebound:Tackle","Slimebound:Defend_Slimebound","Slimebound:Defend_Slimebound+1","Slimebound:Defend_Slimebound","Slimebound:Defend_Slimebound","Slimebound:Split","Slimebound:CorrosiveSpit","Slimebound:ForwardTackle","Slimebound:SplitMire","Slimebound:SplitMire+1","Slimebound:LeechEnergy","Slimebound:FinishingTackle","Slimebound:Chomp+1","Slimebound:MassFeed","Slimebound:DisruptingSlam","Slimebound:ViciousTackle","Slimebound:LeechLife","Slimebound:FirmFortitude","Slimebound:DivideAndConquer+1","Slimebound:LeechLife","Slimebound:LeadByExample","Slimebound:LevelUp","Slimebound:MegaLick","Slimebound:LeechEnergy","Slimebound:LevelUp","Slimebound:Tackle+1","Slimebound:Tackle+1","Slimebound:Tackle+1","Slimebound:Prepare","expansioncontent:Corrupt+1","Slimebound:OneTwoCombo","Slimebound:SlimeBarrage+1","Parasite","Slimebound:ServeAndProtect+1","Slimebound:AcidTongue+1","Slimebound:RainOfGoop+1","Slimebound:Repurpose","Slimebound:SpikyOuterGoop+1"],"relics":["Slimebound:AbsorbEndCombat","WarpedTongs","Mercury Hourglass","Mummified Hand","Lantern","Sozu","Ornamental Fan","Matryoshka","Ice Cream","Black Star","Pantograph","Centennial Puzzle","Happy Flower","War Paint","downfall:HeartBlessingGreen","Meat on the Bone","downfall:HeartBlessingBlue"],"acts_visited":["Exordium","TheCity","TheBeyond"],"potions_floor_usage":[40],"damage_taken":[{"damage":20.0,"enemies":"2 Louse","floor":1.0,"turns":3.0},{"damage":16.0,"enemies":"Cultist","floor":2.0,"turns":3.0},{"damage":11.0,"enemies":"Small Slimes","floor":3.0,"turns":3.0},{"damage":33.0,"enemies":"downfall:FleeingMerchant","floor":5.0,"turns":4.0},{"damage":20.0,"enemies":"3 Louse","floor":6.0,"turns":4.0},{"damage":33.0,"enemies":"Lagavulin","floor":9.0,"turns":6.0},{"damage":41.0,"enemies":"3 Sentries","floor":11.0,"turns":7.0},{"damage":7.0,"enemies":"Exordium Wildlife","floor":14.0,"turns":2.0},{"damage":61.0,"enemies":"downfall:Ironclad","floor":16.0,"turns":8.0},{"damage":36.0,"enemies":"Shell Parasite","floor":18.0,"turns":6.0},{"damage":37.0,"enemies":"Spheric Guardian","floor":19.0,"turns":4.0},{"damage":11.0,"enemies":"downfall:FleeingMerchant","floor":20.0,"turns":4.0},{"damage":18.0,"enemies":"downfall:FleeingMerchant","floor":22.0,"turns":4.0},{"damage":28.0,"enemies":"Centurion and Healer","floor":23.0,"turns":4.0},{"damage":30.0,"enemies":"Snake Plant","floor":26.0,"turns":3.0},{"damage":32.0,"enemies":"downfall:FleeingMerchant","floor":30.0,"turns":4.0},{"damage":65.0,"enemies":"downfall:Silent","floor":33.0,"turns":7.0},{"damage":25.0,"enemies":"3 Shapes","floor":35.0,"turns":2.0},{"damage":48.0,"enemies":"3 Darklings","floor":36.0,"turns":4.0},{"damage":30.0,"enemies":"Writhing Mass","floor":37.0,"turns":5.0},{"damage":42.0,"enemies":"4 Shapes","floor":39.0,"turns":3.0},{"damage":43,"enemies":"Nemesis","floor":40,"turns":7},{"damage":6,"enemies":"Maw","floor":42,"turns":6},{"damage":17,"enemies":"Spire Growth","floor":45,"turns":3},{"damage":33,"enemies":"Sphere and 2 Shapes","floor":46,"turns":5},{"damage":4,"enemies":"3 Darklings","floor":48,"turns":2},{"damage":49,"enemies":"downfall:Defect","floor":50,"turns":7}],"seed_played":"5554638251230354262","potions_obtained":[{"floor":1.0,"key":"Energy Potion"},{"floor":9.0,"key":"PowerPotion"},{"floor":14.0,"key":"SpeedPotion"},{"floor":16.0,"key":"SpeedPotion"}],"is_trial":false,"path_per_floor":["M","M","M","?","$","M","T","?","E","R","E","R","?","M","R","B",null,"M","M","$","?","$","M","T","?","M","?","?","R","$","?","R","B",null,"M","M","M","?","M","E","T","M","R","T","M","M","?","M","R","B",null],"character_chosen":"SLIMEBOUND","items_purchased":["Slimebound:FinishingTackle","Slimebound:LeadByExample","Slimebound:MegaLick","expansioncontent:Corrupt"],"campfire_rested":4,"item_purchase_floors":[5,20,22,30],"current_hp_per_floor":[52,44,45,45,36,38,38,54,41,60,47,47,47,52,74,37,78,68,45,50,50,52,34,34,34,16,42,42,65,43,43,66,31,79,77,55,53,53,27,26,26,67,67,67,64,61,61,71,81,86],"gold":551,"neow_bonus":"TEN_PERCENT_HP_BONUS","is_daily":false,"chose_seed":false,"campfire_upgraded":2,"win_rate":0.0,"timestamp":1610515161,"path_taken":["M","M","M","?","?","M","T","?","E","R","E","R","?","M","R","BOSS","M","M","$","?","$","M","T","?","M","?","?","R","$","?","R","BOSS","M","M","M","?","M","E","T","?","R","?","M","M","?","?","R","BOSS"],"items_purchased_type":["Card","Card","Card","Card"],"build_version":"2020-12-22","purchased_purges":3,"victory":true,"max_hp_per_floor":[66,66,66,66,66,66,66,66,66,66,70,70,70,74,74,78,78,82,82,79,79,79,79,79,79,79,79,79,79,79,79,79,79,79,82,82,82,82,82,82,82,85,85,85,85,85,85,85,95,99],"card_choices":[{"not_picked":["Slimebound:ItLooksTasty","Slimebound:Schlurp"],"picked":"Slimebound:ForwardTackle","floor":1.0},{"not_picked":["Slimebound:DivideAndConquer","Slimebound:TongueLash"],"picked":"Slimebound:SplitMire","floor":2.0},{"not_picked":["Slimebound:GoopTackle","Slimebound:FormOfPuddle"],"picked":"Slimebound:SplitMire","floor":3.0},{"not_picked":["Slimebound:RejuvenatingLick","Slimebound:ItLooksTasty"],"picked":"Slimebound:LeechEnergy","floor":5.0},{"not_picked":["Slimebound:SplitAcid","Slimebound:HungryTackle"],"picked":"Slimebound:Chomp","floor":6.0},{"not_picked":["Slimebound:SplitAcid","Slimebound:ItLooksTasty"],"picked":"Slimebound:MassFeed","floor":9.0},{"not_picked":["Slimebound:LeechingTouch","Slimebound:SplitAcid"],"picked":"Slimebound:DisruptingSlam","floor":11.0},{"not_picked":["Slimebound:SlimeBarrage","Slimebound:SplitMire"],"picked":"Slimebound:ViciousTackle","floor":14.0},{"not_picked":["Slimebound:Teamwork","Slimebound:OneTwoCombo"],"picked":"Slimebound:LeechLife","floor":16.0},{"not_picked":["Slimebound:SplitAcid","Slimebound:ViciousTackle+1"],"picked":"Slimebound:FirmFortitude","floor":18.0},{"not_picked":["Slimebound:SlimeBrawl+1","Slimebound:SplitMire"],"picked":"Slimebound:DivideAndConquer+1","floor":19.0},{"not_picked":["Slimebound:DivideAndConquer","Slimebound:SlimeSpikes"],"picked":"Slimebound:LeechLife","floor":20.0},{"not_picked":["Slimebound:GoopSpray","Slimebound:Dissolve"],"picked":"Slimebound:LevelUp","floor":22.0},{"not_picked":["Slimebound:GoopTackle","Slimebound:DivideAndConquer+1"],"picked":"Slimebound:LeechEnergy","floor":23.0},{"not_picked":["Slimebound:Repurpose","Slimebound:SplitBruiser"],"picked":"Slimebound:LevelUp","floor":26.0},{"not_picked":["Slimebound:GoopSpray","Slimebound:SplitAcid"],"picked":"Slimebound:Prepare","floor":30.0},{"not_picked":["Slimebound:RallyTheTroops","Slimebound:SlimeSlap"],"picked":"Slimebound:OneTwoCombo","floor":33.0},{"not_picked":["Slimebound:MegaLick+1","Slimebound:GoopSpray"],"picked":"Slimebound:SlimeBarrage+1","floor":35.0},{"not_picked":["Slimebound:Nibble+1","Slimebound:SplitLeeching+1","Slimebound:LeechingTouch"],"picked":"SKIP","floor":36.0},{"not_picked":["Slimebound:GoopTackle+1","Slimebound:Equalize+1"],"picked":"Slimebound:ServeAndProtect+1","floor":37.0},{"not_picked":["Slimebound:SplitLeeching","Slimebound:SplitMire+1"],"picked":"Slimebound:AcidTongue+1","floor":39.0},{"not_picked":["Slimebound:Replication+1","Slimebound:GoopSpray"],"picked":"Slimebound:RainOfGoop+1","floor":40},{"not_picked":["Slimebound:SamplingLick+1","Slimebound:LeechEnergy+1"],"picked":"Slimebound:Repurpose","floor":42},{"not_picked":["Slimebound:SplitBruiser+1","Slimebound:ServeAndProtect"],"picked":"Slimebound:SpikyOuterGoop+1","floor":45},{"not_picked":["Slimebound:FirmFortitude","Slimebound:WasteNot","Slimebound:PressTheAttack+1"],"picked":"SKIP","floor":46},{"not_picked":["Slimebound:Dissolve","Slimebound:RejuvenatingLick","Slimebound:DivideAndConquer"],"picked":"SKIP","floor":48}],"player_experience":170632,"relics_obtained":[{"floor":7.0,"key":"Mercury Hourglass"},{"floor":9.0,"key":"Mummified Hand"},{"floor":11.0,"key":"Lantern"},{"floor":24.0,"key":"Matryoshka"},{"floor":40,"key":"Pantograph"},{"floor":40,"key":"Centennial Puzzle"},{"floor":41,"key":"Happy Flower"},{"floor":41,"key":"War Paint"},{"floor":44,"key":"Meat on the Bone"}],"event_choices":[{"damage_healed":0.0,"max_hp_gain":0.0,"max_hp_loss":0.0,"gold_gain":0.0,"event_name":"Accursed Blacksmith","player_choice":"Rummage","floor":4.0,"gold_loss":0.0,"damage_taken":0.0,"relics_obtained":["WarpedTongs"],"cards_obtained":["Pain"]},{"damage_healed":16.0,"max_hp_gain":0.0,"max_hp_loss":0.0,"gold_gain":0.0,"event_name":"Mushrooms","player_choice":"Healed and dodged fight","floor":8.0,"gold_loss":0.0,"damage_taken":0.0,"cards_obtained":["Parasite"]},{"damage_healed":0.0,"max_hp_gain":0.0,"max_hp_loss":0.0,"gold_gain":0.0,"event_name":"Addict","player_choice":"Stole Relic","floor":25.0,"gold_loss":0.0,"damage_taken":0.0,"relics_obtained":["Ice Cream"],"cards_obtained":["Shame"]},{"damage_healed":26.0,"max_hp_gain":0.0,"max_hp_loss":0.0,"gold_gain":0.0,"event_name":"The Library","player_choice":"Heal","floor":27.0,"gold_loss":0.0,"damage_taken":0.0}],"is_beta":false,"boss_relics":[{"not_picked":["Busted Crown","Runic Dome"],"picked":"Sozu"},{"not_picked":["Coffee Dripper","Fusion Hammer"],"picked":"Black Star"}],"items_purged_floors":[5,20,30],"is_endless":false,"potions_floor_spawned":[1,9,14,16,18,19,26,33,37,39,42,46,48],"ascension_level":0}}