{"host":"nxmai6bb3m0amvdf","time":1610554910,"event":{"mods":["Aspiration","BaseMod","Conspire","Energized Spire","Friendly Minions","GifTheSpireLib","Halation","Hubris","Infinite Spire","Ironclad Rager","Jedi Mod","Marked Mod","Mimic Mod","Minty Spire (QoL Compilation)","Replay The Spire","RumiaBox-????????","Spikes Relics","StSLib","Stuff the Spire","Trackpad","vexMod"],"gold_per_floor":[119,160,170,180,199,199,199],"floor_reached":6,"language":"ENG","playtime":527,"items_purged":[],"score":74,"play_id":"58f244d8-3cd2-4a72-ad8e-58bbecee5a23","local_time":"20210113172150","is_ascension_mode":true,"campfire_choices":[],"circlet_count":0,"master_deck":["AscendersBane","Bash","ICR:RageStrike","ICR:RageStrike","ICR:RageStrike","ICR:RageStrike","ICR:RageStrike","ICR:ShieldBash","ICR:ShieldBash","ICR:ShieldBash","ICR:ShieldBash","Bloodletting","Twin Strike","jedi:collectorstrike","Thunderclap","Power Through"],"relics":["Burning Blood","hubris:ChampionShield"],"acts_visited":["Exordium"],"potions_floor_usage":[5,5],"damage_taken":[{"damage":4,"enemies":"Small Slimes","floor":1,"turns":4},{"damage":63,"enemies":"conspire:MimicChest","floor":2,"turns":8},{"damage":4,"enemies":"Jaw Worm","floor":3,"turns":3},{"damage":6,"enemies":"Cultist","floor":4,"turns":3},{"damage":2,"enemies":"3 Louse","floor":5,"turns":2},{"damage":23,"enemies":"3 Sentries","floor":6,"turns":3}],"seed_played":"-5402754330485087768","potions_obtained":[{"floor":2,"key":"Energy Potion"},{"floor":4,"key":"Strength Potion"}],"is_trial":false,"path_per_floor":["M","?","M","M","M","E"],"character_chosen":"IRONCLAD","items_purchased":[],"campfire_rested":0,"item_purchase_floors":[],"current_hp_per_floor":[70,13,15,15,19,0,0],"gold":199,"neow_bonus":"IRONCLAD_RAGER","is_daily":false,"chose_seed":false,"campfire_upgraded":0,"win_rate":0.0,"timestamp":1610554910,"path_taken":["M","?","M","M","M","E"],"items_purchased_type":[],"build_version":"2020-12-22","purchased_purges":0,"victory":false,"max_hp_per_floor":[75,75,75,75,75,75,75],"card_choices":[{"not_picked":["Ghostly Armor","jedi:controlledanger"],"picked":"Bloodletting","floor":1},{"not_picked":["Replay:Undeath\u0027s Touch","Havoc"],"picked":"Twin Strike","floor":2},{"not_picked":["Body Slam","jedi:suffering"],"picked":"jedi:collectorstrike","floor":3},{"not_picked":["Warcry","infinitespire:OneForAll"],"picked":"Thunderclap","floor":4},{"not_picked":["Uppercut","hubris:CleavingFinish"],"picked":"Power Through","floor":5}],"player_experience":1096468,"relics_obtained":[{"floor":2,"key":"hubris:ChampionShield"}],"event_choices":[],"is_beta":false,"boss_relics":[],"items_purged_floors":[],"is_endless":false,"potions_floor_spawned":[2,4],"killed_by":"3 Sentries","ascension_level":19}}