{"host":"rz2lv501vmh9q9ir","time":1610506530,"event":{"mods":["AchievementEnabler","BaseMod","Better Third Choice","Minty Spire (QoL Compilation)","Rare Cards Sparkle","Replay The Spire","StSLib"],"gold_per_floor":[113,124,124,134,134,164,164,339,364,378,378,152,184,196,196,295,295,312,327,96,108,126,126,126],"floor_reached":23,"language":"ENG","playtime":1507,"items_purged":["Doubt"],"score":213,"play_id":"d5a5dfe5-654f-4f9d-891e-6cf3dbce048c","local_time":"20210112215530","is_ascension_mode":true,"campfire_choices":[{"floor":7,"key":"RECALL"},{"floor":11,"key":"REST"},{"data":"Metallicize","floor":15,"key":"SMITH"}],"circlet_count":0,"master_deck":["Strike_R","Strike_R","Strike_R","Strike_R+1","Defend_R","Defend_R","Defend_R","Defend_R+1","Bash","Metallicize+1","Iron Wave","Rampage","Perfected Strike+1","Twin Strike","Hemokinesis","Flame Barrier","Cleave","Juggernaut","Sword Boomerang","Armaments","Whirlwind","Shrug It Off","Rage","Flame Barrier"],"relics":["Burning Blood","Simple Rune","Ornamental Fan","Tiny Chest","WingedGreaves","Oddly Smooth Stone"],"acts_visited":["Exordium","TheCity"],"potions_floor_usage":[16,18,22,23],"damage_taken":[{"damage":10,"enemies":"Small Slimes","floor":1,"turns":5},{"damage":9,"enemies":"2 Louse","floor":2,"turns":3},{"damage":9,"enemies":"Jaw Worm","floor":4,"turns":4},{"damage":20,"enemies":"Gremlin Nob","floor":6,"turns":5},{"damage":9,"enemies":"2 Fungi Beasts","floor":10,"turns":3},{"damage":34,"enemies":"Lagavulin","floor":13,"turns":4},{"damage":2,"enemies":"Blue Slaver","floor":14,"turns":3},{"damage":33,"enemies":"Slime Boss","floor":16,"turns":10},{"damage":33,"enemies":"2 Thieves","floor":18,"turns":4},{"damage":10,"enemies":"3 Byrds","floor":19,"turns":6},{"damage":29,"enemies":"Cultist and Chosen","floor":21,"turns":8},{"damage":6,"enemies":"Shelled Parasite and Fungi","floor":22,"turns":7},{"damage":45,"enemies":"Gremlin Leader","floor":23,"turns":5}],"seed_played":"-7096697326770949467","potions_obtained":[{"floor":1,"key":"Strength Potion"},{"floor":6,"key":"BlessingOfTheForge"},{"floor":14,"key":"AttackPotion"},{"floor":21,"key":"Block Potion"}],"is_trial":false,"path_per_floor":["M","M","?","M","?","E","R","?","T","M","R","$","E","M","R","B",null,"M","M","$","M","M","E"],"character_chosen":"IRONCLAD","items_purchased":["Tiny Chest","Oddly Smooth Stone","Whirlwind","Shrug It Off"],"campfire_rested":1,"item_purchase_floors":[12,20,20,20],"current_hp_per_floor":[84,81,74,71,71,57,57,57,57,54,80,80,52,56,56,29,88,61,57,57,34,34,0,0],"gold":126,"neow_bonus":"TEN_PERCENT_HP_BONUS","is_daily":false,"chose_seed":false,"campfire_upgraded":1,"win_rate":0.0,"timestamp":1610506530,"path_taken":["M","M","?","M","?","E","R","?","T","M","R","$","E","M","R","BOSS","M","M","$","M","M","E"],"items_purchased_type":["Relic","Relic","Card","Card"],"build_version":"2020-12-22","purchased_purges":1,"victory":false,"max_hp_per_floor":[88,88,88,88,88,88,88,88,88,88,88,88,88,88,88,88,88,88,88,88,88,88,88,88],"card_choices":[{"not_picked":["Cleave","Wild Strike"],"picked":"Metallicize","floor":1},{"not_picked":["Anger","Run Through"],"picked":"Iron Wave","floor":2},{"not_picked":["Infernal Blade","Clothesline"],"picked":"Rampage","floor":4},{"not_picked":["Rampage","Headbutt"],"picked":"Twin Strike","floor":6},{"not_picked":["Clothesline","Impervious"],"picked":"Hemokinesis","floor":10},{"not_picked":["Heavy Blade","Pummel"],"picked":"Flame Barrier","floor":13},{"not_picked":["Pommel Strike","Replay:Undeath\u0027s Touch"],"picked":"Cleave","floor":14},{"not_picked":["Berserk","Bludgeon"],"picked":"Juggernaut","floor":16},{"not_picked":["Flex+1","Abandon"],"picked":"Sword Boomerang","floor":18},{"not_picked":["Clash","Evolve"],"picked":"Armaments","floor":19},{"not_picked":["Armaments","Pommel Strike+1"],"picked":"Rage","floor":21},{"not_picked":["Replay:Undeath\u0027s Touch","Warcry+1"],"picked":"Flame Barrier","floor":22}],"player_experience":158808,"relics_obtained":[{"floor":6,"key":"Ornamental Fan"},{"floor":13,"key":"WingedGreaves"}],"event_choices":[{"damage_healed":0,"gold_gain":0,"player_choice":"Relic ","damage_taken":7,"max_hp_gain":0,"max_hp_loss":0,"event_name":"betterThird:BetterScrap","floor":3,"gold_loss":0,"cards_obtained":["Double Energy"]},{"damage_healed":0,"gold_gain":175,"player_choice":"AGREE","damage_taken":164,"max_hp_gain":0,"max_hp_loss":0,"event_name":"betterThird:BetterSerpent","floor":8,"gold_loss":0}],"is_beta":false,"boss_relics":[{"not_picked":["Pandora\u0027s Box","Ectoplasm","Astrolabe"]}],"items_purged_floors":[12],"is_endless":false,"potions_floor_spawned":[1,6,14,21],"killed_by":"Gremlin Leader","ascension_level":1}}