{"host":"rolltorest","time":1610505977,"event":{"mods":["BaseMod","Minty Spire (QoL Compilation)","Relic Stats","Slay the Relics Exporter","StSLib","The Bladedancer"],"gold_per_floor":[19,19,19,38,57,57,57],"floor_reached":6,"language":"ENG","playtime":153,"items_purged":[],"score":68,"play_id":"010ecc1d-1c65-43b2-913c-dec900cc9910","local_time":"20210112184617","is_ascension_mode":true,"campfire_choices":[],"circlet_count":0,"master_deck":["AscendersBane","blademaster:Strike","blademaster:Strike","blademaster:Strike","blademaster:Strike","blademaster:Defend","blademaster:Defend","blademaster:Defend","blademaster:Defend","blademaster:RagingBlow","blademaster:HighVoltage","blademaster:Flash","blademaster:FuriousStrike+1","blademaster:AwakeningStrike","blademaster:Cut"],"relics":["blademaster:DancersAmulet","GremlinMask"],"acts_visited":["Exordium"],"potions_floor_usage":[],"damage_taken":[{"damage":7,"enemies":"Jaw Worm","floor":1,"turns":6},{"damage":2,"enemies":"Small Slimes","floor":4,"turns":4},{"damage":1,"enemies":"Cultist","floor":5,"turns":4},{"damage":0,"enemies":"Gremlin Nob","floor":6,"turns":2}],"seed_played":"5590914904737407299","potions_obtained":[],"is_trial":false,"path_per_floor":["M","?","?","M","M","E"],"character_chosen":"THE_BLADEMASTER","items_purchased":[],"campfire_rested":0,"item_purchase_floors":[],"current_hp_per_floor":[57,57,57,55,54,54,54],"gold":57,"neow_bonus":"THREE_RARE_CARDS","is_daily":false,"chose_seed":false,"campfire_upgraded":0,"win_rate":0.0,"timestamp":1610505977,"path_taken":["M","?","?","M","M","E"],"items_purchased_type":[],"build_version":"2020-12-18","purchased_purges":0,"victory":false,"max_hp_per_floor":[71,71,71,71,71,71,71],"relic_stats":{"counters":[4,16],"obtain_stats":[{"GremlinMask":3,"blademaster:DancersAmulet":0},{"GremlinMask":1,"blademaster:DancersAmulet":0},{"GremlinMask":6,"blademaster:DancersAmulet":0}]},"card_choices":[{"not_picked":["blademaster:StanceMastery","blademaster:ColdBlood"],"picked":"blademaster:Flash","floor":0},{"not_picked":["blademaster:DeadlyDance","blademaster:SlyStabs"],"picked":"blademaster:FuriousStrike","floor":1},{"not_picked":["blademaster:EyeOfTheTornado","blademaster:Momentum"],"picked":"blademaster:AwakeningStrike","floor":4},{"not_picked":["blademaster:AwakeningDefend","blademaster:Rupture"],"picked":"blademaster:Cut","floor":5}],"player_experience":1768049,"relics_obtained":[],"event_choices":[{"damage_healed":0,"gold_gain":0,"player_choice":"Grow","damage_taken":0,"max_hp_gain":0,"max_hp_loss":0,"event_name":"Living Wall","floor":2,"gold_loss":0,"cards_upgraded":["blademaster:FuriousStrike"]},{"damage_healed":0,"gold_gain":0,"player_choice":"Trade","damage_taken":0,"relics_obtained":["GremlinMask"],"max_hp_gain":0,"max_hp_loss":0,"event_name":"FaceTrader","floor":3,"gold_loss":0}],"is_beta":true,"boss_relics":[],"items_purged_floors":[],"is_endless":false,"potions_floor_spawned":[],"killed_by":"Gremlin Nob","ascension_level":18}}