{"host":"8ps3pfk2b2drr3ex","time":1610556973,"event":{"mods":["2.2 Compatiblity","AchievementEnabler","Act Like it!","BaseMod","Bestiary","Better Match","BetterRewards","Colored Map","Colored Powertips","Conspire","Downfall","Evolution","GifTheSpireLib","Gold Saver","Hallownest","Hubris","Minty Spire (QoL Compilation)","Permanent Neow","Relic Filter","Replay The Spire","Shop Mod","StSLib","Stuff the Spire","The Animator"],"gold_per_floor":[541,558,576,63,77,177,177,243,254,266,266,1,1,30,43,138,138,138,150,161,161,174,194,194,211,236,236,236,236],"floor_reached":27,"language":"ENG","playtime":5406,"items_purged":["champ:Defend","ReplayTheSpireMod:Splinters"],"score":237,"play_id":"c36b4164-db55-4c5d-bb56-2726fcbe1805","local_time":"20210113115613","is_ascension_mode":false,"campfire_choices":[{"data":"champ:Taunt","floor":1,"key":"SMITH"},{"data":"Apotheosis","floor":11,"key":"SMITH"},{"data":"champ:SkillfulDodge","floor":13,"key":"SMITH"},{"floor":18,"key":"RECALL"}],"circlet_count":0,"master_deck":["champ:Strike","champ:Strike","champ:Strike","champ:Defend","champ:Defend","champ:Defend","champ:Execute","champ:Taunt+1","champ:StrikeOfGenius","champ:StanceDance","champ:PreciseThrust","champ:FanOfKnives","Apotheosis+1","Headbutt","Inflame","Spot Weakness","Disarm","champ:SkillfulDodge+1","Seeing Red","champ:EnGarde","Inflame","Barricade","Warcry","Disarm","champ:BringItOn","champ:Backstep","conspire:HitWhereItHurts","champ:FlashCut","champ:Haymaker","champ:RisingSlash"],"relics":["champ:ChampionCrown","EVO:Axolotl","hubris:DisguiseKit","Prayer Wheel","hubris:SlimyHat","Nunchaku","Replay:Bronze Core","hubris:Potato"],"acts_visited":["Exordium","TheCity"],"potions_floor_usage":[9,16,27,27,27],"damage_taken":[{"damage":0,"enemies":"conspire:RoseBush","floor":2,"turns":4},{"damage":5,"enemies":"Jaw Worm","floor":3,"turns":5},{"damage":9,"enemies":"downfall:FleeingMerchant","floor":4,"turns":4},{"damage":19,"enemies":"Small Slimes","floor":5,"turns":4},{"damage":7,"enemies":"Red Slaver","floor":9,"turns":3},{"damage":5,"enemies":"3 Louse","floor":10,"turns":3},{"damage":8,"enemies":"downfall:FleeingMerchant","floor":12,"turns":4},{"damage":19,"enemies":"Lagavulin","floor":14,"turns":6},{"damage":6,"enemies":"Blue Slaver","floor":15,"turns":3},{"damage":24,"enemies":"downfall:Silent","floor":16,"turns":7},{"damage":19,"enemies":"Chosen","floor":19,"turns":8},{"damage":23,"enemies":"Shell Parasite","floor":20,"turns":5},{"damage":20,"enemies":"Snake Plant","floor":22,"turns":4},{"damage":25,"enemies":"3 Cultists","floor":23,"turns":5},{"damage":26,"enemies":"conspire:HollyBat","floor":25,"turns":7},{"damage":13,"enemies":"conspire:Head Lice","floor":26,"turns":7},{"damage":20,"enemies":"Cultist and Chosen","floor":27,"turns":5}],"seed_played":"2322723200947162685","potions_obtained":[{"floor":2,"key":"Dexterity Potion"},{"floor":5,"key":"Flashbang"},{"floor":8,"key":"Adrenaline Potion"},{"floor":9,"key":"DuplicationPotion"},{"floor":16,"key":"Energy Potion"},{"floor":25,"key":"AttackPotion"}],"is_trial":false,"path_per_floor":["R","M","M","$","M","?","T","?","M","M","R","$","R","E","M","B",null,"R_BF","M","M","?","M","M","T","M","E","M"],"character_chosen":"THE_CHAMP","items_purchased":["Apotheosis","hubris:DisguiseKit","hubris:SlimyHat"],"campfire_rested":0,"item_purchase_floors":[4,4,12],"current_hp_per_floor":[90,90,90,89,83,83,83,83,76,71,71,71,71,60,59,35,90,90,84,69,69,54,39,39,24,19,0,0,0],"gold":236,"neow_bonus":"ONE_RANDOM_RARE_CARD","is_daily":false,"chose_seed":false,"campfire_upgraded":3,"win_rate":0.0,"timestamp":1610556973,"path_taken":["R","M","M","$","M","?","T","?","?","M","R","$","R","E","M","BOSS","R_BF","M","M","?","M","M","T","M","E","M"],"items_purchased_type":["Card","Relic","Relic"],"build_version":"2020-12-22","purchased_purges":2,"victory":false,"max_hp_per_floor":[90,90,90,90,90,90,90,90,90,90,90,90,90,90,90,90,90,90,90,90,90,90,90,90,90,90,90,90,90],"card_choices":[{"not_picked":["champ:BerserkersShout","champ:BladeFlurry"],"picked":"champ:StanceDance","floor":2},{"not_picked":["champ:EnragedBash","champ:AdrenalArmor"],"picked":"champ:PreciseThrust","floor":3},{"not_picked":["champ:GutPunch","champ:StrikeOfGenius"],"picked":"champ:FanOfKnives","floor":4},{"not_picked":["champ:RecklessLeap","champ:StanceDance","champ:BringItOn"],"picked":"Headbutt","floor":5},{"not_picked":["champ:FlashCut","champ:Circumvent","champ:BladeFlurry"],"picked":"Inflame","floor":9},{"not_picked":["champ:GutPunch","champ:FlashCut","champ:PerfectedStrike"],"picked":"Spot Weakness","floor":9},{"not_picked":["champ:FlashCut","champ:CalledShot","champ:FocusedDefense"],"picked":"Disarm","floor":10},{"not_picked":["champ:GladiatorStyle","champ:DefensiveShout","champ:AdrenalArmor","Replay:Undeath\u0027s Touch"],"picked":"SKIP","floor":10},{"not_picked":["champ:CheapShot","champ:FanOfKnives","hubris:SharpeningStone"],"picked":"champ:SkillfulDodge","floor":12},{"not_picked":["champ:ShieldWall","champ:BladeFlurry","champ:PreciseThrust"],"picked":"Seeing Red","floor":14},{"not_picked":["champ:TornadoPunch","champ:RapidStrikes","StuffTheSpire:Slingshot"],"picked":"champ:EnGarde","floor":15},{"not_picked":["champ:Backstep","champ:FalseCounter","champ:EnGarde"],"picked":"Inflame","floor":15},{"not_picked":["champ:DancingMaster","champ:SteelEdge","champ:ShieldSlam"],"picked":"Barricade","floor":16},{"not_picked":["champ:DeathBlow+1","champ:PerfectedStrike","champ:DefensiveStyle"],"picked":"Warcry","floor":19},{"not_picked":["champ:GutPunch+1","champ:BladeFlurry","champ:FlashCut"],"picked":"Disarm","floor":19},{"not_picked":["champ:DefensiveShout","champ:StanceDance","Perfected Strike"],"picked":"champ:BringItOn","floor":20},{"not_picked":["champ:StanceDance","champ:Shatter","Run Through"],"picked":"champ:Backstep","floor":20},{"not_picked":["champ:Haymaker","champ:PerfectedStrike","champ:BringItOn"],"picked":"conspire:HitWhereItHurts","floor":22},{"not_picked":["champ:BerserkersShout","champ:HoldFirm","champ:Circumvent","Burning Pact"],"picked":"SKIP","floor":22},{"not_picked":["champ:CrookedStrike+1","champ:TornadoPunch","Pommel Strike"],"picked":"champ:FlashCut","floor":23},{"not_picked":["champ:EnGarde+1","champ:BerserkersShout","champ:DeathBlow+1","Carnage"],"picked":"SKIP","floor":23},{"not_picked":["champ:BringItOn","champ:StanceDance","Life Link"],"picked":"champ:Haymaker","floor":25},{"not_picked":["champ:IgnorePain","champ:DeathBlow","champ:AdrenalArmor","Life Link"],"picked":"SKIP","floor":25},{"not_picked":["champ:Devastate","champ:AdrenalArmor","Anger"],"picked":"champ:RisingSlash","floor":26}],"player_experience":1065077,"relics_obtained":[{"floor":7,"key":"Prayer Wheel"},{"floor":14,"key":"Nunchaku"},{"floor":26,"key":"hubris:Potato"}],"event_choices":[{"cards_removed":["champ:Strike"],"damage_healed":0,"gold_gain":0,"player_choice":"Offered Basic","damage_taken":0,"max_hp_gain":0,"max_hp_loss":0,"event_name":"Bonfire Elementals","floor":21,"gold_loss":0}],"is_beta":false,"boss_relics":[{"not_picked":["conspire:SlowCooker","Pandora\u0027s Box"],"picked":"Replay:Bronze Core"}],"items_purged_floors":[4,12],"is_endless":false,"potions_floor_spawned":[2,5,9,14,16,25,26],"killed_by":"Cultist and Chosen","ascension_level":0}}