{"host":"qf6a1vkjx65tfr1z","time":1610500997,"event":{"mods":["2.2 Compatiblity","Aspiration","BaseMod","CCEM","Card Forge","Colored Map","Colorless Booster Pack","Conspire","Custom Start","Defuse TimeMaze Blight","Dota2Spire","Downfall","Duelist Mod","Energized Spire","Friendly Minions","GifTheSpireLib","Glutton Mod","Halation","Hubris","Hunter ??","Infinite Spire","Jedi Mod","Koishi","LagranYue(???·?)","Magitek Elite","Marisa????????","Minty Spire (QoL Compilation)","Quick Restart","Rare Cards Sparkle","RatMod","Relic Filter","Replay The Spire","RumiaBox-????????","Shop Mod","Small Relic Pack","Somnambulant","Spikes Relics","StSLib","Stuff the Spire","Td1madao Mod","The Accelerator","The Bug Knight","The Construct","The Cursed","The Mystic","The Necromancer","The Sage","The Servant 0.9.4","The Witch","Transform Curses","Unceasing Turn Reminder","Yuyuko","vexMod","??????REMEMod"],"gold_per_floor":[114,130,145,420,479,551,551,623,623,702,307,237,237,337,337,662,662,814,869,933,933,996,1137,1137,1278,1278,1421,1436,1436,1396,1431,1431,1643,1643,1709,1783,1855,1855,1855,1855,1881,1881,1935,1935,2073,2146,2268,2282,2282,2282],"floor_reached":51,"language":"ENG","playtime":5861,"items_purged":[],"score":1137,"play_id":"8e6357e3-9205-4a7e-a8c2-043e16bc6b3e","local_time":"20210112202317","is_ascension_mode":false,"campfire_choices":[{"floor":13.0,"key":"REST"},{"data":"SummonRatFamiliar","floor":15.0,"key":"SMITH"},{"data":"Ghostly","floor":24,"key":"SMITH"},{"data":"ZombieSpit","floor":32,"key":"SMITH"},{"data":"ZombieSpit+1","floor":40,"key":"SMITH"},{"data":"DeliriumForm","floor":42,"key":"SMITH"},{"data":"GrimVengeance","floor":44,"key":"SMITH"},{"data":"Koishi:SprinkleStarAndHeart","floor":49,"key":"SMITH"}],"circlet_count":0,"master_deck":["Defend_Witch+1","Defend_Witch+1","Hexguard+1","ZombieSpit+2","Envenom+1","SummonRatFamiliar+1","Glutton:Mug+5","Barricade+1","BleedOut+1","Thundercloud+1","GrimVengeance+1","ChosenOfTheMoon+1","CBP: UltraDivineWater+6","Haste+1","Glutton:Thrombosis+1","Summon_Death_Knight+1","Summon_Vampire_Lady+1","Koishi:ConfinedInnocent+5","rat:BloodPact+5","jedi:cleanse+1","DeliriumForm+1","Koishi:CatchAndRose","Koishi:DreadfulBlow+1","Koishi:SprinkleStarAndHeart+1"],"relics":["BlackCat","Hammer of Thor","Seething Fire","Anvil of the Gods","hubris:TerracottaHorce","Dota2Spire:AghanimScepter","SecretRecord","Ring of Fangs","construct:ClawGrip","conspire:InfiniteJournal","Bottled Tornado","Bottled Tornado","Dota2Spire:DrumOfEndurance","jedi:angrymask","halation:TwoAmDonut","StuffTheSpire:MayFlowers","infinitespire:Bottled Soul","MerchantsRug","vexMod:MysteryBossChallenge","SecretRecord","SecretRecord","hubris:DisguiseKit","StuffTheSpire:CocoNut","Ancient Tea Set","infinitespire:WardingShard","ReplayTheSpireMod:Shallot","GodSword7","CCEMRelics:JestersCrown","Bronze Scales"],"acts_visited":["Exordium","TheCity","TheBeyond"],"potions_floor_usage":[],"damage_taken":[{"damage":14.0,"enemies":"Small Slimes","floor":1.0,"turns":4.0},{"damage":9.0,"enemies":"infinitespire:Voidling","floor":2.0,"turns":4.0},{"damage":0.0,"enemies":"conspire:RoseBush","floor":3.0,"turns":3.0},{"damage":10.0,"enemies":"Exordium Wildlife","floor":5.0,"turns":2.0},{"damage":16.0,"enemies":"Lagavulin","floor":6.0,"turns":5.0},{"damage":1.0,"enemies":"HollowMod:MossKnight","floor":8.0,"turns":4.0},{"damage":8.0,"enemies":"Lagavulin","floor":10.0,"turns":6.0},{"damage":15.0,"enemies":"2 Fungi Beasts","floor":14.0,"turns":3.0},{"damage":34.0,"enemies":"Slime Boss","floor":16.0,"turns":11.0},{"damage":36.0,"enemies":"2 Thieves","floor":18.0,"turns":4.0},{"damage":8.0,"enemies":"Chosen","floor":19.0,"turns":4.0},{"damage":32.0,"enemies":"Centurion and Healer","floor":20.0,"turns":3.0},{"damage":4.0,"enemies":"Snake Plant","floor":22.0,"turns":4.0},{"damage":18.0,"enemies":"Gremlin Leader","floor":23.0,"turns":6.0},{"damage":38,"enemies":"conspire:Head Lice","floor":25,"turns":6},{"damage":15,"enemies":"conspire:MimicChest","floor":27,"turns":6},{"damage":10,"enemies":"Cultist and Chosen","floor":28,"turns":5},{"damage":9,"enemies":"Replay:Snechameleon","floor":31,"turns":2},{"damage":20,"enemies":"Automaton","floor":33,"turns":5},{"damage":15,"enemies":"3 Shapes","floor":35,"turns":4},{"damage":1,"enemies":"Orb Walker","floor":36,"turns":3},{"damage":14,"enemies":"4 Shapes","floor":37,"turns":3},{"damage":5,"enemies":"R_Hoarder","floor":41,"turns":3},{"damage":1,"enemies":"Giant Head","floor":45,"turns":3},{"damage":61,"enemies":"Sphere and 2 Shapes","floor":46,"turns":4},{"damage":37,"enemies":"Transient","floor":47,"turns":3},{"damage":38,"enemies":"Jaw Worm Horde","floor":48,"turns":5},{"damage":115,"enemies":"conspire:OrnateMirror","floor":50,"turns":4}],"seed_played":"1308736227858174078","potions_obtained":[{"floor":3.0,"key":"Weak Potion"},{"floor":6.0,"key":"Languid Potion"},{"floor":10.0,"key":"SkillPotion"},{"floor":25,"key":"SteroidPotion"},{"floor":30,"key":"DistilledChaos"},{"floor":30,"key":"SpeedPotion"}],"is_trial":false,"path_per_floor":["M","M","M","?","M","E","?","E","T","E","$","$","R","M","R","B",null,"M","M","M","?","M","E","R","E","T","?","M","$","?","E","R","B",null,"M","M","M","?","$","R","E","R","T","R","E","M","M","M","R","B",null],"character_chosen":"WITCH","items_purchased":["infinitespire:Bottled Soul","MerchantsRug","GrimVengeance"],"campfire_rested":1,"item_purchase_floors":[11,11,12],"current_hp_per_floor":[59,50,50,50,59,62,62,84,84,100,100,100,147,132,132,124,165,129,140,140,111,110,120,120,138,138,153,157,157,157,148,148,178,178,194,216,202,202,202,202,236,236,236,236,274,213,191,159,159,62],"gold":2282,"neow_bonus":"TEN_PERCENT_HP_BONUS","is_daily":false,"chose_seed":false,"campfire_upgraded":7,"win_rate":0.0,"timestamp":1610500997,"path_taken":["M","M","M","?","?","E","?","E","T","E","?","$","R","M","R","BOSS","M","M","M","?","M","E","R","E","T","?","M","?","?","E","R","BOSS","M","M","M","?","$","R","E","R","T","R","E","?","M","M","R","BOSS"],"items_purchased_type":["Relic","Relic","Card"],"build_version":"2020-12-22","purchased_purges":0,"victory":true,"max_hp_per_floor":[73,73,73,73,92,111,111,134,134,158,158,158,158,158,158,178,178,178,197,222,111,111,120,120,140,140,157,157,157,157,157,157,178,178,197,220,220,220,220,220,253,253,253,253,292,292,292,292,292,292],"card_choices":[{"not_picked":["MercuryWand","LivingBomb"],"picked":"SummonRatFamiliar","floor":1.0},{"not_picked":["WickedThoughts","Broomstick","PlagueSpreader"],"picked":"SKIP","floor":2.0},{"not_picked":["GnarledBody","BlackShield","Decrepify"],"picked":"SKIP","floor":3.0},{"not_picked":["GnarledBody","BlackShield","Decrepify"],"picked":"SKIP","floor":3.0},{"not_picked":["BloodSabbath","MagicFang"],"picked":"BleedOut","floor":5.0},{"not_picked":["SummonCatFamiliar","Pillage"],"picked":"Thundercloud","floor":6.0},{"not_picked":["Harmlessness","Broomstick","RiteOfSummer"],"picked":"SKIP","floor":8.0},{"not_picked":["PainBolt","Broomstick","Malady"],"picked":"SKIP","floor":10.0},{"not_picked":["Malady","Thundercloud","MementoMori"],"picked":"SKIP","floor":14.0},{"not_picked":["Graveburst","FatalRay"],"picked":"ChosenOfTheMoon","floor":16.0},{"not_picked":["SummonOwlFamiliar","WickedThoughts","RoilingBarrier"],"picked":"SKIP","floor":18.0},{"not_picked":["Decrepify","SummonBatFamiliar+1","Thundercloud"],"picked":"SKIP","floor":19.0},{"not_picked":["Broomstick","WickedThoughts","BleedOut"],"picked":"SKIP","floor":20.0},{"not_picked":["MagicFang+1","Broomstick","Shrooms"],"picked":"SKIP","floor":22.0},{"not_picked":["MagicFang+1","Broomstick","Shrooms"],"picked":"SKIP","floor":22.0},{"not_picked":["Bewitch","SoulBarrier+1","SummonOwlFamiliar"],"picked":"SKIP","floor":23.0},{"not_picked":["Bewitch","SoulBarrier+1","SummonOwlFamiliar"],"picked":"SKIP","floor":23.0},{"not_picked":["MementoMori","IllOmen","Broomstick","Koishi:SubconsciousSweep"],"picked":"SKIP","floor":25},{"not_picked":["MementoMori","IllOmen","Broomstick","Koishi:SubconsciousSweep"],"picked":"SKIP","floor":25},{"not_picked":["WickedThoughts+1","PainBolt+1","RoilingBarrier"],"picked":"Koishi:SubterraneanRose","floor":27},{"not_picked":["KarmaDrain","BoneCarving","WickedThoughts","Koishi:HeartfeltFancy"],"picked":"SKIP","floor":28},{"not_picked":["LivingBomb","NighInvulnerability","WickedThoughts","Koishi:UnansweredLove"],"picked":"SKIP","floor":31},{"not_picked":["RiteOfSpring","SummonToadFamiliar","DireShriek"],"picked":"Koishi:RuptureMind","floor":33},{"not_picked":["Puncture","PainBolt+1","WretchedNails+1","Koishi:HeartfeltFancy"],"picked":"SKIP","floor":35},{"not_picked":["RiteOfSummer+1","SummonRatFamiliar","Decrepify","Koishi:ParalyzingFear"],"picked":"SKIP","floor":36},{"not_picked":["Bewitch","IllOmen+1","SoulBarrier","Koishi:FourthEye"],"picked":"SKIP","floor":37},{"not_picked":["Atonement","WretchedNails","Koishi:TerrifyingSpectre"],"picked":"DeliriumForm","floor":41},{"not_picked":["Puncture","SkullFlask+1","MagicFang+1"],"picked":"Koishi:CatchAndRose","floor":45},{"not_picked":["Thundercloud+1","Twitch","MortusClaw"],"picked":"Koishi:DreadfulBlow","floor":46},{"not_picked":["NighInvulnerability","Atonement+1","SkullFlask","Koishi:RacingHeart"],"picked":"SKIP","floor":47},{"not_picked":["Demonfyre+1","Decrepify","SkullFlask"],"picked":"Koishi:SprinkleStarAndHeart","floor":48}],"player_experience":102968,"relics_obtained":[{"floor":6.0,"key":"Dota2Spire:DrumOfEndurance"},{"floor":8.0,"key":"jedi:angrymask"},{"floor":9.0,"key":"halation:TwoAmDonut"},{"floor":10.0,"key":"StuffTheSpire:MayFlowers"},{"floor":23.0,"key":"hubris:DisguiseKit"},{"floor":25,"key":"StuffTheSpire:CocoNut"},{"floor":26,"key":"Ancient Tea Set"},{"floor":27,"key":"infinitespire:WardingShard"},{"floor":31,"key":"ReplayTheSpireMod:Shallot"},{"floor":41,"key":"GodSword7"},{"floor":43,"key":"CCEMRelics:JestersCrown"},{"floor":45,"key":"Bronze Scales"}],"event_choices":[{"damage_healed":0.0,"max_hp_gain":0.0,"max_hp_loss":0.0,"gold_gain":275.0,"event_name":"Golden Shrine","player_choice":"Desecrate","floor":4.0,"gold_loss":0.0,"damage_taken":0.0,"cards_obtained":["Regret"]},{"damage_healed":0.0,"max_hp_gain":0.0,"max_hp_loss":111.0,"gold_gain":0.0,"event_name":"Ghosts","player_choice":"Became a Ghost","floor":21.0,"gold_loss":0.0,"damage_taken":0.0,"cards_obtained":["Ghostly","Ghostly","Ghostly","Ghostly","Ghostly"]},{"damage_healed":0,"gold_gain":0,"player_choice":"Bought 3 Potions","damage_taken":0,"max_hp_gain":0,"max_hp_loss":0,"event_name":"The Woman in Blue","floor":30,"gold_loss":0},{"damage_healed":0,"gold_gain":0,"player_choice":"Ignored","damage_taken":0,"max_hp_gain":0,"max_hp_loss":0,"event_name":"Golden Shrine","floor":38,"gold_loss":0}],"is_beta":false,"boss_relics":[{"not_picked":["Golden_Hairpin","construct:WeddingRing"],"picked":"vexMod:MysteryBossChallenge"},{"not_picked":["Astrolabe","CCEMRelics:TransientCore"],"picked":"Replay:Bronze Core"}],"items_purged_floors":[],"is_endless":false,"potions_floor_spawned":[3,6,10,23,25,28,33,36,41,46,47,48],"ascension_level":0}}