{"host":"29edf478rwpwmxys","time":1610567027,"event":{"mods":["AchievementEnabler","BaseMod","Bestiary","Dark Map","Downfall","Hermit","Minty Spire (QoL Compilation)","Quick Restart","Rare Cards Sparkle","StSLib","The Necromancer","everything is the same but u backflip on backflip"],"gold_per_floor":[109,109,126,126,140,140,174,174,174,174,197,197,220,244,244,244,244],"floor_reached":16,"language":"SPA","playtime":728,"items_purged":[],"score":102,"play_id":"0dc5b7ec-1a02-4b16-ac3f-f9fd7a9eb782","local_time":"20210113204347","is_ascension_mode":false,"campfire_choices":[{"data":"Bash","floor":6,"key":"SMITH"},{"data":"Infernal Blade","floor":8,"key":"SMITH"},{"data":"Defend_R","floor":10,"key":"SMITH"},{"data":"Flex","floor":12,"key":"SMITH"},{"data":"Infernal Blade","floor":15,"key":"SMITH"}],"circlet_count":0,"master_deck":["Strike_R","Strike_R","Strike_R","Strike_R","Strike_R","Defend_R","Defend_R","Defend_R","Defend_R+1","Bash+1","Infernal Blade+1","Regret","Anger+1","Injury","Body Slam+1","Anger+1","Flex+1","Infernal Blade+1"],"relics":["Burning Blood","Ancient Tea Set","Molten Egg 2","Golden Idol","Bronze Scales","InkBottle"],"acts_visited":["Exordium"],"potions_floor_usage":[16,16,16],"damage_taken":[{"damage":1,"enemies":"Cultist","floor":1,"turns":4},{"damage":8,"enemies":"Jaw Worm","floor":3,"turns":6},{"damage":0,"enemies":"Small Slimes","floor":5,"turns":3},{"damage":49,"enemies":"3 Sentries","floor":7,"turns":9},{"damage":0,"enemies":"Blue Slaver","floor":11,"turns":2},{"damage":0,"enemies":"Gremlin Gang","floor":13,"turns":3},{"damage":11,"enemies":"Exordium Wildlife","floor":14,"turns":2},{"damage":46,"enemies":"The Guardian","floor":16,"turns":8}],"seed_played":"-1856503674438465941","potions_obtained":[{"floor":5,"key":"AttackPotion"},{"floor":11,"key":"Guardian:BlockOnCardUsePotion"},{"floor":14,"key":"Energy Potion"}],"is_trial":false,"path_per_floor":["M","?","M","?","M","R","E","R","T","R","M","R","M","M","R","B"],"character_chosen":"IRONCLAD","items_purchased":[],"campfire_rested":0,"item_purchase_floors":[],"current_hp_per_floor":[80,80,78,78,80,80,37,37,37,37,43,43,49,44,44,0,0],"gold":244,"neow_bonus":"RANDOM_COMMON_RELIC","is_daily":false,"chose_seed":false,"campfire_upgraded":5,"win_rate":0.0,"timestamp":1610567027,"path_taken":["M","?","M","?","M","R","E","R","T","R","M","R","M","M","R","BOSS"],"items_purchased_type":[],"build_version":"2020-12-22","purchased_purges":0,"victory":false,"max_hp_per_floor":[80,80,80,80,80,80,80,80,80,80,80,80,80,80,80,80,80],"card_choices":[{"not_picked":["Body Slam","Wild Strike"],"picked":"Infernal Blade","floor":1},{"not_picked":["Warcry","Sever Soul+1"],"picked":"Anger+1","floor":3},{"not_picked":["Blood for Blood+1","Carnage+1"],"picked":"Body Slam+1","floor":5},{"not_picked":["Flex","Uppercut+1"],"picked":"Anger+1","floor":7},{"not_picked":["Thunderclap+1","Headbutt+1"],"picked":"Flex","floor":11},{"not_picked":["Headbutt+1","Clash+1"],"picked":"Infernal Blade","floor":13},{"not_picked":["Hemokinesis+1","Power Through","Iron Wave+1"],"picked":"SKIP","floor":14}],"player_experience":135975,"relics_obtained":[{"floor":7,"key":"Bronze Scales"},{"floor":9,"key":"InkBottle"}],"event_choices":[{"damage_healed":0,"gold_gain":0,"player_choice":"Box","damage_taken":0,"relics_obtained":["Molten Egg 2"],"max_hp_gain":0,"max_hp_loss":0,"event_name":"Big Fish","floor":2,"gold_loss":0,"cards_obtained":["Regret"]},{"damage_healed":0,"gold_gain":0,"player_choice":"Take Wound","damage_taken":0,"relics_obtained":["Golden Idol"],"max_hp_gain":0,"max_hp_loss":0,"event_name":"Golden Idol","floor":4,"gold_loss":0,"cards_obtained":["Injury"]}],"is_beta":false,"boss_relics":[],"items_purged_floors":[],"is_endless":false,"potions_floor_spawned":[5,11,14],"killed_by":"The Guardian","ascension_level":0}}