{"host":"y76clbnovzmw9ubx","time":1610580133,"event":{"mods":["AchievementEnabler","BaseMod","Minty Spire (QoL Compilation)","Permanent Neow","Relic Stats"],"gold_per_floor":[117,128,128,143,158,158,189,24,24,49,49,68,100,113,113,187,187,197,197,209,2,2,2,33,53,53,53,53,53],"floor_reached":28,"language":"ENG","playtime":1567,"items_purged":["Strike_G"],"score":516,"play_id":"2a9e7d4b-f9b5-4f28-a61c-ba6ae2aa83e6","local_time":"20210113182213","is_ascension_mode":true,"campfire_choices":[{"data":"Noxious Fumes","floor":6,"key":"SMITH"},{"floor":11,"key":"REST"},{"data":"Night Terror","floor":15,"key":"SMITH"},{"floor":23,"key":"REST"},{"data":"Footwork","floor":27,"key":"SMITH"}],"circlet_count":0,"master_deck":["AscendersBane","Strike_G","Strike_G","Strike_G","Strike_G","Defend_G","Defend_G","Defend_G","Defend_G","Defend_G","Survivor","Neutralize","Quick Slash","Poisoned Stab","Neutralize","Noxious Fumes+1","Corpse Explosion","Night Terror+1","Escape Plan","Deflect","Blur","Escape Plan","Leg Sweep","Footwork+1","PiercingWail","PiercingWail+1"],"relics":["Ring of the Snake","TungstenRod","Bag of Preparation","Orichalcum","Meat on the Bone","Calipers","Ancient Tea Set","Philosopher\u0027s Stone","GremlinMask","Potion Belt"],"acts_visited":["Exordium","TheCity"],"potions_floor_usage":[7,10,16,24,24,28],"damage_taken":[{"damage":0,"enemies":"Jaw Worm","floor":1,"turns":4},{"damage":0,"enemies":"Cultist","floor":2,"turns":4},{"damage":0,"enemies":"Small Slimes","floor":4,"turns":3},{"damage":7,"enemies":"Looter","floor":5,"turns":4},{"damage":33,"enemies":"Gremlin Nob","floor":7,"turns":5},{"damage":10,"enemies":"3 Sentries","floor":10,"turns":4},{"damage":0,"enemies":"Blue Slaver","floor":12,"turns":4},{"damage":14,"enemies":"Lagavulin","floor":13,"turns":7},{"damage":3,"enemies":"Large Slime","floor":14,"turns":5},{"damage":24,"enemies":"The Guardian","floor":16,"turns":10},{"damage":11,"enemies":"3 Byrds","floor":18,"turns":3},{"damage":31,"enemies":"2 Thieves","floor":20,"turns":4},{"damage":17,"enemies":"Book of Stabbing","floor":24,"turns":7},{"damage":6,"enemies":"Snake Plant","floor":25,"turns":6},{"damage":49,"enemies":"Gremlin Leader","floor":28,"turns":7}],"seed_played":"6567515897721329168","potions_obtained":[{"floor":4,"key":"SpeedPotion"},{"floor":5,"key":"Ancient Potion"},{"floor":12,"key":"Weak Potion"},{"floor":20,"key":"AttackPotion"},{"floor":24,"key":"PowerPotion"}],"is_trial":false,"path_per_floor":["M","M","?","M","M","R","E","$","T","E","R","M","E","M","R","B",null,"M","?","M","$","?","R","E","M","T","R","E"],"character_chosen":"THE_SILENT","items_purchased":["Orichalcum","Footwork","Fire Potion"],"campfire_rested":2,"item_purchase_floors":[8,21,21],"current_hp_per_floor":[59,59,59,59,52,52,19,19,19,21,39,39,37,34,34,22,51,40,40,21,21,21,39,34,40,40,40,0,0],"gold":53,"neow_bonus":"ONE_RARE_RELIC","is_daily":false,"chose_seed":false,"campfire_upgraded":3,"win_rate":0.0,"timestamp":1610580133,"path_taken":["M","M","?","M","?","R","E","?","T","E","R","M","E","M","R","BOSS","M","?","?","$","?","R","E","M","T","R","E"],"items_purchased_type":["Relic","Card","Potion"],"build_version":"2020-12-22","purchased_purges":1,"victory":false,"max_hp_per_floor":[60,60,60,60,60,60,60,60,60,60,60,60,60,60,60,60,60,60,60,60,60,60,60,60,60,60,60,60,60],"relic_stats":{"counters":[15,77],"Bag of Preparation":[20],"Orichalcum":[42],"obtain_stats":[{"Potion Belt":24,"Calipers":10,"Philosopher\u0027s Stone":17,"GremlinMask":19,"Bag of Preparation":7,"Orichalcum":8,"Ancient Tea Set":13,"TungstenRod":0,"Ring of the Snake":0,"Meat on the Bone":9},{"Potion Belt":13,"Calipers":6,"Philosopher\u0027s Stone":10,"GremlinMask":11,"Bag of Preparation":5,"Orichalcum":5,"Ancient Tea Set":8,"TungstenRod":0,"Ring of the Snake":0,"Meat on the Bone":5},{"Potion Belt":64,"Calipers":24,"Philosopher\u0027s Stone":50,"GremlinMask":53,"Bag of Preparation":20,"Orichalcum":20,"Ancient Tea Set":35,"TungstenRod":0,"Ring of the Snake":0,"Meat on the Bone":20}],"TungstenRod":49,"Ring of the Snake":[30],"Meat on the Bone":72},"card_choices":[{"not_picked":["Choke","Flying Knee"],"picked":"Quick Slash","floor":1},{"not_picked":["Crippling Poison","Accuracy"],"picked":"Poisoned Stab","floor":2},{"not_picked":["Expertise","Prepared"],"picked":"Noxious Fumes","floor":4},{"not_picked":["Eviscerate","Dodge and Roll"],"picked":"Corpse Explosion","floor":5},{"not_picked":["Backflip","Slice"],"picked":"Night Terror","floor":7},{"not_picked":["Dagger Throw","Deadly Poison"],"picked":"Escape Plan","floor":10},{"not_picked":["Poisoned Stab","Quick Slash"],"picked":"Deflect","floor":12},{"not_picked":["Masterful Stab","Sucker Punch","Choke"],"picked":"SKIP","floor":13},{"not_picked":["Accuracy","Noxious Fumes"],"picked":"Blur","floor":14},{"not_picked":["Quick Slash","Bane"],"picked":"Escape Plan","floor":18},{"not_picked":["Prepared","Flying Knee"],"picked":"Leg Sweep","floor":20},{"not_picked":["Well Laid Plans","Cloak And Dagger"],"picked":"PiercingWail","floor":24},{"not_picked":["Infinite Blades","Choke+1"],"picked":"PiercingWail+1","floor":25}],"player_experience":3051705,"relics_obtained":[{"floor":7,"key":"Bag of Preparation"},{"floor":9,"key":"Meat on the Bone"},{"floor":10,"key":"Calipers"},{"floor":13,"key":"Ancient Tea Set"},{"floor":24,"key":"Potion Belt"}],"event_choices":[{"damage_healed":0,"gold_gain":0,"player_choice":"1 cards matched","damage_taken":0,"max_hp_gain":0,"max_hp_loss":0,"event_name":"Match and Keep!","floor":3,"gold_loss":0,"cards_obtained":["Neutralize"]},{"damage_healed":0,"gold_gain":0,"player_choice":"Trade","damage_taken":0,"relics_obtained":["GremlinMask"],"max_hp_gain":0,"max_hp_loss":0,"event_name":"FaceTrader","floor":19,"gold_loss":0}],"is_beta":false,"boss_relics":[{"not_picked":["SlaversCollar","Tiny House"],"picked":"Philosopher\u0027s Stone"}],"items_purged_floors":[21],"is_endless":false,"potions_floor_spawned":[4,5,12,20,24],"killed_by":"Gremlin Leader","ascension_level":20}}