{"host":"aj6dldabq8s02zuz","time":1610562624,"event":{"mods":["BaseMod","Block Reminder","Colored Map","Custom Start","Downfall","Hermit","Highlight Path","Hubris","Minty Spire (QoL Compilation)","Permanent Neow","Quick Restart","Relic Sorter","Replay The Spire","StSLib","The Blue Laboratory","The Jungle","TheArtist","Wandering Minibosses"],"gold_per_floor":[99,110,122,53,53,53,53,53],"floor_reached":6,"language":"ENG","playtime":463,"items_purged":[],"score":34,"play_id":"ca323161-0617-4334-878f-4676a61e2206","local_time":"20210113123024","is_ascension_mode":false,"campfire_choices":[{"floor":1.0,"key":"RECALL"}],"circlet_count":0,"master_deck":["Slimebound:Strike_Slimebound","Slimebound:Strike_Slimebound","Slimebound:Strike_Slimebound","Slimebound:Tackle","Slimebound:Defend_Slimebound","Slimebound:Defend_Slimebound","Slimebound:Defend_Slimebound","Slimebound:Defend_Slimebound","Slimebound:Split","Slimebound:CorrosiveSpit","Slimebound:LeechLife","Slimebound:SlimeBarrage","Slimebound:GrowthPunch","Slimebound:Equalize+1","Slimebound:SplitLeeching"],"relics":["Slimebound:AbsorbEndCombat"],"acts_visited":["Exordium"],"potions_floor_usage":[],"damage_taken":[{"damage":11.0,"enemies":"Cultist","floor":2.0,"turns":4.0},{"damage":9.0,"enemies":"2 Louse","floor":3.0,"turns":2.0},{"damage":16.0,"enemies":"downfall:FleeingMerchant","floor":4.0,"turns":4.0},{"damage":53,"enemies":"3 Sentries","floor":6,"turns":4}],"seed_played":"-1512657757787335624","potions_obtained":[{"floor":3.0,"key":"Strength Potion"}],"is_trial":false,"path_per_floor":["R_BF","M","M","$","?","E"],"character_chosen":"SLIMEBOUND","items_purchased":["Slimebound:SplitLeeching"],"campfire_rested":0,"item_purchase_floors":[4],"current_hp_per_floor":[60,53,55,51,51,0,0,0],"gold":53,"neow_bonus":"ONE_RANDOM_RARE_CARD","is_daily":false,"chose_seed":false,"campfire_upgraded":0,"win_rate":0.0,"timestamp":1610562624,"path_taken":["R_BF","M","M","$","?","E"],"items_purchased_type":["Card"],"build_version":"2020-12-22","purchased_purges":0,"victory":false,"max_hp_per_floor":[60,60,60,60,60,60,60,60],"card_choices":[{"not_picked":["Slimebound:ViciousTackle","Slimebound:SplitBruiser"],"picked":"Slimebound:SlimeBarrage","floor":2.0},{"not_picked":["Slimebound:TongueLash","Slimebound:Nibble"],"picked":"Slimebound:GrowthPunch","floor":3.0},{"not_picked":["Slimebound:FinishingTackle","Slimebound:Overexert"],"picked":"Slimebound:Equalize","floor":4.0}],"player_experience":136,"relics_obtained":[],"event_choices":[],"is_beta":false,"boss_relics":[],"items_purged_floors":[],"is_endless":false,"potions_floor_spawned":[3],"killed_by":"3 Sentries","ascension_level":0}}