{"host":"tn8gi6c98rb0hmd4","time":1610516577,"event":{"mods":["100% Spire Juice","Act Like it!","Bard","BaseMod","Better Altar","Better Match","Better Skull","Better Third Choice","Better Vampires","BetterRewards","Colored Map","Colored Powertips","Dark Map","Hermit","Lobotomy","LobotomyExtend","Mimic Mod","Minty Spire (QoL Compilation)","Rare Cards Sparkle","Relic Stats","StSLib","The Cursed","The Disciple","The Marked","Waifu the Spire"],"gold_per_floor":[116,11,11,11,11,11,11],"floor_reached":6,"language":"ENG","playtime":233,"items_purged":[],"score":32,"play_id":"96640bf9-4572-4cc5-bdb4-329cc589a532","local_time":"20210112214257","is_ascension_mode":false,"campfire_choices":[],"circlet_count":0,"master_deck":[],"relics":["Moonworks:BrokenBomb","Moonworks:Homemark","CogitoBucket","LetterFromLob","Moonlight_r"],"acts_visited":["Exordium"],"potions_floor_usage":[],"damage_taken":[{"damage":6,"enemies":"2 Louse","floor":1,"turns":3},{"damage":18,"enemies":"Lagavulin","floor":6,"turns":4}],"seed_played":"-3187235385909039591","potions_obtained":[],"is_trial":false,"path_per_floor":["M","$","?","?","$","E"],"character_chosen":"THE_STARBREAKER","items_purchased":["Moonworks:x16BigRocket","Moonworks:RagingMadness"],"campfire_rested":0,"item_purchase_floors":[2,2],"current_hp_per_floor":[54,54,18,18,18,0,0],"gold":11,"neow_bonus":"","is_daily":false,"chose_seed":false,"campfire_upgraded":0,"win_rate":0.0,"timestamp":1610516577,"path_taken":["M","$","?","?","$","E"],"items_purchased_type":["Card","Card"],"build_version":"2020-12-22","purchased_purges":0,"victory":false,"max_hp_per_floor":[60,60,60,60,60,60,60],"relic_stats":{"counters":[2,7],"obtain_stats":[{"Moonlight_r":3,"CogitoBucket":0,"Moonworks:Homemark":0,"LetterFromLob":1,"Moonworks:BrokenBomb":0},{"Moonlight_r":1,"CogitoBucket":0,"Moonworks:Homemark":0,"LetterFromLob":1,"Moonworks:BrokenBomb":0},{"Moonlight_r":3,"CogitoBucket":0,"Moonworks:Homemark":0,"LetterFromLob":3,"Moonworks:BrokenBomb":0}]},"card_choices":[{"not_picked":["OSAHOGD","Wellcheers"],"picked":"ShyLook","floor":1},{"not_picked":["Moonworks:CloudOfSeagulls","Moonworks:MixPhenomenon"],"picked":"Moonworks:TreasureThief","floor":1}],"player_experience":457424,"relics_obtained":[{"floor":1,"key":"LetterFromLob"}],"event_choices":[{"damage_healed":0,"gold_gain":0,"player_choice":"Ignored","damage_taken":0,"max_hp_gain":0,"max_hp_loss":0,"event_name":"Golden Wing","floor":4,"gold_loss":0}],"is_beta":false,"boss_relics":[],"items_purged_floors":[],"is_endless":false,"potions_floor_spawned":[],"killed_by":"Lagavulin","ascension_level":0}}