{"host":"y3h3n3f7seyagppx","time":1610575703,"event":{"mods":["AlwaysNeverKeys","BaseMod","Better Vampires","Colored Powertips","DeckTracker","Emptier Cage","Minty Spire (QoL Compilation)","Permanent Neow","Quick Restart","Rare Cards Sparkle","Relic Sorter","Relic Stats","StSLib","Transform Curses"],"gold_per_floor":[15,27,27,46,64,64,399,417,417,14,46,46,46,63,63,142,142,156,156,173,191,34,34,61,61,61,86,86,103,144,172,172,259,259,282,293,322,331,349,391,469,511,536,536,570,195,224,267,267,267,267,267,267,105,143,143],"floor_reached":57,"language":"ENG","playtime":7314,"items_purged":["Strike_G","Grand Finale+1"],"score":2849,"play_id":"7ed02978-ced7-4dda-bb11-99da5c02e998","local_time":"20210113170823","is_ascension_mode":true,"campfire_choices":[{"data":"Sucker Punch","floor":6.0,"key":"SMITH"},{"data":"Poisoned Stab","floor":13.0,"key":"SMITH"},{"data":"Deadly Poison","floor":15.0,"key":"SMITH"},{"data":"Wraith Form v2","floor":23.0,"key":"SMITH"},{"floor":28.0,"key":"REST"},{"data":"Catalyst","floor":32.0,"key":"SMITH"},{"floor":49,"key":"REST"},{"floor":53,"key":"REST"}],"circlet_count":0,"master_deck":["AscendersBane","Defend_G","Defend_G","Defend_G","Defend_G","Survivor","Neutralize+1","Sucker Punch+1","Poisoned Stab+1","Deadly Poison+1","Backstab+1","Catalyst","Footwork","Catalyst+1","Wraith Form v2+1","Escape Plan+1","Accuracy+1","Blade Dance+1","Wraith Form v2+1","Blade Dance","Deflect","Noxious Fumes","Escape Plan","Prepared+1","Envenom","Blade Dance","Backflip","Malaise","Prepared+1","Backflip","Cloak And Dagger+1","PiercingWail+1","Burst","Escape Plan"],"relics":["Ring of the Snake","Old Coin","Kunai","MealTicket","DollysMirror","Vajra","Astrolabe","Snake Skull","Calipers","Blue Candle","Happy Flower","CeramicFish","Fusion Hammer","Question Card","Gremlin Horn","Bird Faced Urn","Whetstone","Ice Cream","Frozen Eye","Letter Opener","Lee\u0027s Waffle","InkBottle"],"acts_visited":["Exordium","TheCity","TheBeyond","TheEnding"],"potions_floor_usage":[],"damage_taken":[{"damage":0.0,"enemies":"Cultist","floor":1.0,"turns":4.0},{"damage":0.0,"enemies":"2 Louse","floor":2.0,"turns":4.0},{"damage":1.0,"enemies":"Jaw Worm","floor":4.0,"turns":3.0},{"damage":15.0,"enemies":"Lots of Slimes","floor":5.0,"turns":5.0},{"damage":12.0,"enemies":"Lagavulin","floor":7.0,"turns":5.0},{"damage":4.0,"enemies":"Exordium Thugs","floor":8.0,"turns":5.0},{"damage":33.0,"enemies":"3 Sentries","floor":11.0,"turns":11.0},{"damage":9.0,"enemies":"Blue Slaver","floor":14.0,"turns":3.0},{"damage":12.0,"enemies":"The Guardian","floor":16.0,"turns":8.0},{"damage":25.0,"enemies":"3 Byrds","floor":18.0,"turns":9.0},{"damage":6.0,"enemies":"Spheric Guardian","floor":20.0,"turns":5.0},{"damage":0.0,"enemies":"Snake Plant","floor":21.0,"turns":4.0},{"damage":27.0,"enemies":"Slavers","floor":24.0,"turns":7.0},{"damage":1.0,"enemies":"Gremlin Leader","floor":27.0,"turns":6.0},{"damage":1.0,"enemies":"Chosen and Byrds","floor":29.0,"turns":4.0},{"damage":5.0,"enemies":"Book of Stabbing","floor":30.0,"turns":4.0},{"damage":1.0,"enemies":"Centurion and Healer","floor":31.0,"turns":8.0},{"damage":5.0,"enemies":"Collector","floor":33.0,"turns":6.0},{"damage":5.0,"enemies":"Orb Walker","floor":35.0,"turns":4.0},{"damage":15.0,"enemies":"3 Darklings","floor":36.0,"turns":5.0},{"damage":3,"enemies":"Sphere and 2 Shapes","floor":37,"turns":5},{"damage":0,"enemies":"Transient","floor":39,"turns":6},{"damage":1,"enemies":"Reptomancer","floor":40,"turns":4},{"damage":23,"enemies":"Nemesis","floor":42,"turns":7},{"damage":0,"enemies":"Mind Bloom Boss Battle","floor":45,"turns":5},{"damage":1,"enemies":"4 Shapes","floor":47,"turns":6},{"damage":0,"enemies":"Reptomancer","floor":48,"turns":5},{"damage":27,"enemies":"Donu and Deca","floor":50,"turns":8},{"damage":12,"enemies":"Awakened One","floor":51,"turns":15},{"damage":2,"enemies":"Shield and Spear","floor":55,"turns":7},{"damage":37,"enemies":"The Heart","floor":56,"turns":7}],"seed_played":"3829469341764146862","potions_obtained":[{"floor":1.0,"key":"Regen Potion"},{"floor":2.0,"key":"Regen Potion"},{"floor":3.0,"key":"CunningPotion"},{"floor":11.0,"key":"Fruit Juice"},{"floor":16.0,"key":"Ancient Potion"},{"floor":20.0,"key":"Dexterity Potion"},{"floor":29.0,"key":"SneckoOil"},{"floor":30.0,"key":"FearPotion"},{"floor":37,"key":"FearPotion"},{"floor":42,"key":"GamblersBrew"}],"is_trial":false,"path_per_floor":["M","M","?","M","M","R","E","M","T","$","E","$","R","M","R","B",null,"M","?","M","M","$","R","E","?","T","E","R","M","E","M","R","B",null,"M","M","M","?","M","E","T","E","T","?","?","$","M","E","R","B","B",null,"R","$","E","B",null],"character_chosen":"THE_SILENT","items_purchased":["MealTicket","DollysMirror","Snake Skull","Frozen Eye","GhostInAJar","Lee\u0027s Waffle"],"campfire_rested":3,"item_purchase_floors":[10,10,22,46,46,54],"current_hp_per_floor":[59,59,59,66,51,51,39,35,35,35,2,17,17,8,8,1,54,29,29,23,23,38,38,11,11,11,10,31,30,25,24,24,19,58,53,38,35,35,35,34,34,11,11,58,58,58,58,58,58,33,33,52,58,65,65,34],"gold":143,"neow_bonus":"REMOVE_TWO","is_daily":false,"chose_seed":false,"campfire_upgraded":5,"win_rate":0.0,"timestamp":1610575703,"path_taken":["M","M","?","M","M","R","E","?","T","?","E","$","R","M","R","BOSS","M","?","?","M","$","R","E","?","T","E","R","M","E","M","R","BOSS","M","M","?","?","?","E","?","E","T","?","?","$","M","E","R","BOSS","BOSS","R","$","E","BOSS"],"items_purchased_type":["Relic","Relic","Relic","Relic","Potion","Relic"],"build_version":"2020-12-22","purchased_purges":2,"victory":true,"max_hp_per_floor":[66,66,66,66,66,66,66,66,66,66,66,66,66,66,66,71,71,71,71,71,71,71,71,71,71,71,71,71,71,71,71,71,71,71,71,71,71,71,71,71,71,71,71,58,58,58,58,58,58,58,58,58,58,65,65,65],"relic_stats":{"Lee\u0027s Waffle":7,"Happy Flower":[35],"Gremlin Horn":[12,12],"counters":[31,185],"Astrolabe":["Escape Plan","Accuracy","Grand Finale"],"Blue Candle":[0],"CeramicFish":108,"Snake Skull":[274],"Whetstone":["Neutralize","Backstab"],"Letter Opener":[167],"Question Card":5,"Bird Faced Urn":[23],"MealTicket":30,"Kunai":[85],"obtain_stats":[{"Ice Cream":45,"Lee\u0027s Waffle":54,"Calipers":24,"Happy Flower":27,"Gremlin Horn":41,"Astrolabe":17,"Blue Candle":26,"CeramicFish":30,"Vajra":11,"Snake Skull":22,"Whetstone":43,"Letter Opener":48,"Question Card":40,"Old Coin":7,"Frozen Eye":46,"DollysMirror":10,"Bird Faced Urn":42,"MealTicket":10,"Fusion Hammer":34,"Kunai":9,"InkBottle":55,"Ring of the Snake":0},{"Ice Cream":25,"Lee\u0027s Waffle":29,"Calipers":13,"Happy Flower":14,"Gremlin Horn":23,"Astrolabe":9,"Blue Candle":13,"CeramicFish":16,"Vajra":7,"Snake Skull":12,"Whetstone":24,"Letter Opener":27,"Question Card":23,"Old Coin":5,"Frozen Eye":25,"DollysMirror":6,"Bird Faced Urn":24,"MealTicket":6,"Fusion Hammer":18,"Kunai":6,"InkBottle":30,"Ring of the Snake":0},{"Ice Cream":137,"Lee\u0027s Waffle":171,"Calipers":73,"Happy Flower":79,"Gremlin Horn":125,"Astrolabe":48,"Blue Candle":73,"CeramicFish":87,"Vajra":37,"Snake Skull":66,"Whetstone":132,"Letter Opener":148,"Question Card":125,"Old Coin":21,"Frozen Eye":137,"DollysMirror":26,"Bird Faced Urn":132,"MealTicket":26,"Fusion Hammer":101,"Kunai":26,"InkBottle":178,"Ring of the Snake":0}],"InkBottle":[4],"Ring of the Snake":[62]},"card_choices":[{"not_picked":["Catalyst","Setup"],"picked":"Sucker Punch","floor":1.0},{"not_picked":["PiercingWail","Cloak And Dagger"],"picked":"Poisoned Stab","floor":2.0},{"not_picked":["Dodge and Roll","Setup"],"picked":"Deadly Poison","floor":4.0},{"not_picked":["Flying Knee","Eviscerate"],"picked":"Backstab","floor":5.0},{"not_picked":["Deadly Poison","Endless Agony"],"picked":"Catalyst","floor":7.0},{"not_picked":["All Out Attack","PiercingWail"],"picked":"Footwork","floor":8.0},{"not_picked":["Choke","Poisoned Stab","Unload"],"picked":"SKIP","floor":11.0},{"not_picked":["Outmaneuver","Underhanded Strike","Deflect"],"picked":"SKIP","floor":14.0},{"not_picked":["Unload","Doppelganger"],"picked":"Wraith Form v2","floor":16.0},{"not_picked":["Deflect","Sucker Punch+1"],"picked":"Blade Dance+1","floor":18.0},{"not_picked":["Riddle With Holes","Backflip"],"picked":"Blade Dance","floor":20.0},{"not_picked":["Blade Dance","Leg Sweep","Choke"],"picked":"SKIP","floor":21.0},{"not_picked":["Footwork","Grand Finale"],"picked":"Deflect","floor":24.0},{"not_picked":["All Out Attack","Crippling Poison","Flechettes"],"picked":"SKIP","floor":27.0},{"not_picked":["Calculated Gamble","PiercingWail"],"picked":"Noxious Fumes","floor":29.0},{"not_picked":["Dash+1","Endless Agony"],"picked":"Escape Plan","floor":30.0},{"not_picked":["Dodge and Roll","Flying Knee"],"picked":"Prepared+1","floor":31.0},{"not_picked":["Bullet Time","Storm of Steel"],"picked":"Envenom","floor":33.0},{"not_picked":["Deflect+1","Deadly Poison+1"],"picked":"Blade Dance","floor":35.0},{"not_picked":["Sucker Punch","Skewer","Terror"],"picked":"SKIP","floor":36.0},{"not_picked":["Cloak And Dagger","Blade Dance+1"],"picked":"Backflip","floor":37},{"not_picked":["Deadly Poison","Outmaneuver+1","Bouncing Flask"],"picked":"SKIP","floor":39},{"not_picked":["Sucker Punch","Die Die Die"],"picked":"Prepared+1","floor":40},{"not_picked":["Deflect","Acrobatics+1","Blur"],"picked":"Backflip","floor":42},{"not_picked":["Blade Dance","Reflex","Slice"],"picked":"Cloak And Dagger+1","floor":45},{"not_picked":["Slice+1","Flying Knee","Cloak And Dagger"],"picked":"PiercingWail+1","floor":47},{"not_picked":["Deflect+1","Terror","Doppelganger"],"picked":"Burst","floor":48},{"not_picked":["Riddle With Holes","All Out Attack","Outmaneuver+1"],"picked":"Escape Plan","floor":55}],"player_experience":20814846,"relics_obtained":[{"floor":7.0,"key":"Old Coin"},{"floor":9.0,"key":"Kunai"},{"floor":11.0,"key":"Vajra"},{"floor":24.0,"key":"Calipers"},{"floor":26.0,"key":"Blue Candle"},{"floor":27.0,"key":"Happy Flower"},{"floor":30.0,"key":"CeramicFish"},{"floor":40,"key":"Question Card"},{"floor":41,"key":"Gremlin Horn"},{"floor":42,"key":"Bird Faced Urn"},{"floor":43,"key":"Whetstone"},{"floor":45,"key":"Ice Cream"},{"floor":48,"key":"Letter Opener"},{"floor":55,"key":"InkBottle"}],"event_choices":[{"damage_healed":0.0,"max_hp_gain":0.0,"max_hp_loss":0.0,"gold_gain":0.0,"event_name":"Lab","player_choice":"Got Potions","floor":3.0,"gold_loss":0.0,"damage_taken":0.0},{"damage_healed":0.0,"max_hp_gain":0.0,"max_hp_loss":0.0,"gold_gain":0.0,"event_name":"Duplicator","player_choice":"Copied","floor":19.0,"gold_loss":0.0,"damage_taken":0.0,"cards_obtained":["Wraith Form v2"]},{"damage_healed":0.0,"max_hp_gain":0.0,"max_hp_loss":0.0,"gold_gain":0.0,"event_name":"Upgrade Shrine","player_choice":"Upgraded","floor":25.0,"gold_loss":0.0,"damage_taken":0.0,"cards_upgraded":["Wraith Form v2"]},{"damage_healed":0,"gold_gain":0,"player_choice":"1 cards matched","damage_taken":0,"max_hp_gain":0,"max_hp_loss":0,"event_name":"Match and Keep!","floor":38,"gold_loss":0,"cards_obtained":["Malaise"]},{"damage_healed":58,"gold_gain":0,"player_choice":"Heal","damage_taken":0,"max_hp_gain":0,"max_hp_loss":13,"event_name":"The Moai Head","floor":44,"gold_loss":0},{"damage_healed":0,"gold_gain":0,"player_choice":"Fight","damage_taken":0,"max_hp_gain":0,"max_hp_loss":0,"event_name":"MindBloom","floor":45,"gold_loss":0}],"is_beta":false,"boss_relics":[{"not_picked":["Black Star","Empty Cage"],"picked":"Astrolabe"},{"not_picked":["WristBlade","Tiny House"],"picked":"Fusion Hammer"}],"items_purged_floors":[10,46],"is_endless":false,"potions_floor_spawned":[1,2,11,16,20,29,30,37,42,47,48,55],"ascension_level":20}}