{"host":"9jj9tzo2iym4bpat","time":1610575086,"event":{"mods":["Act Like it!","BaseMod","CapriCore","Gensokyo","Luminous","Marisa????????","Minty Spire (QoL Compilation)","Permanent Neow","StSLib","Td1madao Mod","The Animator","The Immortal","The Marked","The Servant 0.9.4"],"gold_per_floor":[115,115,115,127,140,140,155,7,30,30,100,115,139,139,139,139,139],"floor_reached":16,"language":"ENG","playtime":750,"items_purged":[],"score":92,"play_id":"15760287-b093-4439-9c5f-968854ddedba","local_time":"20210113155806","is_ascension_mode":false,"campfire_choices":[{"data":"SilverBlades","floor":6,"key":"SMITH"},{"floor":15,"key":"REST"}],"circlet_count":0,"master_deck":["Strike_S","Strike_S","Strike_S","Strike_S","Defend_S","Defend_S","Defend_S","Defend_S","KidneyShot","Exchange","Ricochet","Regret","InstantArmor","Panacea","Unruled","SilverBlades+1","Rewind","KillingDoll+1","Rearm","DualDimension","Hightail"],"relics":["Uniform","Toy Ornithopter","Smiling Mask","Golden Idol","Bag of Preparation"],"acts_visited":["Exordium"],"potions_floor_usage":[11,11,11,16],"damage_taken":[{"damage":6,"enemies":"Jaw Worm","floor":1,"turns":4},{"damage":0,"enemies":"2 Louse","floor":4,"turns":2},{"damage":0,"enemies":"Cultist","floor":5,"turns":3},{"damage":4,"enemies":"Blue Slaver","floor":7,"turns":3},{"damage":46,"enemies":"Lagavulin Event","floor":11,"turns":9},{"damage":0,"enemies":"3 Louse","floor":12,"turns":3},{"damage":0,"enemies":"Gremlin Gang","floor":13,"turns":3},{"damage":32,"enemies":"The Guardian","floor":16,"turns":7}],"seed_played":"-6894299336116919487","potions_obtained":[{"floor":0,"key":"Energy Potion"},{"floor":0,"key":"Strength Potion"},{"floor":0,"key":"BlessingOfTheForge"},{"floor":13,"key":"PowerPotion"}],"is_trial":false,"path_per_floor":["M","?","?","M","M","R","M","$","T","?","?","M","M","?","R","B"],"character_chosen":"THE_SERVANT","items_purchased":["KillingDoll"],"campfire_rested":1,"item_purchase_floors":[8],"current_hp_per_floor":[59,59,59,59,59,59,55,55,55,39,8,8,8,8,27,0,0],"gold":139,"neow_bonus":"THREE_SMALL_POTIONS","is_daily":false,"chose_seed":false,"campfire_upgraded":1,"win_rate":0.0,"timestamp":1610575086,"path_taken":["M","?","?","?","M","R","M","$","T","?","?","M","M","?","R","BOSS"],"items_purchased_type":["Card"],"build_version":"2020-12-22","purchased_purges":0,"victory":false,"max_hp_per_floor":[65,65,65,65,65,65,65,65,65,65,65,65,65,65,65,65,65],"card_choices":[{"not_picked":["SpecialFormula","Unruled"],"picked":"Ricochet","floor":1},{"not_picked":["DualDimension","Advance"],"picked":"Unruled","floor":4},{"not_picked":["Shuttle","Spin"],"picked":"SilverBlades","floor":5},{"not_picked":["BottledTime","WasteNot"],"picked":"Rewind","floor":7},{"not_picked":["Rewind","Contraction"],"picked":"Rearm","floor":11},{"not_picked":["BottledTime","Revamp"],"picked":"DualDimension","floor":12},{"not_picked":["Rewind","PendulumOfEternity"],"picked":"Hightail","floor":13}],"player_experience":230990,"relics_obtained":[{"floor":9,"key":"Smiling Mask"},{"floor":11,"key":"Bag of Preparation"}],"event_choices":[{"damage_healed":0,"gold_gain":0,"player_choice":"Box","damage_taken":0,"relics_obtained":["Toy Ornithopter"],"max_hp_gain":0,"max_hp_loss":0,"event_name":"Big Fish","floor":2,"gold_loss":0,"cards_obtained":["Regret"]},{"damage_healed":0,"gold_gain":0,"player_choice":"2 cards matched","damage_taken":0,"max_hp_gain":0,"max_hp_loss":0,"event_name":"Match and Keep!","floor":3,"gold_loss":0,"cards_obtained":["InstantArmor","Panacea"]},{"damage_healed":0,"gold_gain":0,"player_choice":"Take Damage","damage_taken":16,"relics_obtained":["Golden Idol"],"max_hp_gain":0,"max_hp_loss":0,"event_name":"Golden Idol","floor":10,"gold_loss":0},{"damage_healed":0,"gold_gain":0,"player_choice":"Searched \u00272\u0027 times","damage_taken":0,"max_hp_gain":0,"max_hp_loss":0,"event_name":"Dead Adventurer","floor":11,"gold_loss":0},{"damage_healed":0,"gold_gain":0,"player_choice":"Upgraded","damage_taken":0,"max_hp_gain":0,"max_hp_loss":0,"event_name":"Upgrade Shrine","floor":14,"gold_loss":0,"cards_upgraded":["KillingDoll"]}],"is_beta":false,"boss_relics":[],"items_purged_floors":[],"is_endless":false,"potions_floor_spawned":[4,7,13],"killed_by":"The Guardian","ascension_level":0}}