{"host":"pq8o62wp0h1hflf3","time":1610569070,"event":{"mods":["BaseMod","Minty Spire (QoL Compilation)","Relic Stats","ojb\u0027s Info Mod"],"gold_per_floor":[161,161,179,195,209,237,18,45,69,94,94,34,34,54,54,132,132,144,419,277,287,122,122,122,122],"floor_reached":24,"language":"ENG","playtime":1754,"items_purged":["Regret","Regret"],"score":428,"play_id":"379c0eb2-8118-4e33-b267-eef70ff9492c","local_time":"20210113151750","is_ascension_mode":true,"campfire_choices":[{"floor":13,"key":"REST"},{"data":"Eruption","floor":15,"key":"SMITH"},{"data":"Vault","floor":23,"key":"SMITH"}],"circlet_count":0,"master_deck":["AscendersBane","Eruption+1","Vigilance","BattleHymn","FlurryOfBlows","ForeignInfluence","FlurryOfBlows","Protect","Wallop","EmptyBody","Blasphemy","InnerPeace","Crescendo","Vault+1","CarveReality","Conclude","DeceiveReality","Swivel","Prostrate","SpiritShield","DeceiveReality","SignatureMove","SashWhip","Perseverance","Perseverance"],"relics":["Tiny House","Potion Belt","ClockworkSouvenir","Blood Vial","Akabeko","Regal Pillow","The Courier","Pandora\u0027s Box","PrismaticShard"],"acts_visited":["Exordium","TheCity"],"potions_floor_usage":[8,10,16],"damage_taken":[{"damage":0,"enemies":"2 Louse","floor":1,"turns":4},{"damage":0,"enemies":"Jaw Worm","floor":3,"turns":2},{"damage":0,"enemies":"Cultist","floor":4,"turns":2},{"damage":5,"enemies":"2 Fungi Beasts","floor":5,"turns":4},{"damage":6,"enemies":"3 Sentries","floor":6,"turns":8},{"damage":9,"enemies":"Lagavulin","floor":8,"turns":5},{"damage":8,"enemies":"Gremlin Nob","floor":10,"turns":4},{"damage":0,"enemies":"Looter","floor":14,"turns":3},{"damage":24,"enemies":"The Guardian","floor":16,"turns":10},{"damage":0,"enemies":"Chosen","floor":18,"turns":3},{"damage":0,"enemies":"Spheric Guardian","floor":21,"turns":4},{"damage":72,"enemies":"Slavers","floor":24,"turns":5}],"seed_played":"-5785107126939610852","potions_obtained":[{"floor":0,"key":"SpeedPotion"},{"floor":4,"key":"Block Potion"},{"floor":8,"key":"BlessingOfTheForge"},{"floor":14,"key":"Dexterity Potion"}],"is_trial":false,"path_per_floor":["M","?","M","M","M","E","$","E","T","E","?","$","R","M","R","B",null,"M","?","$","M","$","R","E"],"character_chosen":"WATCHER","items_purchased":["ClockworkSouvenir","EmptyBody","Perseverance","PrismaticShard","Perseverance"],"campfire_rested":1,"item_purchase_floors":[7,7,20,22,22],"current_hp_per_floor":[66,44,44,44,39,33,33,24,24,18,18,18,54,56,56,34,63,65,65,65,67,67,67,0,0],"gold":122,"neow_bonus":"BOSS_RELIC","is_daily":false,"chose_seed":false,"campfire_upgraded":2,"win_rate":0.0,"timestamp":1610569070,"path_taken":["M","?","M","M","M","E","$","E","T","E","?","$","R","M","R","BOSS","M","?","$","?","$","R","E"],"items_purchased_type":["Relic","Card","Card","Relic","Card"],"build_version":"2020-12-22","purchased_purges":2,"victory":false,"max_hp_per_floor":[73,73,73,73,73,73,73,73,73,73,73,73,73,73,73,73,73,73,73,73,73,73,73,73,73],"relic_stats":{"Blood Vial":12,"Regal Pillow":15,"counters":[12,54],"Pandora\u0027s Box":["CarveReality","Conclude","DeceiveReality","Swivel","Prostrate","SpiritShield","DeceiveReality","SignatureMove"],"obtain_stats":[{"Potion Belt":6,"Blood Vial":8,"Regal Pillow":10,"Tiny House":0,"Pandora\u0027s Box":17,"The Courier":11,"PureWater":0,"PrismaticShard":22,"Akabeko":9,"ClockworkSouvenir":7},{"Potion Belt":5,"Blood Vial":6,"Regal Pillow":7,"Tiny House":0,"Pandora\u0027s Box":9,"The Courier":7,"PureWater":0,"PrismaticShard":11,"Akabeko":6,"ClockworkSouvenir":5},{"Potion Belt":20,"Blood Vial":25,"Regal Pillow":29,"Tiny House":0,"Pandora\u0027s Box":42,"The Courier":29,"PureWater":0,"PrismaticShard":49,"Akabeko":25,"ClockworkSouvenir":20}]},"card_choices":[{"not_picked":["ClearTheMind","Protect"],"picked":"BattleHymn","floor":0},{"not_picked":["CrushJoints","Wireheading"],"picked":"FlurryOfBlows","floor":1},{"not_picked":["ThirdEye","Collect"],"picked":"ForeignInfluence","floor":3},{"not_picked":["FollowUp","CrushJoints"],"picked":"FlurryOfBlows","floor":4},{"not_picked":["SignatureMove","Prostrate"],"picked":"Protect","floor":5},{"not_picked":["CarveReality","PathToVictory"],"picked":"Wallop","floor":6},{"not_picked":["Meditate","CutThroughFate"],"picked":"Blasphemy","floor":8},{"not_picked":["EmptyBody","Study"],"picked":"InnerPeace","floor":10},{"not_picked":["Collect","Protect"],"picked":"Crescendo","floor":14},{"not_picked":["DeusExMachina","ConjureBlade"],"picked":"Vault","floor":16},{"not_picked":["Worship","EmptyFist"],"picked":"SashWhip","floor":18},{"not_picked":["FlurryOfBlows","Crescendo+1","WreathOfFlame"],"picked":"SKIP","floor":21}],"player_experience":1136701,"relics_obtained":[{"floor":6,"key":"Potion Belt"},{"floor":8,"key":"Blood Vial"},{"floor":9,"key":"Akabeko"},{"floor":10,"key":"Regal Pillow"}],"event_choices":[{"damage_healed":0,"gold_gain":0,"player_choice":"Entered Light","damage_taken":22,"max_hp_gain":0,"max_hp_loss":0,"event_name":"Shining Light","floor":2,"gold_loss":0,"cards_upgraded":["Strike_P","Defend_P"]},{"damage_healed":0,"gold_gain":0,"player_choice":"Box","damage_taken":0,"relics_obtained":["The Courier"],"max_hp_gain":0,"max_hp_loss":0,"event_name":"Big Fish","floor":11,"gold_loss":0,"cards_obtained":["Regret"]},{"damage_healed":0,"gold_gain":275,"player_choice":"Desecrate","damage_taken":0,"max_hp_gain":0,"max_hp_loss":0,"event_name":"Golden Shrine","floor":19,"gold_loss":0,"cards_obtained":["Regret"]}],"is_beta":false,"boss_relics":[{"not_picked":["SlaversCollar","Sozu"],"picked":"Pandora\u0027s Box"}],"items_purged_floors":[12,20],"is_endless":false,"potions_floor_spawned":[4,5,8,14],"killed_by":"Slavers","ascension_level":20}}