{"host":"rolltorest","time":1610502332,"event":{"mods":["BaseMod","Minty Spire (QoL Compilation)","Relic Stats","Slay the Relics Exporter","StSLib","The Bladedancer"],"gold_per_floor":[113,132,132,195,210,235,235,251,251,277,277,294,294,327,327,405,405,415,380,393,408,658,693,693,720,720,739,808,294,327,338,338,415,415,433,483,116,166,179,213,263,294,294,294,319,319,346,365,365,365,365,365,74,108,108],"floor_reached":56,"language":"ENG","playtime":2351,"items_purged":["blademaster:WrongfulFootwork","blademaster:Strike","blademaster:Strike"],"score":2771,"play_id":"02d2e1bc-bcba-46ac-91c9-7a7cdda10ce2","local_time":"20210112174532","is_ascension_mode":true,"campfire_choices":[{"data":"blademaster:Quickstep","floor":7,"key":"SMITH"},{"data":"blademaster:HighVoltage","floor":11,"key":"SMITH"},{"data":"blademaster:RagingBlow","floor":13,"key":"SMITH"},{"data":"blademaster:Overcharge","floor":15,"key":"SMITH"},{"data":"blademaster:EnchantedCuirass","floor":24,"key":"SMITH"},{"data":"blademaster:Blockade","floor":32,"key":"SMITH"},{"floor":44,"key":"DIG"},{"floor":46,"key":"DIG"},{"floor":49,"key":"RECALL"},{"floor":52,"key":"DIG"}],"circlet_count":0,"master_deck":["AscendersBane","blademaster:Strike","blademaster:Defend","blademaster:Defend+1","blademaster:Defend","blademaster:Defend+1","blademaster:RagingBlow+1","blademaster:HighVoltage+1","blademaster:Slice","blademaster:Safeguard","blademaster:Quickstep+1","blademaster:Flash","blademaster:Cut","blademaster:LeechingStrike","blademaster:Overcharge+1","blademaster:EnchantedCuirass+1","blademaster:Thrust","blademaster:Flurry","blademaster:Empower","blademaster:ColdBlood","blademaster:Discharge+1","blademaster:Blockade+1","blademaster:Frontflip","blademaster:Havoc","blademaster:DaggerAndCloak","blademaster:Blindside","blademaster:Breeze+1","Finesse","blademaster:DancingEdge+1","blademaster:Flurry+1","blademaster:SlyStabs+1","blademaster:Cut+1","blademaster:KiBarrier+1"],"relics":["blademaster:DancersAmulet","NeowsBlessing","SsserpentHead","Pear","War Paint","Ancient Tea Set","Meat on the Bone","Cursed Key","Pen Nib","Peace Pipe","Tiny Chest","Lantern","Anchor","Torii","SacredBark","Bottled Tornado","Toxic Egg 2","Shovel","Bottled Flame","Bag of Preparation","Dream Catcher","Molten Egg 2","Pantograph","Vajra","Kunai"],"acts_visited":["Exordium","TheCity","TheBeyond","TheEnding"],"potions_floor_usage":[6,25,55,55],"damage_taken":[{"damage":0,"enemies":"2 Louse","floor":1,"turns":1},{"damage":0,"enemies":"Cultist","floor":2,"turns":1},{"damage":0,"enemies":"Small Slimes","floor":4,"turns":1},{"damage":3,"enemies":"Blue Slaver","floor":5,"turns":4},{"damage":23,"enemies":"Gremlin Nob","floor":6,"turns":4},{"damage":16,"enemies":"Lots of Slimes","floor":8,"turns":7},{"damage":15,"enemies":"Lagavulin","floor":10,"turns":6},{"damage":0,"enemies":"2 Fungi Beasts","floor":12,"turns":3},{"damage":2,"enemies":"3 Sentries","floor":14,"turns":7},{"damage":16,"enemies":"The Guardian","floor":16,"turns":10},{"damage":3,"enemies":"2 Thieves","floor":18,"turns":3},{"damage":11,"enemies":"Spheric Guardian","floor":20,"turns":5},{"damage":16,"enemies":"Snake Plant","floor":21,"turns":4},{"damage":9,"enemies":"Slavers","floor":23,"turns":4},{"damage":0,"enemies":"Book of Stabbing","floor":25,"turns":3},{"damage":8,"enemies":"Shelled Parasite and Fungi","floor":27,"turns":2},{"damage":0,"enemies":"3 Cultists","floor":28,"turns":3},{"damage":0,"enemies":"Slavers","floor":30,"turns":4},{"damage":1,"enemies":"Snecko","floor":31,"turns":5},{"damage":0,"enemies":"Collector","floor":33,"turns":3},{"damage":0,"enemies":"Orb Walker","floor":35,"turns":3},{"damage":12,"enemies":"3 Darklings","floor":39,"turns":5},{"damage":0,"enemies":"Giant Head","floor":40,"turns":5},{"damage":0,"enemies":"Nemesis","floor":42,"turns":3},{"damage":0,"enemies":"Giant Head","floor":45,"turns":3},{"damage":0,"enemies":"Nemesis","floor":47,"turns":3},{"damage":0,"enemies":"Transient","floor":48,"turns":6},{"damage":21,"enemies":"Time Eater","floor":50,"turns":5},{"damage":0,"enemies":"Shield and Spear","floor":54,"turns":2},{"damage":7,"enemies":"The Heart","floor":55,"turns":4}],"seed_played":"-4954712612312014332","potions_obtained":[{"floor":1,"key":"LiquidBronze"},{"floor":4,"key":"Regen Potion"},{"floor":6,"key":"Ancient Potion"},{"floor":25,"key":"AttackPotion"},{"floor":45,"key":"CultistPotion"},{"floor":47,"key":"DuplicationPotion"}],"is_trial":false,"path_per_floor":["M","M","?","M","M","E","R","M","T","E","R","M","R","E","R","B",null,"M","?","M","M","?","E","R","E","T","M","M","$","E","M","R","B",null,"M","?","$","?","M","E","T","E","T","R","E","R","E","M","R","B",null,"R","$","E","B",null],"character_chosen":"THE_BLADEMASTER","items_purchased":["blademaster:Blockade","Lantern","blademaster:Frontflip","Anchor","Bottled Tornado","Vajra"],"campfire_rested":0,"item_purchase_floors":[29,29,29,29,37,53],"current_hp_per_floor":[64,64,64,64,61,57,57,41,41,26,26,26,26,27,27,26,67,64,64,53,49,49,43,43,48,48,52,55,55,62,61,61,70,78,78,78,78,78,81,81,81,81,81,81,81,81,81,81,81,60,76,76,76,81,81],"gold":108,"neow_bonus":"THREE_ENEMY_KILL","is_daily":false,"chose_seed":false,"campfire_upgraded":6,"win_rate":0.0,"timestamp":1610502332,"path_taken":["M","M","?","?","M","E","R","M","T","E","R","M","R","E","R","BOSS","M","?","M","M","?","E","R","E","T","M","?","$","E","M","R","BOSS","M","?","$","?","M","E","?","E","T","R","E","R","E","M","R","BOSS","R","$","E","BOSS"],"items_purchased_type":["Card","Relic","Card","Relic","Relic","Relic"],"build_version":"2020-12-18","purchased_purges":3,"victory":true,"max_hp_per_floor":[71,71,71,71,71,81,81,81,81,81,81,81,81,81,81,81,81,81,81,81,81,81,81,81,81,81,81,81,81,81,81,81,81,81,81,81,81,81,81,81,81,81,81,81,81,81,81,81,81,81,81,81,81,81,81],"relic_stats":{"Torii":6,"counters":[30,119],"Pen Nib":[25],"Bag of Preparation":[10],"War Paint":["blademaster:Defend","blademaster:Defend"],"Cursed Key":1,"Peace Pipe":0,"SsserpentHead":350,"Dream Catcher":0,"Shovel":3,"Pantograph":0,"Tiny Chest":1,"Kunai":[5],"obtain_stats":[{"Lantern":29,"Torii":30,"blademaster:BonusFuryPerk":6,"SacredBark":34,"Vajra":53,"Bag of Preparation":45,"Bottled Tornado":37,"Ancient Tea Set":10,"Cursed Key":17,"SsserpentHead":3,"Dream Catcher":46,"Shovel":42,"Pantograph":52,"Tiny Chest":25,"blademaster:LightningChargePerk":30,"blademaster:FinisherDrawCardPerk":10,"blademaster:ComboEveryTurnPerk":23,"Kunai":54,"Toxic Egg 2":40,"blademaster:BleedingLaceratePerk":40,"Pear":6,"NeowsBlessing":0,"blademaster:StrongPerk":45,"Pen Nib":19,"blademaster:OnAttackedChargePerk":25,"blademaster:RandomBladePerk":47,"War Paint":9,"Peace Pipe":23,"Anchor":29,"Bottled Flame":44,"blademaster:FuryEveryTurnPerk":14,"Molten Egg 2":47,"blademaster:StanceHealPerk":54,"blademaster:DancersAmulet":0,"blademaster:WindChargePerk":42,"Meat on the Bone":14},{"Lantern":17,"Torii":18,"blademaster:BonusFuryPerk":5,"SacredBark":20,"Vajra":28,"Bag of Preparation":25,"Bottled Tornado":21,"Ancient Tea Set":7,"Cursed Key":10,"SsserpentHead":2,"Dream Catcher":25,"Shovel":24,"Pantograph":28,"Tiny Chest":15,"blademaster:LightningChargePerk":18,"blademaster:FinisherDrawCardPerk":7,"blademaster:ComboEveryTurnPerk":14,"Kunai":29,"Toxic Egg 2":23,"blademaster:BleedingLaceratePerk":23,"Pear":5,"NeowsBlessing":0,"blademaster:StrongPerk":25,"Pen Nib":11,"blademaster:OnAttackedChargePerk":15,"blademaster:RandomBladePerk":26,"War Paint":6,"Peace Pipe":14,"Anchor":17,"Bottled Flame":24,"blademaster:FuryEveryTurnPerk":9,"Molten Egg 2":26,"blademaster:StanceHealPerk":29,"blademaster:DancersAmulet":0,"blademaster:WindChargePerk":24,"Meat on the Bone":9},{"Lantern":68,"Torii":72,"blademaster:BonusFuryPerk":11,"SacredBark":80,"Vajra":113,"Bag of Preparation":99,"Bottled Tornado":83,"Ancient Tea Set":24,"Cursed Key":44,"SsserpentHead":2,"Dream Catcher":99,"Shovel":96,"Pantograph":113,"Tiny Chest":63,"blademaster:LightningChargePerk":72,"blademaster:FinisherDrawCardPerk":24,"blademaster:ComboEveryTurnPerk":60,"Kunai":115,"Toxic Egg 2":93,"blademaster:BleedingLaceratePerk":93,"Pear":11,"NeowsBlessing":0,"blademaster:StrongPerk":99,"Pen Nib":47,"blademaster:OnAttackedChargePerk":63,"blademaster:RandomBladePerk":102,"War Paint":18,"Peace Pipe":60,"Anchor":68,"Bottled Flame":96,"blademaster:FuryEveryTurnPerk":34,"Molten Egg 2":102,"blademaster:StanceHealPerk":115,"blademaster:DancersAmulet":0,"blademaster:WindChargePerk":96,"Meat on the Bone":34}],"Meat on the Bone":36},"card_choices":[{"not_picked":["blademaster:AwakeningDefend","blademaster:Thrust","blademaster:Stability"],"picked":"SKIP","floor":1},{"not_picked":["blademaster:CombatPrep","blademaster:EyeOfTheStorm"],"picked":"blademaster:Slice","floor":2},{"not_picked":["blademaster:AwakeningDefend","blademaster:Reversal"],"picked":"blademaster:Safeguard","floor":4},{"not_picked":["blademaster:AspectOfLightning","blademaster:Stability"],"picked":"blademaster:Quickstep","floor":5},{"not_picked":["blademaster:DancingEdge","blademaster:DragonStrike"],"picked":"blademaster:Flash","floor":6},{"not_picked":["blademaster:Quickstep","blademaster:EyeOfTheStorm"],"picked":"blademaster:Cut","floor":8},{"not_picked":["blademaster:BrainBloom","blademaster:Quickstep"],"picked":"blademaster:LeechingStrike","floor":10},{"not_picked":["blademaster:ChargingUp","blademaster:BladeCross","blademaster:Hailwind"],"picked":"SKIP","floor":12},{"not_picked":["blademaster:LightningCrash","blademaster:AspectOfWind"],"picked":"blademaster:Overcharge","floor":14},{"not_picked":["blademaster:BladeDance","blademaster:CloudOfSteel"],"picked":"blademaster:EnchantedCuirass","floor":16},{"not_picked":["blademaster:WindSlash","blademaster:BloodyBlow"],"picked":"blademaster:Thrust","floor":18},{"not_picked":["blademaster:DaggerAndCloak","blademaster:Sharpen+1"],"picked":"blademaster:Flurry","floor":20},{"not_picked":["blademaster:Thrust","blademaster:LeechingStrike"],"picked":"blademaster:Empower","floor":21},{"not_picked":["blademaster:ParryingStrike","blademaster:Frenzy","blademaster:Quickstep"],"picked":"SKIP","floor":23},{"not_picked":["blademaster:Momentum","blademaster:FuriousStrike"],"picked":"blademaster:ColdBlood","floor":25},{"not_picked":["blademaster:Sunder","blademaster:ThunderSlash"],"picked":"blademaster:Discharge+1","floor":27},{"not_picked":["blademaster:AwakeningDefend","blademaster:WindSlash+1","blademaster:ParryingStrike"],"picked":"SKIP","floor":28},{"not_picked":["blademaster:Frenzy","blademaster:CullingStrike"],"picked":"blademaster:Havoc","floor":30},{"not_picked":["blademaster:AwakeningDefend","blademaster:AncestralHealing"],"picked":"blademaster:DaggerAndCloak","floor":31},{"not_picked":["blademaster:RollingTyphoon","blademaster:ThreePointStrike"],"picked":"blademaster:Blindside","floor":33},{"not_picked":["blademaster:Sharpen","blademaster:BladeMastery+1"],"picked":"blademaster:Breeze+1","floor":35},{"not_picked":["PanicButton","Panacea"],"picked":"Finesse","floor":36},{"not_picked":["blademaster:SharpBlades","blademaster:Overcharge","blademaster:BrainBloom"],"picked":"SKIP","floor":39},{"not_picked":["blademaster:DragonStrike","blademaster:Stormstrike","blademaster:CombatPrep+1"],"picked":"SKIP","floor":40},{"not_picked":["blademaster:Slice","blademaster:LeechingStrike"],"picked":"blademaster:DancingEdge+1","floor":42},{"not_picked":["blademaster:IcyWind","blademaster:BladeMastery+1"],"picked":"blademaster:Flurry+1","floor":45},{"not_picked":["blademaster:BladeMastery+1","blademaster:Quickstep"],"picked":"blademaster:SlyStabs+1","floor":47},{"not_picked":["blademaster:ChargingUp+1","blademaster:Safeguard+1"],"picked":"blademaster:Cut+1","floor":48},{"not_picked":["blademaster:AirSlash+1","blademaster:Vortex+1"],"picked":"blademaster:KiBarrier+1","floor":54}],"player_experience":1764210,"relics_obtained":[{"floor":6,"key":"Pear"},{"floor":6,"key":"blademaster:BonusFuryPerk"},{"floor":9,"key":"War Paint"},{"floor":10,"key":"Ancient Tea Set"},{"floor":10,"key":"blademaster:FinisherDrawCardPerk"},{"floor":14,"key":"Meat on the Bone"},{"floor":14,"key":"blademaster:FuryEveryTurnPerk"},{"floor":23,"key":"Peace Pipe"},{"floor":23,"key":"blademaster:ComboEveryTurnPerk"},{"floor":25,"key":"Tiny Chest"},{"floor":25,"key":"blademaster:OnAttackedChargePerk"},{"floor":30,"key":"Torii"},{"floor":30,"key":"blademaster:LightningChargePerk"},{"floor":40,"key":"Toxic Egg 2"},{"floor":40,"key":"blademaster:BleedingLaceratePerk"},{"floor":42,"key":"Shovel"},{"floor":42,"key":"blademaster:WindChargePerk"},{"floor":44,"key":"Bottled Flame"},{"floor":45,"key":"Bag of Preparation"},{"floor":45,"key":"blademaster:StrongPerk"},{"floor":46,"key":"Dream Catcher"},{"floor":47,"key":"Molten Egg 2"},{"floor":47,"key":"blademaster:RandomBladePerk"},{"floor":52,"key":"Pantograph"},{"floor":54,"key":"Kunai"},{"floor":54,"key":"blademaster:StanceHealPerk"}],"event_choices":[{"damage_healed":0,"gold_gain":0,"player_choice":"Trade","damage_taken":0,"relics_obtained":["SsserpentHead"],"max_hp_gain":0,"max_hp_loss":0,"event_name":"FaceTrader","floor":3,"gold_loss":0},{"damage_healed":0,"gold_gain":0,"player_choice":"Obtained Relic","damage_taken":0,"relics_obtained":["Pen Nib"],"max_hp_gain":0,"max_hp_loss":0,"event_name":"Addict","floor":19,"gold_loss":85},{"damage_healed":0,"gold_gain":200,"player_choice":"Gold","damage_taken":0,"max_hp_gain":0,"max_hp_loss":0,"event_name":"Wheel of Change","floor":22,"gold_loss":0},{"damage_healed":0,"gold_gain":0,"player_choice":"Memory 1","damage_taken":0,"max_hp_gain":0,"max_hp_loss":0,"event_name":"SensoryStone","floor":36,"gold_loss":0},{"cards_removed":["blademaster:Strike"],"damage_healed":0,"gold_gain":0,"player_choice":"Purged","damage_taken":0,"max_hp_gain":0,"max_hp_loss":0,"event_name":"Purifier","floor":38,"gold_loss":0}],"is_beta":true,"boss_relics":[{"not_picked":["Fusion Hammer","Runic Dome"],"picked":"Cursed Key"},{"not_picked":["Snecko Eye","Calling Bell"],"picked":"SacredBark"}],"items_purged_floors":[29,37,53],"is_endless":false,"potions_floor_spawned":[1,4,6,10,16,18,23,25,28,31,45,47,48],"ascension_level":17}}