{"host":"r6da5kb9dzaaglw2","time":1610568752,"event":{"mods":["AchievementEnabler","BaseMod","Colored Powertips","Duelist Mod","GifTheSpireLib","Minty Spire (QoL Compilation)","StSLib"],"gold_per_floor":[139,152,168,168,183,211,231,263,263,297,222,222,240,251,251,350,350,361,361,361,361],"floor_reached":20,"language":"ENG","playtime":3485,"items_purged":["theDuelist:Sparks"],"score":344,"play_id":"b570f262-5985-4874-82df-75ccf8eae8f0","local_time":"20210113211232","is_ascension_mode":true,"campfire_choices":[{"data":"theDuelist:GridRod","floor":15,"key":"SMITH"}],"circlet_count":0,"master_deck":["theDuelist:Biofalcon+1","theDuelist:CastleWalls","theDuelist:Deskbot004+1","theDuelist:Deskbot004+1","theDuelist:Deskbot005+1","theDuelist:Deskbot005+1","theDuelist:GreenGadget+1","theDuelist:GridRod+1","theDuelist:FusionWeapon","theDuelist:LabyrinthWall","theDuelist:CombinationAttack","theDuelist:AncientGearGolem+1","theDuelist:MachineKing+1","theDuelist:Eva+1"],"relics":["theDuelist:MillenniumPuzzle","theDuelist:CardPoolRelic","theDuelist:CardPoolBasicRelic","theDuelist:BoosterPackPoolRelic","theDuelist:CardPoolAddRelic","theDuelist:CardPoolMinusRelic","theDuelist:CardPoolSaveRelic","theDuelist:CardPoolOptionsRelic","Turnip","Pantograph","Ancient Tea Set","Black Star"],"acts_visited":["Exordium","TheCity"],"potions_floor_usage":[8,20],"damage_taken":[{"damage":0,"enemies":"Cultist","floor":1,"turns":4},{"damage":0,"enemies":"2 Louse","floor":2,"turns":3},{"damage":0,"enemies":"Jaw Worm","floor":3,"turns":2},{"damage":0,"enemies":"Red Slaver","floor":5,"turns":3},{"damage":9,"enemies":"Lagavulin","floor":6,"turns":8},{"damage":0,"enemies":"Exordium Wildlife","floor":7,"turns":3},{"damage":19,"enemies":"Gremlin Nob","floor":8,"turns":5},{"damage":16,"enemies":"Lagavulin","floor":10,"turns":7},{"damage":0,"enemies":"2 Fungi Beasts","floor":13,"turns":3},{"damage":0,"enemies":"Exordium Thugs","floor":14,"turns":6},{"damage":1,"enemies":"Hexaghost","floor":16,"turns":10},{"damage":0,"enemies":"Shell Parasite","floor":18,"turns":12},{"damage":88,"enemies":"Shell Parasite","floor":20,"turns":10}],"seed_played":"5664143657342079044","potions_obtained":[{"floor":6,"key":"theDuelist:TokenPotionB"},{"floor":7,"key":"theDuelist:DestructPotionPot"},{"floor":8,"key":"theDuelist:ReducerPotion"},{"floor":13,"key":"theDuelist:TokenPotion"}],"is_trial":false,"path_per_floor":["M","M","M","?","M","E","M","E","T","E","$","T","M","M","R","B",null,"M","?","?"],"character_chosen":"THE_DUELIST","items_purchased":[],"campfire_rested":0,"item_purchase_floors":[],"current_hp_per_floor":[72,72,72,72,72,63,63,54,54,38,38,38,38,38,38,62,83,83,83,0,0],"gold":361,"neow_bonus":"TRANSFORM_CARD","is_daily":false,"chose_seed":false,"campfire_upgraded":1,"win_rate":0.0,"timestamp":1610568752,"path_taken":["M","?","?","?","?","E","M","E","T","E","$","?","M","M","R","BOSS","M","?","?"],"items_purchased_type":[],"build_version":"2020-12-22","purchased_purges":1,"victory":false,"max_hp_per_floor":[80,80,80,80,80,80,80,90,90,90,90,90,90,90,90,90,90,90,90,90,90],"card_choices":[{"not_picked":["theDuelist:BreakDraw","theDuelist:MagicalStone","theDuelist:AncientGearWorkshop","theDuelist:SparkBlaster"],"picked":"theDuelist:FusionWeapon","floor":1},{"not_picked":["theDuelist:RainbowNeos","theDuelist:HappyLover","theDuelist:Eva","theDuelist:BlockGolem"],"picked":"theDuelist:LabyrinthWall","floor":2},{"not_picked":["theDuelist:VenomShot","theDuelist:LegendarySword","theDuelist:DarkBurningAttack","theDuelist:Factory100Machines","theDuelist:Ojamatch"],"picked":"SKIP","floor":3},{"not_picked":["theDuelist:HaneToken","theDuelist:FreezeToken","theDuelist:FiendToken","theDuelist:GreaseToken","theDuelist:TimeToken"],"picked":"SKIP","floor":5},{"not_picked":["theDuelist:BigFire","theDuelist:JunkWarrior","theDuelist:DarkFusion","theDuelist:SilverApples","theDuelist:Deskbot006"],"picked":"SKIP","floor":6},{"not_picked":["theDuelist:SpiritHarp","theDuelist:EgoBoost","theDuelist:IronDraw","theDuelist:DigitalBug","theDuelist:UmbralHorrorUniform"],"picked":"SKIP","floor":7},{"not_picked":["theDuelist:MegatypeToken","theDuelist:FreezeToken","theDuelist:ArmoredToken","theDuelist:MetallicToken","theDuelist:FluxToken"],"picked":"SKIP","floor":8},{"not_picked":["theDuelist:GiantOrc","theDuelist:Pumpking","theDuelist:BigFire","theDuelist:Deskbot004","theDuelist:AllyJustice"],"picked":"SKIP","floor":10},{"not_picked":["theDuelist:GarbageLord","theDuelist:AcidTrapHole","theDuelist:Tierra"],"picked":"SKIP","floor":13},{"not_picked":["theDuelist:JunkWarrior","theDuelist:AncientGearExplosive","theDuelist:MachineFactory","theDuelist:SilentDoom"],"picked":"theDuelist:AncientGearGolem","floor":14},{"not_picked":["theDuelist:LightLaser","theDuelist:KamionTimelord","theDuelist:SlotMachine","theDuelist:Deskbot007"],"picked":"theDuelist:MachineKing","floor":16},{"not_picked":["theDuelist:ArchfiendSoldier","theDuelist:KingYami","theDuelist:TokenVacuum","theDuelist:ScrapBeast","theDuelist:DoomcaliberKnight"],"picked":"SKIP","floor":18}],"player_experience":530006,"relics_obtained":[{"floor":8,"key":"Turnip"},{"floor":9,"key":"Pantograph"},{"floor":10,"key":"Ancient Tea Set"}],"event_choices":[{"damage_healed":0,"gold_gain":0,"cards_transformed":["theDuelist:CastleWalls"],"player_choice":"Transformed","damage_taken":0,"max_hp_gain":0,"max_hp_loss":0,"event_name":"Transmorgrifier","floor":4,"gold_loss":0,"cards_obtained":["theDuelist:CombinationAttack"]},{"damage_healed":0,"gold_gain":0,"player_choice":"Read","damage_taken":0,"max_hp_gain":0,"max_hp_loss":0,"event_name":"The Library","floor":19,"gold_loss":0,"cards_obtained":["theDuelist:Eva"]},{"damage_healed":0,"gold_gain":0,"player_choice":"Fight","duelist":true,"damage_taken":0,"max_hp_gain":0,"max_hp_loss":0,"event_name":"Battle City","floor":20,"gold_loss":0}],"is_beta":false,"boss_relics":[{"not_picked":["Empty Cage","Tiny House"],"picked":"Black Star"}],"items_purged_floors":[11],"is_endless":false,"potions_floor_spawned":[6,7,8,13],"killed_by":"Shell Parasite","ascension_level":8}}