{"host":"l84l8xigz5v5foa2","time":1610526335,"event":{"mods":["2.2 Compatiblity","AchievementEnabler","BaseMod","Better Note","Better Vampires","Card Filter","Colored Map","DeckTracker","Downfall","Gremlin Skip","Highlight Path","Keyboard Shortcuts","Minty Spire (QoL Compilation)","Permanent Neow","Quick Restart","Relic Filter","Relic Stats","StSLib","SuperFastMode","Transform Curses","Unknown Chances"],"gold_per_floor":[99,115,115,25,125,125,125,125],"floor_reached":6,"language":"ENG","playtime":217,"items_purged":["Pain"],"score":64,"play_id":"0bfc29ed-7bcf-4a4a-b4de-c14a0666ef3b","local_time":"20210113172535","is_ascension_mode":true,"campfire_choices":[{"data":"Guardian:RevengeProtocol","floor":1,"key":"SMITH"}],"circlet_count":0,"master_deck":["AscendersBane","Guardian:Strike_Guardian","Guardian:Strike_Guardian","Guardian:Strike_Guardian","Guardian:Defend_Guardian","Guardian:Defend_Guardian","Guardian:CurlUp+1","Guardian:TwinSlam","Guardian:RevengeProtocol+1","Guardian:Gem_Cyan","Guardian:FuturePlans","Guardian:Recover","Guardian:StasisEngine"],"relics":["Guardian:ModeShifter"],"acts_visited":[],"potions_floor_usage":[6],"damage_taken":[{"damage":7,"enemies":"Jaw Worm","floor":2,"turns":4},{"damage":0,"enemies":"downfall:FleeingMerchant","floor":4,"turns":4},{"damage":34,"enemies":"downfall:Heads","floor":5,"turns":5},{"damage":33,"enemies":"Gremlin Nob","floor":6,"turns":3}],"seed_played":"2204327879154605001","potions_obtained":[{"floor":5,"key":"Weak Potion"}],"is_trial":false,"path_per_floor":["R","M","?","$","?","E"],"character_chosen":"GUARDIAN","items_purchased":[],"campfire_rested":0,"item_purchase_floors":[],"current_hp_per_floor":[65,58,58,58,24,0,0,0],"gold":125,"neow_bonus":"THREE_RARE_CARDS","is_daily":false,"chose_seed":false,"campfire_upgraded":1,"win_rate":0.0,"timestamp":1610526335,"path_taken":["R","M","?","$","?","E"],"items_purchased_type":[],"build_version":"2020-12-22","purchased_purges":1,"victory":false,"max_hp_per_floor":[72,72,72,72,72,72,72,72],"relic_stats":{"counters":[4,16],"obtain_stats":[{"Guardian:ModeShifter":0},{"Guardian:ModeShifter":0},{"Guardian:ModeShifter":0}]},"card_choices":[{"not_picked":["Guardian:ConstructionForm","Guardian:ExploitGems"],"picked":"Guardian:RevengeProtocol","floor":0},{"not_picked":["Guardian:Incinerate","Guardian:WalkerClaw"],"picked":"Guardian:Gem_Cyan","floor":2},{"not_picked":["Guardian:TimeBomb","Guardian:Incinerate"],"picked":"Guardian:FuturePlans","floor":4},{"not_picked":["Guardian:Gem_Cyan","Guardian:VentSteam"],"picked":"Guardian:Recover","floor":5}],"player_experience":3147133,"relics_obtained":[],"event_choices":[],"is_beta":false,"boss_relics":[],"items_purged_floors":[4],"is_endless":false,"potions_floor_spawned":[5],"killed_by":"Gremlin Nob","ascension_level":20}}