{"host":"9tdk3zzhmpo6o3dg","time":1610520918,"event":{"mods":["BaseMod","Downfall","Marisa£®ÏF”Í°°ƒß¿Ì…≥£©","Minty Spire (QoL Compilation)","Shop Mod","StSLib","The Cursed","The Servant 0.9.4"],"gold_per_floor":[119,130,130,145,162,162,194,194,194,206,223,223,252,272,272,272,272],"floor_reached":16,"language":"ZHS","playtime":644,"items_purged":[],"score":114,"play_id":"eef8560a-b4ce-4e2a-a31b-ea278097081b","local_time":"20210113145518","is_ascension_mode":false,"campfire_choices":[{"data":"Eruption","floor":6,"key":"SMITH"},{"data":"JustLucky","floor":8,"key":"SMITH"},{"floor":12,"key":"REST"},{"data":"DevaForm","floor":15,"key":"SMITH"}],"circlet_count":0,"master_deck":["Strike_P","Strike_P","Strike_P","Strike_P","Defend_P","Defend_P","Defend_P","Defend_P","Eruption+1","Vigilance","JustLucky+1","ThirdEye","Regret","JustLucky","CutThroughFate","Perseverance","WindmillStrike","ThirdEye","DevaForm+1","Tantrum"],"relics":["PureWater","NeowsBlessing","Regal Pillow","Ice Cream","Pantograph","Ornamental Fan"],"acts_visited":["Exordium"],"potions_floor_usage":[],"damage_taken":[{"damage":0,"enemies":"Small Slimes","floor":1,"turns":1},{"damage":0,"enemies":"2 Louse","floor":2,"turns":1},{"damage":0,"enemies":"Jaw Worm","floor":4,"turns":1},{"damage":3,"enemies":"Large Slime","floor":5,"turns":5},{"damage":43,"enemies":"Lagavulin","floor":7,"turns":4},{"damage":1,"enemies":"Red Slaver","floor":10,"turns":2},{"damage":17,"enemies":"Blue Slaver","floor":11,"turns":2},{"damage":14,"enemies":"Gremlin Nob","floor":13,"turns":3},{"damage":3,"enemies":"3 Louse","floor":14,"turns":4},{"damage":52,"enemies":"The Guardian","floor":16,"turns":5}],"seed_played":"-9091665232195032515","potions_obtained":[{"floor":1,"key":"LiquidBronze"},{"floor":2,"key":"SteroidPotion"},{"floor":7,"key":"SteroidPotion"},{"floor":11,"key":"BlessingOfTheForge"}],"is_trial":false,"path_per_floor":["M","M","?","M","M","R","E","R","T","M","M","R","E","M","R","B"],"character_chosen":"WATCHER","items_purchased":[],"campfire_rested":1,"item_purchase_floors":[],"current_hp_per_floor":[72,72,72,72,69,69,26,26,26,25,8,44,30,27,27,0,0],"gold":272,"neow_bonus":"THREE_ENEMY_KILL","is_daily":false,"chose_seed":false,"campfire_upgraded":3,"win_rate":0.0,"timestamp":1610520918,"path_taken":["M","M","?","M","M","R","E","R","T","M","M","R","E","M","R","BOSS"],"items_purchased_type":[],"build_version":"2020-12-22","purchased_purges":0,"victory":false,"max_hp_per_floor":[72,72,72,72,72,72,72,72,72,72,72,72,72,72,72,72,72],"card_choices":[{"not_picked":["ThirdEye","Indignation"],"picked":"JustLucky","floor":1},{"not_picked":["Crescendo","EmptyMind"],"picked":"ThirdEye","floor":2},{"not_picked":["FlyingSleeves","BowlingBash"],"picked":"JustLucky","floor":4},{"not_picked":["CrushJoints","Crescendo"],"picked":"CutThroughFate","floor":5},{"not_picked":["MasterReality","Pray"],"picked":"Perseverance","floor":7},{"not_picked":["FollowUp","Protect"],"picked":"WindmillStrike","floor":10},{"not_picked":["FollowUp","Protect"],"picked":"ThirdEye","floor":11},{"not_picked":["FlyingSleeves","Evaluate"],"picked":"DevaForm","floor":13},{"not_picked":["ClearTheMind","CrushJoints"],"picked":"Tantrum","floor":14}],"player_experience":88403,"relics_obtained":[{"floor":7,"key":"Ice Cream"},{"floor":9,"key":"Pantograph"},{"floor":13,"key":"Ornamental Fan"}],"event_choices":[{"damage_healed":0,"gold_gain":0,"player_choice":"Box","damage_taken":0,"relics_obtained":["Regal Pillow"],"max_hp_gain":0,"max_hp_loss":0,"event_name":"Big Fish","floor":3,"gold_loss":0,"cards_obtained":["Regret"]}],"is_beta":false,"boss_relics":[],"items_purged_floors":[],"is_endless":false,"potions_floor_spawned":[1,2,7,11],"killed_by":"The Guardian","ascension_level":0}}