{"host":"jl3raagrljzztomj","time":1610508619,"event":{"mods":["BaseMod","BetterRewards","Colored Map","Colored Powertips","Custom Start","Hermit","Highlight Path","Minty Spire (QoL Compilation)","Permanent Neow","StSLib","SuperFastMode"],"gold_per_floor":[216,229,62,81,94,94,122,122,122,122,122,141,161,161,161,264,264,276,289,289,289,299,329,329,339,366,456,469,480,480,480],"floor_reached":30,"language":"ENG","playtime":1159,"items_purged":[],"score":254,"play_id":"ce14810a-4ff7-416c-b79f-6270d2447287","local_time":"20210112213019","is_ascension_mode":false,"campfire_choices":[{"data":"hermit:GoldenBullet","floor":6,"key":"SMITH"},{"floor":8,"key":"REST"},{"data":"hermit:GoldenBullet","floor":15,"key":"SMITH"},{"floor":24,"key":"REST"}],"circlet_count":0,"master_deck":["hermit:Strike_Hermit","hermit:Strike_Hermit","hermit:Strike_Hermit","hermit:Strike_Hermit","hermit:Defend_Hermit+1","hermit:Defend_Hermit","hermit:Defend_Hermit","hermit:Defend_Hermit","hermit:Snapshot","hermit:Covet","hermit:GoldenBullet+1","hermit:GoldenBullet+1","Finesse","Parasite","hermit:Deadeye","hermit:RoundhouseKick","hermit:WideOpen","hermit:Deadeye+1","Writhe","hermit:CursedWeapon+1","hermit:Reprieve+1","hermit:GoldenBullet","hermit:Enervate"],"relics":["hermit:Momento","Blood Vial","HornCleat","Calipers","MutagenicStrength","Matryoshka","Regal Pillow","Happy Flower","War Paint"],"acts_visited":["Exordium","TheCity"],"potions_floor_usage":[5,7,23,23,30],"damage_taken":[{"damage":1,"enemies":"Cultist","floor":1,"turns":4},{"damage":0,"enemies":"Small Slimes","floor":2,"turns":3},{"damage":5,"enemies":"2 Louse","floor":4,"turns":2},{"damage":3,"enemies":"Gremlin Gang","floor":5,"turns":5},{"damage":28,"enemies":"Gremlin Nob","floor":7,"turns":4},{"damage":4,"enemies":"3 Louse","floor":12,"turns":2},{"damage":0,"enemies":"2 Fungi Beasts","floor":13,"turns":2},{"damage":70,"enemies":"Hexaghost","floor":16,"turns":15},{"damage":10,"enemies":"2 Thieves","floor":18,"turns":3},{"damage":5,"enemies":"Shell Parasite","floor":19,"turns":3},{"damage":10,"enemies":"Centurion and Healer","floor":22,"turns":4},{"damage":37,"enemies":"Book of Stabbing","floor":23,"turns":5},{"damage":15,"enemies":"Cultist and Chosen","floor":25,"turns":6},{"damage":10,"enemies":"Sentry and Sphere","floor":28,"turns":4},{"damage":31,"enemies":"Snecko","floor":29,"turns":5},{"damage":17,"enemies":"Colosseum Slavers","floor":30,"turns":1}],"seed_played":"-2323603160433274006","potions_obtained":[{"floor":1,"key":"hermit:Tonic"},{"floor":2,"key":"PowerPotion"},{"floor":4,"key":"ColorlessPotion"},{"floor":12,"key":"LiquidBronze"},{"floor":22,"key":"hermit:Tonic"}],"is_trial":false,"path_per_floor":["M","M","$","M","M","R","E","R","T","?","?","M","M","?","R","B",null,"M","M","?","?","M","E","R","M","T","?","M","M","?"],"character_chosen":"HERMIT","items_purchased":["hermit:GoldenBullet","Finesse"],"campfire_rested":2,"item_purchase_floors":[3,3],"current_hp_per_floor":[74,74,74,69,66,66,38,60,60,42,60,58,60,75,75,5,75,65,62,62,62,54,19,56,47,47,35,35,6,0,0],"gold":480,"neow_bonus":"HUNDRED_GOLD","is_daily":false,"chose_seed":false,"campfire_upgraded":2,"win_rate":0.0,"timestamp":1610508619,"path_taken":["M","M","$","M","M","R","E","R","T","?","?","M","M","?","R","BOSS","M","?","?","?","M","E","R","M","T","?","M","?","?"],"items_purchased_type":["Card","Card"],"build_version":"2020-12-22","purchased_purges":0,"victory":false,"max_hp_per_floor":[75,75,75,75,75,75,75,75,75,75,75,75,75,75,75,75,75,75,75,75,75,75,75,75,75,75,75,75,75,75,75],"card_choices":[{"not_picked":["hermit:Headshot","hermit:EyeOfTheStorm"],"picked":"hermit:Virtue","floor":1},{"not_picked":["hermit:BodyArmor","hermit:Glare"],"picked":"hermit:GoldenBullet","floor":2},{"not_picked":["hermit:LuckOfTheDraw","hermit:Roulette","hermit:Manifest"],"picked":"SKIP","floor":4},{"not_picked":["hermit:HoleUp","hermit:BigShot","hermit:Glare"],"picked":"SKIP","floor":5},{"not_picked":["hermit:Coalescence","hermit:Manifest","hermit:EyeOfTheStorm"],"picked":"SKIP","floor":7},{"not_picked":["hermit:Snipe","hermit:Manifest"],"picked":"hermit:Deadeye","floor":12},{"not_picked":["hermit:Determination","hermit:TakeAim","hermit:TrackingShot"],"picked":"SKIP","floor":13},{"not_picked":["hermit:HeroicBravado","hermit:Purgatory"],"picked":"hermit:RoundhouseKick","floor":16},{"not_picked":["hermit:Dive+1","hermit:Maintenance"],"picked":"hermit:WideOpen","floor":18},{"not_picked":["hermit:ItchyTrigger","hermit:BodyArmor+1"],"picked":"hermit:Deadeye+1","floor":19},{"not_picked":["hermit:Cheat+1","hermit:Misfire"],"picked":"hermit:CursedWeapon+1","floor":22},{"not_picked":["hermit:TakeAim","hermit:Gestalt+1"],"picked":"hermit:Reprieve","floor":23},{"not_picked":["hermit:HoleUp","hermit:BodyArmor+1"],"picked":"hermit:GoldenBullet","floor":25},{"not_picked":["hermit:Desperado","hermit:Malice","hermit:EyeOfTheStorm"],"picked":"SKIP","floor":28},{"not_picked":["hermit:Snipe+1","hermit:Dive+1"],"picked":"hermit:Enervate","floor":29}],"player_experience":917649,"relics_obtained":[{"floor":7,"key":"Blood Vial"},{"floor":9,"key":"HornCleat"},{"floor":23,"key":"Regal Pillow"},{"floor":26,"key":"Happy Flower"},{"floor":26,"key":"War Paint"}],"event_choices":[{"damage_healed":0,"gold_gain":0,"player_choice":"Success","damage_taken":18,"relics_obtained":["Calipers"],"max_hp_gain":0,"max_hp_loss":0,"event_name":"Scrap Ooze","floor":10,"gold_loss":0},{"damage_healed":18,"gold_gain":0,"player_choice":"Healed and dodged fight","damage_taken":0,"max_hp_gain":0,"max_hp_loss":0,"event_name":"Mushrooms","floor":11,"gold_loss":0,"cards_obtained":["Parasite"]},{"cards_removed":["hermit:Virtue"],"damage_healed":15,"gold_gain":0,"player_choice":"Offered Uncommon","damage_taken":0,"max_hp_gain":0,"max_hp_loss":0,"event_name":"Bonfire Elementals","floor":14,"gold_loss":0},{"damage_healed":0,"gold_gain":0,"player_choice":"Inject Mutagens","damage_taken":0,"relics_obtained":["MutagenicStrength"],"max_hp_gain":0,"max_hp_loss":0,"event_name":"Drug Dealer","floor":20,"gold_loss":0},{"damage_healed":0,"gold_gain":0,"player_choice":"Opened","damage_taken":0,"relics_obtained":["Matryoshka"],"max_hp_gain":0,"max_hp_loss":0,"event_name":"The Mausoleum","floor":21,"gold_loss":0,"cards_obtained":["Writhe"]},{"damage_healed":0,"gold_gain":90,"player_choice":"GOLD ","damage_taken":12,"max_hp_gain":0,"max_hp_loss":0,"event_name":"Knowing Skull","floor":27,"potions_obtained":[],"gold_loss":0,"cards_obtained":[]},{"damage_healed":0,"gold_gain":0,"player_choice":"Fight","damage_taken":0,"max_hp_gain":0,"max_hp_loss":0,"event_name":"Colosseum","floor":30,"gold_loss":0}],"is_beta":false,"boss_relics":[{"not_picked":["Astrolabe","Velvet Choker","Runic Dome"]}],"items_purged_floors":[],"is_endless":false,"potions_floor_spawned":[1,2,4,12,22],"killed_by":"Colosseum Slavers","ascension_level":0}}