{"host":"ooy9sn8qgs7oliwr","time":1610537619,"event":{"mods":["ATMod(阿瑾Mod)","Act Like it!","BaseMod","BetterRewards","Minty Spire (QoL Compilation)","Pale of the Ancients","Prisma Mod","Remilia_Scarlet Moed（蕾米莉亚・斯卡雷特）3.3.5","Replay The Spire","RumiaBox-露米娅的神秘盒子","StSLib","The Alterego","The Jungle","Yakumo Yukari mod","【遗物卡牌】REMEMod"],"gold_per_floor":[111,129,129,79,79,79,154,185,185,199,234,234,36,47,47,152,152,170,187,216,227,227,227,253,253,253,253,253,282,138,149,149,247,247,258,278,58,58,58],"floor_reached":38,"language":"ZHS","playtime":1710,"items_purged":["Strike_R"],"score":570,"play_id":"fae0f5b2-b707-4fbd-a0f6-673b1eca0def","local_time":"20210113193339","is_ascension_mode":false,"campfire_choices":[{"data":"AT_EmpoweredMortalDraw","floor":6.0,"key":"SMITH"},{"floor":12.0,"key":"REST"},{"data":"WeaponsOverheat","floor":15.0,"key":"SMITH"},{"data":"ReplayTheSpireMod:Corrosion Curse","floor":23,"key":"SMITH"},{"data":"AT_Dispersion","floor":25,"key":"SMITH"},{"floor":27,"key":"REST"},{"floor":32,"key":"DIG"}],"circlet_count":0,"master_deck":["Strike_R","Strike_R","Defend_R","Defend_R+1","Bash","AT_EmpoweredMortalDraw+1","Whirlwind","Self Repair+1","Strike_R","ReplayTheSpireMod:Corrosion Curse+1","WeaponsOverheat+1","Demonic Infusion","AT_DrawKnifeCut+1","Pommel Strike+1","Brutality","Eclipse+1","AT_Dispersion+1","Replay:Many Hands"],"relics":["AT_ATBox","REME_ComplimentaryCards","Iron Core","Mummified Hand","Chameleon Ring","Letter Opener","AT_ForceNature","AT_SunfireAegis","SacredBark","Red Mask","War Paint","ZombieArmy","alterego_mod:SomeoneToFightFor","Counterbalance","AT_RedTearstoneRing","Self Forming Clay","Busted Crown","Ccalipers"],"acts_visited":["Exordium","TheCity","TheBeyond"],"potions_floor_usage":[24,38,38,38],"damage_taken":[{"damage":1.0,"enemies":"Cultist","floor":1.0,"turns":3.0},{"damage":0.0,"enemies":"2 Louse","floor":2.0,"turns":1.0},{"damage":17.0,"enemies":"Gremlin Nob","floor":8.0,"turns":4.0},{"damage":1.0,"enemies":"Jaw Worm","floor":10.0,"turns":2.0},{"damage":42.0,"enemies":"Lagavulin","floor":11.0,"turns":6.0},{"damage":6.0,"enemies":"3 Louse","floor":14.0,"turns":2.0},{"damage":35.0,"enemies":"Slime Boss","floor":16.0,"turns":7.0},{"damage":18.0,"enemies":"Shell Parasite","floor":18.0,"turns":3.0},{"damage":10,"enemies":"2 Thieves","floor":19,"turns":2},{"damage":6,"enemies":"Masked Bandits","floor":20,"turns":3},{"damage":18,"enemies":"Centurion and Healer","floor":21,"turns":3},{"damage":27,"enemies":"Gremlin Leader","floor":24,"turns":5},{"damage":13,"enemies":"Replay:Snechameleon","floor":29,"turns":4},{"damage":0,"enemies":"Sentry and Sphere","floor":31,"turns":2},{"damage":12,"enemies":"Pondfish","floor":33,"turns":6},{"damage":11,"enemies":"3 Shapes","floor":35,"turns":2},{"damage":17,"enemies":"Orb Walker","floor":36,"turns":4},{"damage":77,"enemies":"Remilia_Smww","floor":38,"turns":6}],"seed_played":"-338824804600828730","potions_obtained":[{"floor":8.0,"key":"Ancient Potion"},{"floor":14.0,"key":"Block Potion"},{"floor":16.0,"key":"Block Potion"},{"floor":18.0,"key":"Explosive Potion"},{"floor":33,"key":"Adrenaline Potion"},{"floor":36,"key":"Languid Potion"}],"is_trial":false,"path_per_floor":["M","M","?","?","T","R","?","E","T","M","E","R","$","M","R","B",null,"M","M","?","M","?","R","E","R","T","R","?","E","$","M","R","B",null,"M","M","$","?"],"character_chosen":"IRONCLAD","items_purchased":["AT_SunfireAegis","WeaponsOverheat","AT_RedTearstoneRing","Ccalipers"],"campfire_rested":2,"item_purchase_floors":[13,13,30,37],"current_hp_per_floor":[61,67,67,67,67,67,56,49,49,58,26,50,50,44,44,19,80,72,62,66,58,58,58,31,31,31,55,55,52,52,52,52,50,80,79,72,72,0,0],"gold":58,"neow_bonus":"REMOVE_TWO","is_daily":false,"chose_seed":false,"campfire_upgraded":4,"win_rate":0.0,"timestamp":1610537619,"path_taken":["M","M","?","?","?","R","?","E","T","M","E","R","$","M","R","BOSS","M","M","?","M","?","R","E","R","T","R","?","E","?","M","R","BOSS","M","M","$","?"],"items_purchased_type":["Relic","Card","Relic","Relic"],"build_version":"2020-12-22","purchased_purges":1,"victory":false,"max_hp_per_floor":[80,80,80,80,80,80,80,80,80,80,80,80,80,80,80,80,80,80,80,80,80,80,80,80,80,80,80,80,80,80,80,80,80,80,80,80,80,80,80],"card_choices":[{"not_picked":["Headbutt","Iron Wave","Flame Barrier"],"picked":"SKIP","floor":1.0},{"not_picked":["Iron Wave","AT_BodySlamDance"],"picked":"Whirlwind","floor":2.0},{"not_picked":["Gash","Twin Strike"],"picked":"ReplayTheSpireMod:Corrosion Curse","floor":8.0},{"not_picked":["Flex","Cold Snap","Barricade"],"picked":"SKIP","floor":10.0},{"not_picked":["AT_IchimonjiDouble","Run Through","Pummel"],"picked":"SKIP","floor":11.0},{"not_picked":["Beam Cell","Headbutt","Abandon"],"picked":"SKIP","floor":14.0},{"not_picked":["Bludgeon","Feed"],"picked":"Demonic Infusion","floor":16.0},{"not_picked":["Shrug It Off","Evolve"],"picked":"AT_DrawKnifeCut+1","floor":18.0},{"not_picked":["Iron Wave","Clothesline+1","Wild Strike"],"picked":"SKIP","floor":19},{"not_picked":["Fire Breathing","Scorching Beam"],"picked":"Pommel Strike+1","floor":20},{"not_picked":["AT_ManFootWork","Rebound","Gash"],"picked":"SKIP","floor":21},{"not_picked":["Beam Cell","Cold Snap"],"picked":"AT_Dispersion","floor":24},{"not_picked":["Twin Strike","Anger","ReplayTheSpireMod:Muscle Training+1"],"picked":"SKIP","floor":29},{"not_picked":["Turbo+1","Armaments","Run Through"],"picked":"SKIP","floor":31},{"not_picked":["Brutality","Eclipse"],"picked":"Replay:Many Hands","floor":33},{"not_picked":["Body Slam+1"],"picked":"SKIP","floor":35},{"not_picked":["ReplayReversal+1"],"picked":"SKIP","floor":36}],"player_experience":13272,"relics_obtained":[{"floor":5.0,"key":"Mummified Hand"},{"floor":8.0,"key":"Chameleon Ring"},{"floor":9.0,"key":"Letter Opener"},{"floor":11.0,"key":"AT_ForceNature"},{"floor":20,"key":"Red Mask"},{"floor":24,"key":"War Paint"},{"floor":26,"key":"ZombieArmy"},{"floor":29,"key":"Counterbalance"},{"floor":32,"key":"Self Forming Clay"}],"event_choices":[{"damage_healed":0.0,"max_hp_gain":0.0,"max_hp_loss":0.0,"gold_gain":75.0,"event_name":"World of Goop","player_choice":"Gather Gold","floor":7.0,"gold_loss":0.0,"damage_taken":11.0},{"damage_healed":0,"gold_gain":0,"player_choice":"Fought Bandits","damage_taken":0,"max_hp_gain":0,"max_hp_loss":0,"event_name":"Masked Bandits","floor":20,"gold_loss":0},{"damage_healed":0,"gold_gain":0,"cards_transformed":["Strike_R","Defend_R"],"player_choice":"Became Test Subject","damage_taken":0,"max_hp_gain":0,"max_hp_loss":0,"event_name":"Drug Dealer","floor":22,"gold_loss":0,"cards_obtained":["Brutality","Eclipse"]},{"damage_healed":0,"gold_gain":0,"player_choice":"Choice 2","damage_taken":0,"relics_obtained":["alterego_mod:SomeoneToFightFor"],"max_hp_gain":0,"max_hp_loss":0,"event_name":"爱的神圣花园","floor":28,"gold_loss":0}],"is_beta":false,"boss_relics":[{"not_picked":["Empty Cage","Kintsugi"],"picked":"SacredBark"},{"not_picked":["Replay:Bronze Core","Electric Blood"],"picked":"Busted Crown"}],"items_purged_floors":[37],"is_endless":false,"potions_floor_spawned":[8,14,16,18,33,36],"killed_by":"Remilia_Smww","ascension_level":0}}