{"host":"bydnmyvf669xu6ab","time":1610499196,"event":{"mods":["BaseMod","BetterRewards","Colored Map","Infinite Spire","Minty Spire (QoL Compilation)","Poor People Problems","Rare Cards Sparkle","Relic Stats","Shop Mod","Spikes Relics","StSLib","SuperFastMode"],"gold_per_floor":[112,124,124,136,136,136,168,168,217,252,266,266,295,297,297,395,395,411,431,431,447,480,507,316,339,366,398,419,453,461,471,471,578,578,591,629,629],"floor_reached":36,"playtime":2705,"items_purged":[],"score":647,"play_id":"463f0730-4114-43af-a91e-0183b940ca7b","local_time":"20210112165316","is_ascension_mode":true,"campfire_choices":[{"data":"Whirlwind","floor":6,"key":"SMITH"},{"data":"infinitespire:OneForAll","floor":8,"key":"SMITH"},{"floor":12,"key":"REST"},{"data":"infinitespire:FinalStrike","floor":15,"key":"SMITH"},{"data":"Armaments","floor":32,"key":"SMITH"}],"circlet_count":0,"master_deck":["Strike_R+1","Strike_R","Strike_R","Strike_R","Strike_R","Defend_R","Defend_R","Defend_R","Defend_R","Bash","Metallicize","infinitespire:OneForAll+1","Bandage Up","Flex","Pommel Strike+1","Whirlwind+1","Pommel Strike","Ghostly Armor","Shrug It Off","Cleave","Rage","Headbutt","infinitespire:FinalStrike+1","Exhume","Pommel Strike","Armaments","Metallicize","Fire Breathing+1","infinitespire:OneForAll","Metallicize","Armaments+1","Double Tap","True Grit","Reaper","Body Slam"],"relics":["Burning Blood","Kunai","PreservedInsect","Toy Ornithopter","InkBottle","Regal Pillow","Bag of Preparation","Art of War","infinitespire:Lucky Rock","infinitespire:WardingShard","infinitespire:Midas Blood","Velvet Choker","Red Mask","Happy Flower","Potion Belt","MealTicket","RollingBoulder","infinitespire:BottledMercury","Nilry\u0027s Codex","Sandwich"],"acts_visited":["Exordium","TheCity","TheBeyond"],"potions_floor_usage":[16,16,19,22,22,23],"damage_taken":[{"damage":5,"enemies":"Jaw Worm","floor":1,"turns":4},{"damage":6,"enemies":"2 Louse","floor":2,"turns":3},{"damage":0,"enemies":"Small Slimes","floor":4,"turns":2},{"damage":9,"enemies":"3 Sentries","floor":7,"turns":2},{"damage":18,"enemies":"Gremlin Nob","floor":10,"turns":4},{"damage":7,"enemies":"Blue Slaver","floor":11,"turns":2},{"damage":9,"enemies":"3 Sentries","floor":13,"turns":4},{"damage":3,"enemies":"Hexaghost","floor":16,"turns":4},{"damage":0,"enemies":"Chosen","floor":18,"turns":2},{"damage":0,"enemies":"Shell Parasite","floor":19,"turns":2},{"damage":13,"enemies":"Centurion and Healer","floor":21,"turns":3},{"damage":0,"enemies":"Masked Bandits","floor":22,"turns":1},{"damage":8,"enemies":"Gremlin Leader","floor":23,"turns":3},{"damage":11,"enemies":"Snake Plant","floor":25,"turns":3},{"damage":19,"enemies":"Slavers","floor":27,"turns":3},{"damage":1,"enemies":"Shelled Parasite and Fungi","floor":28,"turns":2},{"damage":12,"enemies":"Book of Stabbing","floor":29,"turns":4},{"damage":0,"enemies":"Chosen and Byrds","floor":31,"turns":3},{"damage":18,"enemies":"Automaton","floor":33,"turns":10},{"damage":4,"enemies":"3 Darklings","floor":35,"turns":5},{"damage":21,"enemies":"infinitespire:Three Voidlings","floor":36,"turns":3},{"damage":84,"enemies":"Nightmare_Alpha","floor":36,"turns":5}],"seed_played":"3813358402553713742","potions_obtained":[{"floor":1,"key":"DistilledChaos"},{"floor":7,"key":"ColorlessPotion"},{"floor":10,"key":"DistilledChaos"},{"floor":16,"key":"Explosive Potion"},{"floor":18,"key":"Fruit Juice"},{"floor":21,"key":"Block Potion"},{"floor":23,"key":"Regen Potion"},{"floor":33,"key":"AttackPotion"}],"is_trial":false,"path_per_floor":["M","M","?","M","$","R","E","R","T","E","M","R","E","?","R","B",null,"M","M","?","M","?","E","$","M","T","E","M","E","?","M","R","B",null,"M","?"],"character_chosen":"IRONCLAD","items_purchased":["Kunai","PreservedInsect","Metallicize","infinitespire:OneForAll","Bandage Up","Toy Ornithopter","InkBottle","Flex","Pommel Strike","Regal Pillow","Bag of Preparation","Metallicize","Potion Belt"],"campfire_rested":1,"item_purchase_floors":[0,0,0,0,0,0,0,0,0,0,0,24,24],"current_hp_per_floor":[37,41,25,35,35,35,36,36,36,28,27,66,67,48,48,65,80,80,85,85,82,85,83,83,78,78,69,78,78,62,76,76,72,85,85,0,0],"gold":629,"neow_bonus":"","is_daily":false,"chose_seed":false,"campfire_upgraded":4,"win_rate":0.0,"timestamp":1610499196,"path_taken":["M","M","?","M","$","R","E","R","T","E","M","R","E","?","R","BOSS","M","M","?","M","?","E","$","M","T","E","M","E","?","M","R","BOSS","M","?"],"items_purchased_type":["Relic","Relic","Card","Card","Card","Relic","Relic","Card","Card","Relic","Relic","Card","Relic"],"build_version":"2020-12-22","purchased_purges":0,"victory":false,"max_hp_per_floor":[80,80,80,80,80,80,80,80,80,80,80,80,80,80,80,80,80,80,85,85,85,85,85,85,85,85,85,85,85,85,85,85,85,85,85,85,85],"relic_stats":{"Regal Pillow":15,"Happy Flower":[12],"counters":[105,414],"MealTicket":15,"PreservedInsect":320,"Bag of Preparation":[44],"Art of War":[1],"Kunai":[20],"obtain_stats":[{"infinitespire:BottledMercury":29,"Nilry\u0027s Codex":30,"Ginger":10,"Boot":54,"Sozu":17,"HornCleat":26,"DollysMirror":28,"Strawberry":31,"MealTicket":41,"infinitespire:Golems Mask":25,"Fusion Hammer":17,"Kunai":0,"Toxic Egg 2":0,"LugNut":2,"MerchantsRug":8,"Happy Flower":23,"Dead Branch":0,"Blue Candle":41,"Velvet Choker":17,"Pen Nib":8,"Letter Opener":0,"War Paint":0,"Shuriken":19,"infinitespire:Lychee Nut":26,"Bird Faced Urn":23,"Bronze Scales":22,"Molten Egg 2":0,"Mark of Pain":17,"infinitespire:PuzzleCube":26,"Darkstone Periapt":11,"SnailShell":43,"Regal Pillow":0,"Black Blood":34,"BrokenLever":12,"Incense Burner":38,"Bag of Preparation":0,"HeavenlyBonsai":24,"PrismaticShard":0,"Cursed Key":34,"Burning Blood":0,"ClockworkSouvenir":20,"HailfireSword":17,"Matryoshka":0,"Gambling Chip":40,"Pantograph":0,"RollingBoulder":13,"Red Mask":42,"Chemical X":0,"InkBottle":0,"Paper Frog":42,"Potion Belt":38,"Thread and Needle":39,"infinitespire:Joker Card":8,"infinitespire:FocusingShard":43,"PreservedInsect":0,"Omamori":12,"infinitespire:CheckeredPen":9,"infinitespire:Lucky Rock":9,"Sandwich":34,"Busted Crown":34,"infinitespire:WardingShard":46,"infinitespire:Satchel":44,"SpikesRelics:DaevaFist":7,"Art of War":11,"GolemAmulet":46,"Membership Card":0,"Toy Ornithopter":23,"infinitespire:Midas Blood":13},{"infinitespire:BottledMercury":100,"Nilry\u0027s Codex":100,"Ginger":31,"Boot":82,"Sozu":68,"HornCleat":71,"DollysMirror":50,"Strawberry":52,"MealTicket":57,"infinitespire:Golems Mask":71,"Fusion Hammer":9,"Kunai":83,"Toxic Egg 2":0,"LugNut":28,"MerchantsRug":5,"Happy Flower":96,"Dead Branch":0,"Blue Candle":77,"Velvet Choker":91,"Pen Nib":5,"Letter Opener":27,"War Paint":0,"Shuriken":10,"infinitespire:Lychee Nut":15,"Bird Faced Urn":13,"Bronze Scales":69,"Molten Egg 2":61,"Mark of Pain":46,"infinitespire:PuzzleCube":49,"Darkstone Periapt":31,"SnailShell":25,"Regal Pillow":83,"Black Blood":19,"BrokenLever":65,"Incense Burner":56,"Bag of Preparation":83,"HeavenlyBonsai":37,"PrismaticShard":27,"Cursed Key":53,"Burning Blood":0,"ClockworkSouvenir":35,"HailfireSword":33,"Matryoshka":61,"Gambling Chip":23,"Pantograph":27,"RollingBoulder":66,"Red Mask":77,"Chemical X":61,"InkBottle":83,"Paper Frog":57,"Potion Belt":21,"Thread and Needle":56,"infinitespire:Joker Card":42,"infinitespire:FocusingShard":77,"PreservedInsect":83,"Omamori":6,"infinitespire:CheckeredPen":30,"infinitespire:Lucky Rock":87,"Sandwich":102,"Busted Crown":73,"infinitespire:WardingShard":26,"infinitespire:Satchel":78,"SpikesRelics:DaevaFist":42,"Art of War":44,"GolemAmulet":79,"Membership Card":0,"Toy Ornithopter":70,"infinitespire:Midas Blood":90},{"infinitespire:BottledMercury":388,"Nilry\u0027s Codex":388,"Ginger":129,"Boot":332,"Sozu":289,"HornCleat":296,"DollysMirror":215,"Strawberry":223,"MealTicket":249,"infinitespire:Golems Mask":296,"Fusion Hammer":34,"Kunai":340,"Toxic Egg 2":0,"LugNut":114,"MerchantsRug":17,"Happy Flower":376,"Dead Branch":0,"Blue Candle":313,"Velvet Choker":365,"Pen Nib":17,"Letter Opener":111,"War Paint":0,"Shuriken":36,"infinitespire:Lychee Nut":54,"Bird Faced Urn":48,"Bronze Scales":290,"Molten Egg 2":268,"Mark of Pain":199,"infinitespire:PuzzleCube":210,"Darkstone Periapt":129,"SnailShell":102,"Regal Pillow":340,"Black Blood":75,"BrokenLever":278,"Incense Burner":242,"Bag of Preparation":340,"HeavenlyBonsai":154,"PrismaticShard":111,"Cursed Key":231,"Burning Blood":0,"ClockworkSouvenir":146,"HailfireSword":139,"Matryoshka":268,"Gambling Chip":93,"Pantograph":111,"RollingBoulder":281,"Red Mask":313,"Chemical X":268,"InkBottle":340,"Paper Frog":249,"Potion Belt":84,"Thread and Needle":242,"infinitespire:Joker Card":180,"infinitespire:FocusingShard":313,"PreservedInsect":340,"Omamori":21,"infinitespire:CheckeredPen":123,"infinitespire:Lucky Rock":351,"Sandwich":401,"Busted Crown":304,"infinitespire:WardingShard":107,"infinitespire:Satchel":318,"SpikesRelics:DaevaFist":180,"Art of War":188,"GolemAmulet":321,"Membership Card":0,"Toy Ornithopter":294,"infinitespire:Midas Blood":361}],"Burning Blood":562,"Toy Ornithopter":21,"InkBottle":[24]},"card_choices":[{"not_picked":["Rampage","Uppercut"],"picked":"Whirlwind","floor":1},{"not_picked":["Disarm","Clash"],"picked":"Pommel Strike","floor":2},{"not_picked":["Sever Soul","Clash"],"picked":"Ghostly Armor","floor":4},{"not_picked":["Sentinel","Clash"],"picked":"Shrug It Off","floor":7},{"not_picked":["Thunderclap","Double Tap"],"picked":"Cleave","floor":10},{"not_picked":["Blood for Blood","Cleave"],"picked":"Rage","floor":11},{"not_picked":["Offering","Cleave"],"picked":"Headbutt","floor":13},{"not_picked":["infinitespire:UltimateForm","infinitespire:SevenWalls"],"picked":"infinitespire:FinalStrike","floor":14},{"not_picked":["Offering","Impervious"],"picked":"Exhume","floor":16},{"not_picked":["Thunderclap","Sever Soul"],"picked":"Pommel Strike","floor":18},{"not_picked":["Thunderclap","Twin Strike"],"picked":"Armaments","floor":19},{"not_picked":["Cleave","Twin Strike"],"picked":"Metallicize","floor":21},{"not_picked":["Shrug It Off+1","Havoc"],"picked":"Fire Breathing+1","floor":22},{"not_picked":["Heavy Blade+1","Ghostly Armor"],"picked":"infinitespire:OneForAll","floor":23},{"not_picked":["Sentinel","Second Wind","Whirlwind+1"],"picked":"SKIP","floor":25},{"not_picked":["Shockwave","True Grit"],"picked":"Armaments","floor":27},{"not_picked":["Dual Wield","Flex"],"picked":"Double Tap","floor":28},{"not_picked":["Wild Strike","Corruption","Twin Strike"],"picked":"SKIP","floor":29},{"not_picked":["Sentinel","infinitespire:OneForAll"],"picked":"True Grit","floor":31},{"not_picked":["Feed","Immolate"],"picked":"Reaper","floor":33},{"not_picked":["Anger","Blood for Blood"],"picked":"Body Slam","floor":35}],"player_experience":2219695,"relics_obtained":[{"floor":7,"key":"Art of War"},{"floor":9,"key":"infinitespire:Lucky Rock"},{"floor":10,"key":"infinitespire:WardingShard"},{"floor":13,"key":"infinitespire:Midas Blood"},{"floor":22,"key":"Red Mask"},{"floor":23,"key":"Happy Flower"},{"floor":26,"key":"MealTicket"},{"floor":27,"key":"RollingBoulder"},{"floor":29,"key":"infinitespire:BottledMercury"},{"floor":30,"key":"Nilry\u0027s Codex"}],"event_choices":[{"damage_healed":0,"gold_gain":0,"player_choice":"Entered Light","damage_taken":16,"max_hp_gain":0,"max_hp_loss":0,"event_name":"Shining Light","floor":3,"gold_loss":0,"cards_upgraded":["Pommel Strike","Strike_R"]},{"damage_healed":0,"gold_gain":0,"player_choice":"Ignored","damage_taken":0,"max_hp_gain":0,"max_hp_loss":0,"event_name":"Vampires","floor":20,"gold_loss":0},{"damage_healed":0,"gold_gain":0,"player_choice":"Fought Bandits","damage_taken":0,"max_hp_gain":0,"max_hp_loss":0,"event_name":"Masked Bandits","floor":22,"gold_loss":0},{"damage_healed":0,"gold_gain":0,"player_choice":"Obtained Book","damage_taken":16,"max_hp_gain":0,"max_hp_loss":0,"event_name":"Cursed Tome","floor":30,"gold_loss":0}],"is_beta":false,"boss_relics":[{"not_picked":["Black Star","infinitespire:Burning Sword"],"picked":"Velvet Choker"},{"not_picked":["Snecko Eye","Empty Cage"],"picked":"Sandwich"}],"items_purged_floors":[],"is_endless":false,"potions_floor_spawned":[1,7,10,16,18,21,23,33,36],"killed_by":"Nightmare_Alpha","ascension_level":1}}