{"host":"ormi09wwzv7sq47a","time":1610509749,"event":{"mods":["2.2 Compatiblity","AchievementEnabler","Act Like it!","BaseMod","Bestiary","Better Altar","Better Note","Better Sensory Stone","Better Silent Start","Better Skull","Better Third Choice","Better Vampires","BetterRewards","Block Reminder","Card Forge","Colored Map","Colored Powertips","Curses Come First","DeckTracker","Downfall","Highlight Path","Minty Spire (QoL Compilation)","Permanent Neow","Quick Restart","Rare Cards Sparkle","Relic Stats","Shop Mod","StSLib","The Jungle"],"gold_per_floor":[113,126,33,51,51,77,27,44,44,44,54,54,67,67,17,106,106,131,131,6,6,26,26,26,26,50,0,50,68,98,114,64,138,138,157,169,189,189,32,32,60,74,74,86,36,54,4,4,4,4],"floor_reached":48,"language":"ENG","playtime":2041,"items_purged":["Slimebound:Tackle","Slimebound:Strike_Slimebound","Slimebound:Strike_Slimebound"],"score":1339,"play_id":"ade07c84-5856-45e7-99b4-61f28ccd50ff","local_time":"20210113014909","is_ascension_mode":true,"campfire_choices":[{"data":"Slimebound:Split","floor":7.0,"key":"SMITH"},{"data":"Slimebound:MegaLick","floor":10.0,"key":"SMITH"},{"data":"Slimebound:GoopSpray","floor":15.0,"key":"SMITH"},{"data":"Slimebound:MassFeed","floor":23.0,"key":"SMITH"},{"data":"Slimebound:DouseInSlime","floor":25.0,"key":"SMITH"},{"data":"Slimebound:LeechEnergy","floor":27.0,"key":"SMITH"},{"data":"Slimebound:CorrosiveSpit","floor":32.0,"key":"SMITH"},{"data":"Slimebound:Darklings","floor":40,"key":"SMITH"},{"floor":45,"key":"RECALL"},{"data":"Slimebound:FormOfPuddle","floor":47,"key":"SMITH"}],"circlet_count":0,"master_deck":["AscendersBane","Slimebound:Split+1","Slimebound:CorrosiveSpit+1","Slimebound:LeechingTouch+1","Slimebound:FormOfPuddle+1","Slimebound:MegaLick+1","Slimebound:SlimeSpikes","Slimebound:DouseInSlime+1","Slimebound:LeechEnergy+1","Slimebound:GoopSpray+1","Slimebound:MassFeed+1","Slimebound:LivingWall","Slimebound:OozeBath","Slimebound:TongueLash+1","Slimebound:RainOfGoop","Slimebound:LevelUp","Slimebound:BestDefense","Slimebound:Darklings+1","Slimebound:HauntingLick+1","Slimebound:Replication+1","Slimebound:Recollect"],"relics":["Slimebound:AbsorbEndCombat","Hammer of Thor","Seething Fire","Anvil of the Gods","Incense Burner","Shovel","Calipers","Orichalcum","Slimebound:GreedOozeRelic","Pear","Bag of Marbles","Bloody Idol","SlaversCollar","Omamori","Darkstone Periapt","Pandora\u0027s Box","Whetstone","Du-Vu Doll"],"acts_visited":["Exordium","TheCity","TheBeyond"],"potions_floor_usage":[36,41,44],"damage_taken":[{"damage":4.0,"enemies":"Cultist","floor":1.0,"turns":4.0},{"damage":9.0,"enemies":"Jaw Worm","floor":2.0,"turns":5.0},{"damage":4.0,"enemies":"Small Slimes","floor":4.0,"turns":4.0},{"damage":26.0,"enemies":"Gremlin Nob","floor":6.0,"turns":4.0},{"damage":4.0,"enemies":"2 Fungi Beasts","floor":8.0,"turns":4.0},{"damage":17.0,"enemies":"Exordium Thugs","floor":11.0,"turns":5.0},{"damage":8.0,"enemies":"Blue Slaver","floor":13.0,"turns":1.0},{"damage":4.0,"enemies":"Hexaghost","floor":16.0,"turns":8.0},{"damage":14.0,"enemies":"Shell Parasite","floor":18.0,"turns":6.0},{"damage":21.0,"enemies":"Chosen","floor":22.0,"turns":5.0},{"damage":8.0,"enemies":"Centurion and Healer","floor":29.0,"turns":5.0},{"damage":31.0,"enemies":"Book of Stabbing","floor":30.0,"turns":7.0},{"damage":2.0,"enemies":"Snecko","floor":31.0,"turns":4.0},{"damage":23.0,"enemies":"Collector","floor":33.0,"turns":9.0},{"damage":13,"enemies":"3 Shapes","floor":35,"turns":6},{"damage":8,"enemies":"3 Darklings","floor":36,"turns":4},{"damage":50,"enemies":"Jaw Worm Horde","floor":37,"turns":5},{"damage":45,"enemies":"Reptomancer","floor":41,"turns":7},{"damage":50,"enemies":"Spire Growth","floor":42,"turns":6},{"damage":37,"enemies":"4 Shapes","floor":44,"turns":6},{"damage":14,"enemies":"Jaw Worm Horde","floor":46,"turns":4},{"damage":72,"enemies":"Spire Growth","floor":48,"turns":3}],"seed_played":"-7386634893676086782","potions_obtained":[{"floor":4.0,"key":"Fire Potion"},{"floor":8.0,"key":"LiquidBronze"},{"floor":11.0,"key":"DistilledChaos"},{"floor":12.0,"key":"DistilledChaos"},{"floor":29.0,"key":"Energy Potion"},{"floor":30.0,"key":"Explosive Potion"},{"floor":33.0,"key":"LiquidMemories"},{"floor":37,"key":"SkillPotion"},{"floor":42,"key":"LiquidMemories"}],"is_trial":false,"path_per_floor":["M","M","?","M","?","E","R","M","T","R","M","?","M","?","R","B",null,"M","?","$","?","M","R","$","R","T","R","?","M","E","M","R","B",null,"M","M","M","?","$","R","E","M","T","M","R","M","R","M"],"character_chosen":"SLIMEBOUND","items_purchased":["Incense Burner","Slimebound:LeechingTouch","Whetstone"],"campfire_rested":0,"item_purchase_floors":[0,0,39],"current_hp_per_floor":[49,51,51,54,54,46,46,54,54,54,49,49,53,31,31,49,60,61,61,61,60,56,56,56,56,61,61,66,71,59,71,71,75,75,75,75,46,46,46,46,48,29,29,23,23,34,34,0,0,0],"gold":4,"neow_bonus":"","is_daily":false,"chose_seed":false,"campfire_upgraded":9,"win_rate":0.0,"timestamp":1610509749,"path_taken":["M","?","?","?","?","E","R","M","T","R","M","?","?","?","R","BOSS","M","?","?","?","M","R","$","R","T","R","?","M","E","?","R","BOSS","M","M","M","?","?","R","E","M","T","M","R","M","R","M"],"items_purchased_type":["Relic","Card","Relic"],"build_version":"2020-12-22","purchased_purges":3,"victory":false,"max_hp_per_floor":[54,54,54,54,54,64,64,64,64,64,64,64,64,64,64,64,64,67,67,67,67,67,67,67,67,67,67,67,71,71,71,71,75,75,75,75,75,75,75,75,75,75,75,75,75,79,79,79,79,79],"relic_stats":{"Darkstone Periapt":0,"Shovel":0,"counters":[146,656],"Bloody Idol":48,"Pandora\u0027s Box":["Slimebound:TongueLash","Slimebound:RainOfGoop","Slimebound:LevelUp","Slimebound:BestDefense"],"Whetstone":["Slimebound:TongueLash","Slimebound:LeechingTouch"],"Orichalcum":[234],"obtain_stats":[{"Calipers":8,"Gremlin Horn":6,"Vajra":48,"Hammer of Thor":0,"Whetstone":23,"Boot":28,"Old Coin":10,"Sozu":17,"Blood Vial":41,"Lizard Tail":0,"Centennial Puzzle":26,"Sundial":45,"Strawberry":9,"Philosopher\u0027s Stone":34,"Prayer Wheel":36,"MealTicket":43,"Kunai":38,"Toxic Egg 2":11,"Slimebound:AggressiveSlimeRelic":38,"MerchantsRug":38,"Pear":20,"Blue Candle":10,"Astrolabe":17,"Oddly Smooth Stone":27,"Eternal Feather":6,"Letter Opener":0,"War Paint":4,"Akabeko":9,"Du-Vu Doll":41,"SlaversCollar":17,"Anvil of the Gods":0,"Bronze Scales":47,"Bird Faced Urn":54,"Molten Egg 2":26,"Pandora\u0027s Box":34,"StrikeDummy":25,"Unceasing Top":0,"Slimebound:SlimedTailRelic":30,"Meat on the Bone":48,"Darkstone Periapt":30,"Regal Pillow":0,"Lantern":3,"Torii":31,"SacredBark":34,"StoneCalendar":24,"Incense Burner":0,"Bag of Preparation":37,"Empty Cage":17,"Ancient Tea Set":10,"ClockworkSouvenir":38,"Nunchaku":12,"Matryoshka":26,"TheAbacus":47,"Slimebound:MaxSlimesRelic":9,"Shovel":0,"Mummified Hand":17,"Gambling Chip":12,"Toolbox":53,"Tiny Chest":17,"WingedGreaves":0,"InkBottle":11,"Golden Idol":3,"Omamori":26,"Seething Fire":0,"Odd Mushroom":14,"Orichalcum":47,"Frozen Egg 2":28,"Medical Kit":0,"White Beast Statue":8,"Mercury Hourglass":54,"Peace Pipe":22,"Slimebound:GreedOozeRelic":7,"Calling Bell":17,"CaptainsWheel":0,"Ornamental Fan":9,"Bloody Idol":21,"Turnip":42,"Slimebound:AbsorbEndCombat":0,"Bag of Marbles":3,"Coffee Dripper":34,"Art of War":47,"Membership Card":0,"Bottled Lightning":41,"hexamod:BolsterEngine":26,"FossilizedHelix":0,"Toy Ornithopter":11},{"Calipers":77,"Gremlin Horn":76,"Vajra":41,"Hammer of Thor":0,"Whetstone":30,"Boot":85,"Old Coin":23,"Sozu":10,"Blood Vial":39,"Lizard Tail":73,"Centennial Puzzle":84,"Sundial":119,"Strawberry":101,"Philosopher\u0027s Stone":35,"Prayer Wheel":37,"MealTicket":39,"Kunai":38,"Toxic Egg 2":23,"Slimebound:AggressiveSlimeRelic":38,"MerchantsRug":38,"Pear":12,"Blue Candle":50,"Astrolabe":53,"Oddly Smooth Stone":32,"Eternal Feather":4,"Letter Opener":18,"War Paint":2,"Akabeko":5,"Du-Vu Doll":142,"SlaversCollar":132,"Anvil of the Gods":0,"Bronze Scales":69,"Bird Faced Urn":72,"Molten Egg 2":15,"Pandora\u0027s Box":138,"StrikeDummy":31,"Unceasing Top":18,"Slimebound:SlimedTailRelic":111,"Meat on the Bone":41,"Darkstone Periapt":136,"Regal Pillow":18,"Lantern":20,"Torii":111,"SacredBark":88,"StoneCalendar":57,"Incense Burner":0,"Bag of Preparation":90,"Empty Cage":26,"Ancient Tea Set":78,"ClockworkSouvenir":38,"Nunchaku":51,"Matryoshka":31,"TheAbacus":41,"Slimebound:MaxSlimesRelic":77,"Shovel":124,"Mummified Hand":105,"Gambling Chip":24,"Toolbox":97,"Tiny Chest":105,"WingedGreaves":99,"InkBottle":6,"Golden Idol":2,"Omamori":134,"Seething Fire":0,"Odd Mushroom":9,"Orichalcum":95,"Frozen Egg 2":110,"Medical Kit":0,"White Beast Statue":5,"Mercury Hourglass":123,"Peace Pipe":83,"Slimebound:GreedOozeRelic":101,"Calling Bell":105,"CaptainsWheel":73,"Ornamental Fan":22,"Bloody Idol":133,"Turnip":67,"Slimebound:AbsorbEndCombat":0,"Bag of Marbles":46,"Coffee Dripper":61,"Art of War":95,"Membership Card":18,"Bottled Lightning":66,"hexamod:BolsterEngine":57,"FossilizedHelix":44,"Toy Ornithopter":102},{"Calipers":335,"Gremlin Horn":328,"Vajra":139,"Hammer of Thor":0,"Whetstone":105,"Boot":374,"Old Coin":85,"Sozu":45,"Blood Vial":132,"Lizard Tail":319,"Centennial Puzzle":370,"Sundial":524,"Strawberry":447,"Philosopher\u0027s Stone":121,"Prayer Wheel":127,"MealTicket":132,"Kunai":129,"Toxic Egg 2":85,"Slimebound:AggressiveSlimeRelic":129,"MerchantsRug":129,"Pear":52,"Blue Candle":181,"Astrolabe":198,"Oddly Smooth Stone":110,"Eternal Feather":13,"Letter Opener":73,"War Paint":6,"Akabeko":19,"Du-Vu Doll":639,"SlaversCollar":585,"Anvil of the Gods":0,"Bronze Scales":289,"Bird Faced Urn":311,"Molten Egg 2":59,"Pandora\u0027s Box":620,"StrikeDummy":108,"Unceasing Top":73,"Slimebound:SlimedTailRelic":493,"Meat on the Bone":139,"Darkstone Periapt":607,"Regal Pillow":73,"Lantern":77,"Torii":493,"SacredBark":386,"StoneCalendar":219,"Incense Burner":0,"Bag of Preparation":391,"Empty Cage":95,"Ancient Tea Set":340,"ClockworkSouvenir":129,"Nunchaku":186,"Matryoshka":108,"TheAbacus":139,"Slimebound:MaxSlimesRelic":335,"Shovel":551,"Mummified Hand":465,"Gambling Chip":89,"Toolbox":427,"Tiny Chest":465,"WingedGreaves":439,"InkBottle":25,"Golden Idol":6,"Omamori":596,"Seething Fire":0,"Odd Mushroom":35,"Orichalcum":415,"Frozen Egg 2":490,"Medical Kit":0,"White Beast Statue":19,"Mercury Hourglass":544,"Peace Pipe":367,"Slimebound:GreedOozeRelic":447,"Calling Bell":465,"CaptainsWheel":319,"Ornamental Fan":81,"Bloody Idol":591,"Turnip":279,"Slimebound:AbsorbEndCombat":0,"Bag of Marbles":164,"Coffee Dripper":245,"Art of War":415,"Membership Card":73,"Bottled Lightning":274,"hexamod:BolsterEngine":219,"FossilizedHelix":156,"Toy Ornithopter":451}]},"card_choices":[{"not_picked":["Slimebound:SamplingLick","Slimebound:SplitMire"],"picked":"Slimebound:FormOfPuddle","floor":1.0},{"not_picked":["Slimebound:LeechEnergy","Slimebound:SpikyOuterGoop"],"picked":"Slimebound:MegaLick","floor":2.0},{"not_picked":["Slimebound:FlameTackle","Slimebound:FinishingTackle","Slimebound:Nibble"],"picked":"SKIP","floor":4.0},{"not_picked":["Slimebound:Schlurp","Slimebound:AcidTongue"],"picked":"Slimebound:SlimeSpikes","floor":6.0},{"not_picked":["Slimebound:PressTheAttack","Slimebound:Schlurp"],"picked":"Slimebound:DouseInSlime","floor":8.0},{"not_picked":["Slimebound:SpikyOuterGoop","Slimebound:SplitAcid"],"picked":"Slimebound:LeechEnergy","floor":11.0},{"not_picked":["Slimebound:SplitAcid","Slimebound:SplitBruiser"],"picked":"Slimebound:GoopSpray","floor":13.0},{"not_picked":["Slimebound:SlimeSlap","Slimebound:CheckThePlaybook"],"picked":"Slimebound:MassFeed","floor":16.0},{"not_picked":["Slimebound:DisruptingSlam","Slimebound:Schlurp","Slimebound:SplitAcid"],"picked":"SKIP","floor":18.0},{"not_picked":["Slimebound:Schlurp","Slimebound:Dissolve","Slimebound:LeechingTouch"],"picked":"SKIP","floor":22.0},{"not_picked":["Slimebound:ViciousTackle","Slimebound:RollThrough","Slimebound:HungryTackle"],"picked":"SKIP","floor":29.0},{"not_picked":["Slimebound:SlimeSpikes","Slimebound:ViciousTackle"],"picked":"Slimebound:LivingWall","floor":30.0},{"not_picked":["Slimebound:SlimeSpikes","Slimebound:SplitAcid","Slimebound:DuplicatedForm"],"picked":"SKIP","floor":31.0},{"not_picked":["Slimebound:RallyTheTroops","Slimebound:WasteNot"],"picked":"Slimebound:OozeBath","floor":33.0},{"not_picked":["Slimebound:DisruptingSlam+1","Slimebound:SplitLeeching","Slimebound:ForwardTackle+1"],"picked":"SKIP","floor":35},{"not_picked":["Slimebound:SplitMire","Slimebound:SplitLeeching","Slimebound:FinishingTackle"],"picked":"SKIP","floor":36},{"not_picked":["Slimebound:FinishingTackle","Slimebound:PressTheAttack+1","Slimebound:SplitAcid"],"picked":"SKIP","floor":37},{"not_picked":["Slimebound:AcidTongue","Slimebound:BestDefense+1","Slimebound:GoopSpray+1"],"picked":"SKIP","floor":41},{"not_picked":["Slimebound:Schlurp","Slimebound:LeadByExample+1"],"picked":"Slimebound:HauntingLick+1","floor":42},{"not_picked":["Slimebound:SlimeSpikes","Slimebound:LeechingTouch"],"picked":"Slimebound:Replication+1","floor":44},{"not_picked":["Slimebound:Schlurp","Slimebound:PressTheAttack+1"],"picked":"Slimebound:Recollect","floor":46}],"player_experience":961477,"relics_obtained":[{"floor":6.0,"key":"Pear"},{"floor":9.0,"key":"Bag of Marbles"},{"floor":26.0,"key":"Omamori"},{"floor":30.0,"key":"Darkstone Periapt"},{"floor":41,"key":"Du-Vu Doll"}],"event_choices":[{"damage_healed":0.0,"max_hp_gain":0.0,"max_hp_loss":0.0,"gold_gain":0.0,"event_name":"WeMeetAgain","player_choice":"Paid Gold","floor":3.0,"gold_loss":93.0,"damage_taken":0.0,"relics_obtained":["Orichalcum"]},{"damage_healed":0.0,"max_hp_gain":0.0,"max_hp_loss":0.0,"gold_gain":0.0,"event_name":"Lab","player_choice":"Got Potions","floor":12.0,"gold_loss":0.0,"damage_taken":0.0},{"damage_healed":0.0,"max_hp_gain":0.0,"max_hp_loss":0.0,"gold_gain":0.0,"event_name":"Golden Idol","player_choice":"Take Damage","floor":14.0,"gold_loss":0.0,"damage_taken":22.0,"relics_obtained":["Golden Idol"]},{"cards_removed":["Slimebound:Strike_Slimebound"],"damage_healed":0.0,"max_hp_gain":0.0,"max_hp_loss":0.0,"gold_gain":0.0,"event_name":"Wheel of Change","player_choice":"Card Removal","floor":19.0,"gold_loss":0.0,"damage_taken":0.0},{"damage_healed":0.0,"max_hp_gain":61.0,"max_hp_loss":60.0,"gold_gain":0.0,"event_name":"betterAltar:BetterAltar","player_choice":" GoldIdol ","floor":21.0,"potions_obtained":[],"relics_lost":["Golden Idol"],"gold_loss":0.0,"damage_taken":1.0,"relics_obtained":["Bloody Idol"]},{"damage_healed":0.0,"max_hp_gain":0.0,"max_hp_loss":0.0,"gold_gain":50.0,"event_name":"betterThird:BetterNest","player_choice":"Steal","floor":28.0,"gold_loss":0.0,"damage_taken":0.0}],"is_beta":false,"boss_relics":[{"not_picked":["SacredBark","Fusion Hammer"],"picked":"SlaversCollar"},{"not_picked":["Sozu","Runic Pyramid"],"picked":"Pandora\u0027s Box"}],"items_purged_floors":[0,0,20],"is_endless":false,"potions_floor_spawned":[4,8,11,29,30,33,37,42],"killed_by":"Spire Growth","ascension_level":20}}