{"host":"vm3f1ccwgbs4oygt","time":1610572511,"event":{"mods":["BaseMod","BetterRewards","Colored Powertips","Minty Spire (QoL Compilation)","Permanent Neow","Replay The Spire","Shop Mod","StSLib"],"gold_per_floor":[118,138,138,152,122,152,172,172,172,172,172,190,203,217,217,182,182,278,278,295,235,235,246,257,267,298,309,309,309,341,341,341],"floor_reached":31,"language":"ENG","playtime":42482,"items_purged":[],"score":304,"play_id":"0cc743bc-6f75-4c1b-8e66-53400886a421","local_time":"20210113221511","is_ascension_mode":false,"campfire_choices":[{"data":"Infinite Blades","floor":8,"key":"SMITH"},{"floor":15,"key":"REST"},{"data":"Terror","floor":17,"key":"SMITH"},{"floor":29,"key":"REST"}],"circlet_count":0,"master_deck":["Strike_G","Strike_G","Strike_G","Strike_G","Defend_G","Defend_G","Defend_G","Defend_G","Defend_G","Survivor","Neutralize","Blade Dance+1","Terror+1","Slice","Infinite Blades+1","Leg Sweep","Underhanded Strike+1","Choke+1","After Image","Slice+1","Forethought","Poisoned Stab+1","Endless Agony+1","Slice+1","Choke+1","Poisoned Stab+1","Dagger Spray+1","Footwork+1"],"relics":["WristBlade","Calipers","Molten Egg 2","Empty Cage","InkBottle","Replay:Bottled Flurry","Tiny Chest"],"acts_visited":["Exordium","TheCity"],"potions_floor_usage":[7,18,18,18,24,25,31],"damage_taken":[{"damage":0,"enemies":"Small Slimes","floor":1,"turns":3},{"damage":1,"enemies":"Cultist","floor":2,"turns":5},{"damage":0,"enemies":"2 Louse","floor":4,"turns":2},{"damage":14,"enemies":"3 Sentries","floor":6,"turns":8},{"damage":4,"enemies":"Lots of Slimes","floor":7,"turns":4},{"damage":0,"enemies":"Looter","floor":12,"turns":2},{"damage":6,"enemies":"2 Fungi Beasts","floor":13,"turns":2},{"damage":6,"enemies":"Large Slime","floor":14,"turns":3},{"damage":24,"enemies":"Fading Forest","floor":18,"turns":11},{"damage":0,"enemies":"Shell Parasite","floor":20,"turns":2},{"damage":20,"enemies":"Spheric Guardian","floor":23,"turns":4},{"damage":6,"enemies":"Cultist and Chosen","floor":24,"turns":3},{"damage":1,"enemies":"Centurion and Healer","floor":25,"turns":4},{"damage":0,"enemies":"Gremlin Leader","floor":26,"turns":4},{"damage":17,"enemies":"3 Cultists","floor":27,"turns":5},{"damage":26,"enemies":"Slavers","floor":30,"turns":4},{"damage":24,"enemies":"Snecko","floor":31,"turns":3}],"seed_played":"3826401897580153055","potions_obtained":[{"floor":4,"key":"PowerPotion"},{"floor":5,"key":"Adrenaline Potion"},{"floor":5,"key":"SteroidPotion"},{"floor":7,"key":"BlessingOfTheForge"},{"floor":13,"key":"ColorlessPotion"},{"floor":14,"key":"BlessingOfTheForge"},{"floor":23,"key":"SneckoOil"},{"floor":24,"key":"GhostInAJar"},{"floor":26,"key":"Explosive Potion"}],"is_trial":false,"path_per_floor":["M","M","?","M","?","E","M","R","PTL","PTL","T","M","M","M","R","?","R","B",null,"M","?","?","M","M","M","E","M","T","R","E","M"],"character_chosen":"THE_SILENT","items_purchased":[],"campfire_rested":2,"item_purchase_floors":[],"current_hp_per_floor":[70,69,69,69,69,55,51,51,51,51,51,51,45,39,60,70,70,46,70,70,70,70,50,44,43,43,26,26,47,21,0,0],"gold":341,"neow_bonus":"BOSS_RELIC","is_daily":false,"chose_seed":false,"campfire_upgraded":2,"win_rate":0.0,"timestamp":1610572511,"path_taken":["M","M","?","?","?","E","M","R","PTL","PTL","T","?","M","M","R","?","R","BOSS","M","?","?","M","M","M","E","?","T","R","E","M"],"items_purchased_type":[],"build_version":"2020-12-22","purchased_purges":0,"victory":false,"max_hp_per_floor":[70,70,70,70,70,70,70,70,70,70,70,70,70,70,70,70,70,70,70,70,70,70,70,70,70,70,70,70,70,70,70,70],"card_choices":[{"not_picked":["Flying Knee","ReplayTheSpireMod:Speed Training"],"picked":"ReplayTheSpireMod:The Works","floor":1},{"not_picked":["Acrobatics","Blur"],"picked":"Blade Dance","floor":2},{"not_picked":["Underhanded Strike","ReplayTheSpireMod:The Works"],"picked":"Terror","floor":4},{"not_picked":["Dagger Throw","Wraith Form v2"],"picked":"Slice","floor":6},{"not_picked":["Sucker Punch","Acrobatics"],"picked":"Infinite Blades","floor":7},{"not_picked":["Hidden Blade","Distraction"],"picked":"Leg Sweep","floor":12},{"not_picked":["All Out Attack+1","Crippling Poison"],"picked":"Underhanded Strike+1","floor":13},{"not_picked":["ReplayTheSpireMod:The Works","Hidden Blade"],"picked":"Choke+1","floor":14},{"not_picked":["Doppelganger","Glass Knife+1"],"picked":"After Image","floor":18},{"not_picked":["Deflect","Backflip"],"picked":"Slice+1","floor":20},{"not_picked":["All Out Attack+1","Fluid Movement+1"],"picked":"Endless Agony+1","floor":23},{"not_picked":["Poisoned Stab+1","Tactician"],"picked":"Slice+1","floor":24},{"not_picked":["Underhanded Strike+1","Quick Slash+1"],"picked":"Choke+1","floor":25},{"not_picked":["ReplayTheSpireMod:The Works","Choke+1"],"picked":"Poisoned Stab+1","floor":26},{"not_picked":["All Out Attack+1","Sucker Punch+1"],"picked":"Dagger Spray+1","floor":27},{"not_picked":["PiercingWail+1","Caltrops"],"picked":"Footwork+1","floor":30}],"player_experience":357418,"relics_obtained":[{"floor":6,"key":"Calipers"},{"floor":11,"key":"Molten Egg 2"},{"floor":26,"key":"InkBottle"},{"floor":28,"key":"Replay:Bottled Flurry"},{"floor":30,"key":"Tiny Chest"}],"event_choices":[{"damage_healed":0,"gold_gain":0,"player_choice":"Upgraded","damage_taken":0,"max_hp_gain":0,"max_hp_loss":0,"event_name":"Upgrade Shrine","floor":3,"gold_loss":0,"cards_upgraded":["Blade Dance"]},{"damage_healed":0,"gold_gain":0,"player_choice":"Bought 2 Potions","damage_taken":0,"max_hp_gain":0,"max_hp_loss":0,"event_name":"The Woman in Blue","floor":5,"gold_loss":0},{"damage_healed":17,"gold_gain":0,"player_choice":"Healed","damage_taken":0,"max_hp_gain":0,"max_hp_loss":0,"event_name":"The Cleric","floor":16,"gold_loss":35},{"damage_healed":0,"gold_gain":0,"player_choice":"2 cards matched","damage_taken":0,"max_hp_gain":0,"max_hp_loss":0,"event_name":"Match and Keep!","floor":22,"gold_loss":0,"cards_obtained":["Forethought","Poisoned Stab"]},{"damage_healed":0,"gold_gain":0,"player_choice":"2 cards matched","damage_taken":0,"max_hp_gain":0,"max_hp_loss":0,"event_name":"Match and Keep!","floor":22,"gold_loss":0,"cards_obtained":["Forethought","Poisoned Stab"]}],"is_beta":false,"boss_relics":[{"not_picked":["ChewingGum","Cursed Key"],"picked":"Empty Cage"}],"items_purged_floors":[],"is_endless":false,"potions_floor_spawned":[4,7,13,14,23,24,26],"killed_by":"Snecko","ascension_level":0}}