{"host":"6to8m083wj0ro91z","time":1610568454,"event":{"mods":["100% Spire Juice","BaseMod","Better Third Choice","BetterRewards","CatGirl Mod","ChefMod","Friendly Minions","Hubris","Mad Scientist","Marisa????????","Minty Spire (QoL Compilation)","Railgun Mod","Robot Space Explorer","Shade Mod","Spicy Shops","StSLib","The Blackbeard","The Death Knight","The Gatherer","The Marked","The Mystic","The Necromancer","The Servant 0.9.4","WarShipGirlsR/????R mod"],"gold_per_floor":[114,114,45,56,73,108,125,153,180,192,192,192],"floor_reached":11,"language":"ENG","playtime":546,"items_purged":[],"score":89,"play_id":"4d51160b-16dc-482a-9aa2-fdcf7bfe612b","local_time":"20210113210734","is_ascension_mode":true,"campfire_choices":[],"circlet_count":0,"master_deck":["Madness+1","TheRailgun:Strike","TheRailgun:Strike","TheRailgun:Strike","TheRailgun:Strike","TheRailgun:Defend","TheRailgun:Defend","TheRailgun:Defend","TheRailgun:Defend","TheRailgun:Discharge","TheRailgun:Static","TheRailgun:Zip+1","TheRailgun:Circuit_Breaker","TheRailgun:Teleporter","TheRailgun:Teleporter","TheRailgun:Iron_Dust_Vial","TheRailgun:Iron_Dust_Sword"],"relics":["TheRailgun:CoinRelic","hubris:GlazedTorus","Ancient Tea Set","Oddly Smooth Stone"],"acts_visited":["Exordium"],"potions_floor_usage":[8,8],"damage_taken":[{"damage":0,"enemies":"2 Louse","floor":1,"turns":2},{"damage":6,"enemies":"Cultist","floor":4,"turns":3},{"damage":0,"enemies":"Jaw Worm","floor":5,"turns":3},{"damage":15,"enemies":"3 Sentries","floor":6,"turns":6},{"damage":13,"enemies":"Gremlin Gang","floor":7,"turns":3},{"damage":24,"enemies":"Lagavulin","floor":8,"turns":4},{"damage":4,"enemies":"Lots of Slimes","floor":10,"turns":4},{"damage":13,"enemies":"3 Sentries","floor":11,"turns":3}],"seed_played":"1638643786769742046","potions_obtained":[{"floor":6,"key":"DeathKnight:BottledBloodEchoes"},{"floor":7,"key":"Energy Potion"}],"is_trial":false,"path_per_floor":["M","?","$","M","M","E","M","E","T","M","E"],"character_chosen":"THE_DEFAULT","items_purchased":["TheRailgun:Teleporter"],"campfire_rested":0,"item_purchase_floors":[3],"current_hp_per_floor":[70,70,70,64,64,49,36,12,12,8,0,0],"gold":192,"neow_bonus":"UPGRADE_CARD","is_daily":false,"chose_seed":false,"campfire_upgraded":0,"win_rate":0.0,"timestamp":1610568454,"path_taken":["M","?","$","M","M","E","M","E","T","M","E"],"items_purchased_type":["Card"],"build_version":"2020-12-22","purchased_purges":0,"victory":false,"max_hp_per_floor":[70,70,70,70,70,70,70,70,70,70,70,70],"card_choices":[{"not_picked":["TheRailgun:Recharge","TheRailgun:Discharge"],"picked":"TheRailgun:Circuit_Breaker","floor":1},{"not_picked":["TheRailgun:Battery_Pack","TheRailgun:Discharge"],"picked":"TheRailgun:Teleporter","floor":4},{"not_picked":["TheRailgun:Positive_Field","TheRailgun:Thundershock"],"picked":"TheRailgun:Iron_Dust_Vial","floor":5},{"not_picked":["TheRailgun:Negative_Field","TheRailgun:Thundervolt"],"picked":"TheRailgun:Iron_Dust_Sword","floor":6},{"not_picked":["TheRailgun:Discharge","TheRailgun:Negative_Field","TheRailgun:Pull"],"picked":"SKIP","floor":7},{"not_picked":["TheRailgun:Gekota_Phone","TheRailgun:Gekotamania","TheRailgun:Recharge"],"picked":"SKIP","floor":8},{"not_picked":["TheRailgun:Lightningbolt","TheRailgun:Scatter_Railgun","TheRailgun:Token_Collection"],"picked":"SKIP","floor":10}],"player_experience":1094271,"relics_obtained":[{"floor":6,"key":"hubris:GlazedTorus"},{"floor":8,"key":"Ancient Tea Set"},{"floor":9,"key":"Oddly Smooth Stone"}],"event_choices":[{"damage_healed":0,"gold_gain":0,"player_choice":"0 cards matched","damage_taken":0,"max_hp_gain":0,"max_hp_loss":0,"event_name":"Match and Keep!","floor":2,"gold_loss":0,"cards_obtained":[]}],"is_beta":false,"boss_relics":[],"items_purged_floors":[],"is_endless":false,"potions_floor_spawned":[6,7],"killed_by":"3 Sentries","ascension_level":1}}