{"host":"kiauivt48syq9iz6","time":1610567019,"event":{"mods":["A Magickal Journey","BaseMod","Conspire","Downfall","Hermit","Minty Spire (QoL Compilation)","Replay The Spire","SIMod","Somnambulant","StSLib","The Animator","The Construct","The Cursed","The Disciple","The Forsaken","The Judge","The Marked","The Runesmith","The Servant 0.9.4","The Spell Scribe"],"gold_per_floor":[209,102,102,113,132,132,150,150,150,325,337,337,337,369,369,468,468,487,402,402,402,418,418,27,52,52,52,52,52,52,63,63,63,63],"floor_reached":33,"language":"ENG","playtime":1401,"items_purged":["Doubt"],"score":263,"play_id":"43144cc5-491f-4000-9016-e97a1525cbc3","local_time":"20210113124339","is_ascension_mode":false,"campfire_choices":[{"data":"Glacier","floor":6,"key":"SMITH"},{"data":"Streamline","floor":8,"key":"SMITH"},{"floor":13,"key":"REST"},{"data":"Deadly Poison","floor":15,"key":"SMITH"},{"floor":23,"key":"REST"}],"circlet_count":0,"master_deck":["Strike_B","Strike_B","Strike_B","Strike_B","Defend_B","Defend_B","Defend_B","Defend_B+1","Dualcast","Glacier+1","Sweeping Beam","Auto Shields","Auto Shields","conspire:SharedLibrary","Compile Driver","Streamline+1","Ball Lightning","Deadly Poison+1","ReplayTheSpireMod:Calculation Training","Amplify","Hologram+1","expansioncontent:AwakenDeath","Chill","Darkness","White Noise+1","Pain","Barrage+1"],"relics":["Replay:Bottled Steam","Ring of the Snake","Lantern","Replay:Bronze Core","Strawberry","Divine Protection","Bottled Tornado","theForsaken:ScaryMask","WarpedTongs"],"acts_visited":["Exordium","TheCity"],"potions_floor_usage":[14,21,22,31,31],"damage_taken":[{"damage":0,"enemies":"2 Louse","floor":1,"turns":3},{"damage":0,"enemies":"Small Slimes","floor":4,"turns":5},{"damage":0,"enemies":"Cultist","floor":5,"turns":4},{"damage":5,"enemies":"3 Louse","floor":7,"turns":4},{"damage":15,"enemies":"Exordium Thugs","floor":11,"turns":5},{"damage":4,"enemies":"Lagavulin","floor":14,"turns":9},{"damage":24,"enemies":"Fading Forest","floor":16,"turns":11},{"damage":26,"enemies":"Spheric Guardian","floor":18,"turns":8},{"damage":0,"enemies":"2 Thieves","floor":21,"turns":1},{"damage":7,"enemies":"Centurion and Healer","floor":22,"turns":6},{"damage":37,"enemies":"Slavers","floor":25,"turns":7},{"damage":20,"enemies":"Snecko","floor":31,"turns":6},{"damage":72,"enemies":"Collector","floor":33,"turns":10}],"seed_played":"-5934825036738400558","potions_obtained":[{"floor":1,"key":"Dexterity Potion"},{"floor":7,"key":"SmokeBomb"},{"floor":16,"key":"Cursed Concoction"},{"floor":25,"key":"Explosive Potion"},{"floor":31,"key":"Fruit Juice"}],"is_trial":false,"path_per_floor":["M","$","?","M","M","R","M","R","T","?","M","?","R","E","R","B",null,"M","?","?","M","M","R","$","E","T","?","$","?","$","M","R","B"],"character_chosen":"DEFECT","items_purchased":["Sweeping Beam","Auto Shields","Divine Protection","Darkness"],"campfire_rested":2,"item_purchase_floors":[2,2,24,24],"current_hp_per_floor":[75,75,75,75,75,75,70,70,70,70,55,55,75,71,71,47,75,49,56,56,56,49,73,73,36,36,36,36,36,36,21,47,0,0],"gold":63,"neow_bonus":"HUNDRED_GOLD","is_daily":false,"chose_seed":false,"campfire_upgraded":3,"win_rate":0.0,"timestamp":1610567019,"path_taken":["M","$","?","M","M","R","M","R","T","?","M","?","R","E","R","BOSS","M","?","?","M","?","R","$","E","T","?","?","?","?","M","R","BOSS"],"items_purchased_type":["Card","Card","Relic","Card"],"build_version":"2020-12-22","purchased_purges":1,"victory":false,"max_hp_per_floor":[75,75,75,75,75,75,75,75,75,75,75,75,75,75,75,75,75,75,82,82,82,82,82,82,82,82,82,82,82,82,87,87,87,87],"card_choices":[{"not_picked":["Stack","Leap"],"picked":"Glacier","floor":1},{"not_picked":["Streamline","Stack"],"picked":"conspire:SharedLibrary","floor":4},{"not_picked":["Redo","Barrage"],"picked":"Compile Driver","floor":5},{"not_picked":["Redo","ReplayTheSpireMod:Calculation Training"],"picked":"Streamline","floor":7},{"not_picked":["Compile Driver","Streamline"],"picked":"Ball Lightning","floor":11},{"not_picked":["Crystallizer","Time Bomb"],"picked":"ReplayTheSpireMod:Calculation Training","floor":14},{"not_picked":["All For One","Mirror Shield"],"picked":"Amplify","floor":16},{"not_picked":["Compile Driver","Streamline"],"picked":"Hologram+1","floor":18},{"not_picked":["Ball Lightning","Stack"],"picked":"Chill","floor":22},{"not_picked":["ReplayTheSpireMod:Repulse","Barrage"],"picked":"White Noise","floor":25},{"not_picked":["Panic Button","Steam+1"],"picked":"Barrage+1","floor":31}],"player_experience":153238,"relics_obtained":[{"floor":9,"key":"Replay:Bottled Steam"},{"floor":14,"key":"Lantern"},{"floor":25,"key":"Bottled Tornado"},{"floor":26,"key":"theForsaken:ScaryMask"}],"event_choices":[{"damage_healed":0,"gold_gain":175,"player_choice":"AGREE","damage_taken":0,"max_hp_gain":0,"max_hp_loss":0,"event_name":"Liars Game","floor":10,"gold_loss":0,"cards_obtained":["Doubt"]},{"damage_healed":0,"gold_gain":0,"player_choice":"Obtained Relic","damage_taken":0,"relics_obtained":["Strawberry"],"max_hp_gain":0,"max_hp_loss":0,"event_name":"Addict","floor":19,"gold_loss":85},{"damage_healed":0,"gold_gain":0,"player_choice":"1 cards matched","damage_taken":0,"max_hp_gain":0,"max_hp_loss":0,"event_name":"Match and Keep!","floor":20,"gold_loss":0,"cards_obtained":["expansioncontent:AwakenDeath"]},{"damage_healed":0,"gold_gain":0,"player_choice":"Rummage","damage_taken":0,"relics_obtained":["WarpedTongs"],"max_hp_gain":0,"max_hp_loss":0,"event_name":"Accursed Blacksmith","floor":27,"gold_loss":0,"cards_obtained":["Pain"]}],"is_beta":false,"boss_relics":[{"not_picked":["Kintsugi","construct:WeddingRing"],"picked":"Replay:Bronze Core"}],"items_purged_floors":[24],"is_endless":false,"potions_floor_spawned":[1,7,16,21,25,31],"killed_by":"Collector","ascension_level":0}}