{"host":"6jrnojxwearbrjzo","time":1610580587,"event":{"mods":["BaseMod","Colored Map","Conspire","Highlight Path","Minty Spire (QoL Compilation)","MostiFishMod","Quick Restart","Random Character Button","Shop Mod","Spicy Shops","StSLib","TestMod","The Construct","The Servant 0.9.4","Yuyuko","vexMod","篝火指南"],"gold_per_floor":[119,134,0,0,16,45,45,76,102,113,133,133,152,152,152,247,247,259,39,39,55,72,106,106,123,123,147,97,115,162,182,182,297,297,316,8,67,67,94,137,137,537,537,584,584,626,626,674,87,103],"floor_reached":51,"language":"ZHS","playtime":1992,"items_purged":["Defend_P"],"score":1214,"play_id":"4eb22ddb-4c4b-4b26-ba8a-99dd8d9378ec","local_time":"20210114072947","is_ascension_mode":true,"campfire_choices":[{"data":"Adaptation","floor":7,"key":"SMITH"},{"data":"ClearTheMind","floor":15,"key":"SMITH"},{"data":"MostiFishMod:Nomercy","floor":24,"key":"SMITH"},{"floor":32,"key":"REST"},{"data":"MostiFishMod:Neptune","floor":41,"key":"SMITH"},{"data":"Vigilance","floor":45,"key":"SMITH"},{"data":"MostiFishMod:Dust","floor":47,"key":"SMITH"}],"circlet_count":0,"master_deck":["Strike_P+1","Strike_P+1","Strike_P","Strike_P","Defend_P+1","Defend_P+1","Eruption+1","Vigilance+1","CutThroughFate+1","Adaptation+1","Wallop+1","ClearTheMind+1","MostiFishMod:Adaptation","MostiFishMod:Neptune+1","MostiFishMod:TheEndOfMoonlight","MostiFishMod:SparklingWater","MostiFishMod:FantasySummer+1","MostiFishMod:NightSea+1","Indignation","Adaptation+1","MostiFishMod:Speedup+1","MostiFishMod:Nomercy+1","TalkToTheHand+1","Crescendo+1","MostiFishMod:Dust+1","DeusExMachina"],"relics":["DaveBox","ChiXiaoBlade","testmod-RealStoneCalender","VioletLotus","SynthV:TestCard","Technique","MealTicket","Akabeko","Centennial Puzzle","MoonlightInvasionPlan","testmod-Acrobat","conspire:Flyswatter","vexMod:HeadHunter","ThornShield","TimeKeys","Juzu Bracelet","testmod-Register","construct:RocketBooster","SynthV:C4","CombinedTypeHook","testmod-IndustrialRevolution","War Paint","Shuriken","Sling","Bag of Marbles","testmod-CyclicPeriapt"],"acts_visited":["Exordium","TheCity","TheBeyond"],"potions_floor_usage":[3,6,8,8,8,13,13,16,16,33,37,37,40,50],"damage_taken":[{"damage":0,"enemies":"Cultist","floor":1,"turns":2},{"damage":3,"enemies":"2 Louse","floor":2,"turns":2},{"damage":0,"enemies":"Jaw Worm","floor":5,"turns":2},{"damage":28,"enemies":"Gremlin Nob","floor":6,"turns":3},{"damage":5,"enemies":"Lagavulin","floor":8,"turns":3},{"damage":0,"enemies":"Gremlin Gang","floor":10,"turns":3},{"damage":0,"enemies":"Large Slime","floor":11,"turns":2},{"damage":11,"enemies":"Lots of Slimes","floor":13,"turns":2},{"damage":0,"enemies":"Hexaghost","floor":16,"turns":5},{"damage":6,"enemies":"Chosen","floor":18,"turns":2},{"damage":17,"enemies":"Shell Parasite","floor":21,"turns":2},{"damage":5,"enemies":"Snecko","floor":22,"turns":2},{"damage":5,"enemies":"Book of Stabbing","floor":23,"turns":2},{"damage":2,"enemies":"Snake Plant","floor":25,"turns":2},{"damage":0,"enemies":"Centurion and Healer","floor":27,"turns":1},{"damage":5,"enemies":"Shelled Parasite and Fungi","floor":29,"turns":2},{"damage":15,"enemies":"Gremlin Leader","floor":30,"turns":5},{"damage":5,"enemies":"3 Cultists","floor":31,"turns":3},{"damage":15,"enemies":"conspire:MysteriousRune","floor":33,"turns":5},{"damage":0,"enemies":"Orb Walker","floor":35,"turns":1},{"damage":5,"enemies":"2 Orb Walkers","floor":37,"turns":4},{"damage":0,"enemies":"3 Darklings","floor":39,"turns":2},{"damage":0,"enemies":"Giant Head","floor":40,"turns":3},{"damage":7,"enemies":"Nemesis","floor":44,"turns":5},{"damage":0,"enemies":"Giant Head","floor":46,"turns":2},{"damage":5,"enemies":"Nemesis","floor":48,"turns":3},{"damage":5,"enemies":"Donu and Deca","floor":50,"turns":6}],"seed_played":"7317487548778145072","potions_obtained":[{"floor":5,"key":"conspire:TimeTravelPotion"},{"floor":6,"key":"EntropicBrew"},{"floor":10,"key":"BlessingOfTheForge"},{"floor":11,"key":"GamblersBrew"},{"floor":22,"key":"BottledMiracle"},{"floor":23,"key":"CultistPotion"},{"floor":25,"key":"Swift Potion"},{"floor":31,"key":"Swift Potion"},{"floor":39,"key":"BlessingOfTheForge"},{"floor":44,"key":"Explosive Potion"}],"is_trial":false,"path_per_floor":["M","M","$","?","M","E","R","E","T","M","M","?","M","?","R","B",null,"M","$","?","M","M","E","R","M","T","M","?","M","E","M","R","B",null,"M","$","?","?","M","E","R","?","T","E","R","E","R","E","R","B",null],"character_chosen":"WATCHER","items_purchased":["Technique","testmod-SpacePotion","testmod-Acrobat","Indignation","Juzu Bracelet","testmod-Register","Sling","Bag of Marbles","testmod-CyclicPeriapt"],"campfire_rested":1,"item_purchase_floors":[3,3,19,19,36,36,49,49,49],"current_hp_per_floor":[72,69,69,69,69,69,69,64,64,64,64,64,53,46,46,46,72,66,72,72,55,50,45,45,43,43,43,43,38,23,18,39,24,72,72,72,67,67,67,67,67,67,67,60,60,60,60,55,55,50],"gold":103,"neow_bonus":"BOSS_RELIC","is_daily":false,"chose_seed":false,"campfire_upgraded":6,"win_rate":0.0,"timestamp":1610580587,"path_taken":["M","M","$","?","M","E","R","E","T","?","M","?","?","?","R","BOSS","M","$","?","?","M","E","R","M","T","M","?","M","E","M","R","BOSS","M","?","?","?","M","E","R","?","T","E","R","E","R","E","R","BOSS"],"items_purchased_type":["Relic","Potion","Relic","Card","Relic","Relic","Relic","Relic","Relic"],"build_version":"2020-12-22","purchased_purges":1,"victory":true,"max_hp_per_floor":[72,72,72,72,72,72,72,72,72,72,72,72,72,72,72,72,72,72,72,72,72,72,72,72,72,72,72,72,72,72,72,72,72,72,72,72,72,72,72,72,72,72,72,72,72,72,72,72,72,72],"card_choices":[{"not_picked":["CrushJoints","Consecrate","Prostrate"],"picked":"SKIP","floor":1},{"not_picked":["CrushJoints","MostiFishMod:LegendTransform","PathToVictory","ClearTheMind"],"picked":"CutThroughFate","floor":2},{"not_picked":["ThirdEye","LikeWater","EmptyFist","FlurryOfBlows","Protect"],"picked":"SKIP","floor":5},{"not_picked":["Wireheading","ThirdEye","Evaluate","WheelKick","ForeignInfluence"],"picked":"SKIP","floor":6},{"not_picked":["WindmillStrike","MostiFishMod:Moonprays","FollowUp","Evaluate"],"picked":"Wallop","floor":8},{"not_picked":["Meditate","CutThroughFate","LikeWater","MostiFishMod:Nomercy","Sanctity"],"picked":"SKIP","floor":10},{"not_picked":["Protect","Nirvana","Weave","ForeignInfluence","Crescendo"],"picked":"SKIP","floor":11},{"not_picked":["FearNoEvil","LikeWater","FlyingSleeves","CrushJoints"],"picked":"ClearTheMind","floor":13},{"not_picked":["MostiFishMod:ScryFuture","MostiFishMod:Dust","MostiFishMod:CyberBuddha","Alpha"],"picked":"MostiFishMod:Adaptation","floor":16},{"not_picked":["CutThroughFate","BowlingBash","ThirdEye","PathToVictory","CrushJoints"],"picked":"SKIP","floor":18},{"not_picked":["PathToVictory","Crescendo","CutThroughFate","Consecrate+1"],"picked":"MostiFishMod:Speedup+1","floor":21},{"not_picked":["CutThroughFate","Weave","EmptyFist","SandsOfTime+1","ReachHeaven"],"picked":"SKIP","floor":22},{"not_picked":["Evaluate","Adaptation+1","Ragnarok","WaveOfTheHand+1"],"picked":"MostiFishMod:Nomercy","floor":23},{"not_picked":["FollowUp","WreathOfFlame","FlyingSleeves","WaveOfTheHand","Consecrate"],"picked":"SKIP","floor":25},{"not_picked":["FollowUp","Collect+1","Prostrate","Evaluate","Conclude"],"picked":"SKIP","floor":27},{"not_picked":["SandsOfTime","Meditate","FollowUp","SashWhip"],"picked":"TalkToTheHand+1","floor":29},{"not_picked":["MostiFishMod:KamiSmash","MostiFishMod:StarLaLaLa","Establishment"],"picked":"SKIP","floor":30},{"not_picked":["MostiFishMod:Speedup+1","CutThroughFate","DeceiveReality+1","MostiFishMod:Disappear","FlyingSleeves+1"],"picked":"SKIP","floor":30},{"not_picked":["Nirvana","Protect","MostiFishMod:Nomercy","MostiFishMod:Clarity","Worship"],"picked":"SKIP","floor":31},{"not_picked":["Evaluate","SandsOfTime+1","Wireheading+1","SashWhip","Crescendo"],"picked":"SKIP","floor":35},{"not_picked":["JustLucky+1","Halt","Consecrate","EmptyBody+1"],"picked":"Crescendo+1","floor":39},{"not_picked":["MostiFishMod:Pointsdynamics","MostiFishMod:KamiSmash","MostiFishMod:StarOceanP"],"picked":"SKIP","floor":40},{"not_picked":["Worship","MasterReality","FlyingSleeves+1","FollowUp+1","Swivel+1"],"picked":"SKIP","floor":40},{"not_picked":["MostiFishMod:Pointsdynamics","MostiFishMod:StarHerder","MostiFishMod:DustFall"],"picked":"SKIP","floor":44},{"not_picked":["Perseverance","EmptyFist","MostiFishMod:Speedup","MostiFishMod:DisColor","CutThroughFate+1"],"picked":"SKIP","floor":44},{"not_picked":["MostiFishMod:StarLaLaLa","MostiFishMod:Pointsdynamics"],"picked":"MostiFishMod:Dust","floor":46},{"not_picked":["Evaluate+1","FlurryOfBlows","JustLucky+1","FollowUp","PathToVictory+1"],"picked":"SKIP","floor":46},{"not_picked":["MostiFishMod:CyberBuddha","SpiritShield"],"picked":"DeusExMachina","floor":48},{"not_picked":["Evaluate","Collect+1","Pray","EmptyMind","SignatureMove+1"],"picked":"SKIP","floor":48}],"player_experience":82512,"relics_obtained":[{"floor":1,"key":"SynthV:TestCard"},{"floor":6,"key":"MealTicket"},{"floor":8,"key":"Akabeko"},{"floor":9,"key":"Centennial Puzzle"},{"floor":23,"key":"conspire:Flyswatter"},{"floor":26,"key":"vexMod:HeadHunter"},{"floor":30,"key":"ThornShield"},{"floor":37,"key":"construct:RocketBooster"},{"floor":40,"key":"SynthV:C4"},{"floor":43,"key":"CombinedTypeHook"},{"floor":44,"key":"testmod-IndustrialRevolution"},{"floor":46,"key":"War Paint"},{"floor":48,"key":"Shuriken"}],"event_choices":[{"damage_healed":0,"gold_gain":0,"cards_transformed":["Defend_P"],"player_choice":"Transformed","damage_taken":0,"max_hp_gain":0,"max_hp_loss":0,"event_name":"Transmorgrifier","floor":4,"gold_loss":0,"cards_obtained":["Adaptation"]},{"damage_healed":0,"gold_gain":0,"player_choice":"Forge","damage_taken":0,"max_hp_gain":0,"max_hp_loss":0,"event_name":"Accursed Blacksmith","floor":12,"gold_loss":0,"cards_upgraded":["Wallop"]},{"cards_removed":["Doubt"],"damage_healed":0,"gold_gain":0,"player_choice":"Card Removal","damage_taken":7,"max_hp_gain":0,"max_hp_loss":0,"event_name":"Golden Wing","floor":14,"gold_loss":0},{"damage_healed":0,"gold_gain":0,"player_choice":"Copied","damage_taken":0,"max_hp_gain":0,"max_hp_loss":0,"event_name":"Duplicator","floor":20,"gold_loss":0,"cards_obtained":["Adaptation"]},{"damage_healed":0,"gold_gain":0,"player_choice":"Bet on Owner","damage_taken":0,"max_hp_gain":0,"max_hp_loss":0,"event_name":"The Joust","floor":28,"gold_loss":50},{"damage_healed":0,"gold_gain":0,"player_choice":"Fight","damage_taken":0,"max_hp_gain":0,"max_hp_loss":0,"event_name":"Mysterious Sphere","floor":37,"gold_loss":0},{"damage_healed":0,"gold_gain":0,"player_choice":"Memory 1","damage_taken":0,"max_hp_gain":0,"max_hp_loss":0,"event_name":"SensoryStone","floor":38,"gold_loss":0},{"damage_healed":0,"gold_gain":400,"player_choice":"Sell","damage_taken":0,"max_hp_gain":0,"max_hp_loss":0,"event_name":"恩洛斯的盘子","floor":42,"relics_lost":["testmod-TestBox"],"gold_loss":0}],"is_beta":false,"boss_relics":[{"not_picked":["testmod-BloodSacrificeSpiritualization","testmod-Prudence"],"picked":"MoonlightInvasionPlan"},{"not_picked":["Snecko Eye","vexMod:DeviousBotling"],"picked":"TimeKeys"}],"items_purged_floors":[19],"is_endless":false,"potions_floor_spawned":[5,6,10,11,21,22,23,25,31,39,44],"ascension_level":2}}