{"host":"huzih8coe6eib4hq","time":1610507244,"event":{"mods":["BaseMod","Bestiary","Highlight Path","Minty Spire (QoL Compilation)","Relic Stats"],"gold_per_floor":[116,126,140,140,24,56,56,69,94,94,128,141,473,484,484,583,583,599,263,278,278,304,331,351,351,351,351,351],"floor_reached":27,"language":"ENG","playtime":5794,"items_purged":[],"score":354,"play_id":"abb9e64b-c973-4f99-8e38-42aae4dcb1cf","local_time":"20210112220724","is_ascension_mode":true,"campfire_choices":[{"data":"Armaments","floor":7.0,"key":"SMITH"},{"data":"Fire Breathing","floor":15.0,"key":"SMITH"},{"floor":25,"key":"REST"}],"circlet_count":0,"master_deck":["Bash","Warcry","Armaments+1","Inflame","Hemokinesis","Power Through+1","Burning Pact","Wild Strike","Fire Breathing+1","Shrug It Off","Corruption","Fiend Fire","Havoc","Wild Strike","Pummel","Metallicize","Sword Boomerang","Impervious","Thunderclap","Havoc","Seeing Red","Panacea+1","Headbutt","Feel No Pain"],"relics":["Burning Blood","Happy Flower","Pen Nib","Tiny Chest","Old Coin","Pandora\u0027s Box","Bottled Lightning","MutagenicStrength","PreservedInsect","War Paint","FossilizedHelix"],"acts_visited":["Exordium","TheCity"],"potions_floor_usage":[],"damage_taken":[{"damage":7.0,"enemies":"Jaw Worm","floor":1.0,"turns":5.0},{"damage":0.0,"enemies":"Small Slimes","floor":2.0,"turns":3.0},{"damage":1.0,"enemies":"Cultist","floor":3.0,"turns":3.0},{"damage":34.0,"enemies":"Gremlin Nob","floor":6.0,"turns":4.0},{"damage":1.0,"enemies":"Exordium Wildlife","floor":8.0,"turns":4.0},{"damage":10.0,"enemies":"Lagavulin","floor":11.0,"turns":7.0},{"damage":2.0,"enemies":"Looter","floor":12.0,"turns":1.0},{"damage":12.0,"enemies":"3 Sentries","floor":13.0,"turns":6.0},{"damage":12.0,"enemies":"Exordium Thugs","floor":14.0,"turns":4.0},{"damage":10.0,"enemies":"Slime Boss","floor":16.0,"turns":5.0},{"damage":17.0,"enemies":"Shell Parasite","floor":18.0,"turns":5.0},{"damage":16.0,"enemies":"Spheric Guardian","floor":20.0,"turns":4.0},{"damage":23.0,"enemies":"Slavers","floor":23.0,"turns":4.0},{"damage":38.0,"enemies":"Cultist and Chosen","floor":24.0,"turns":7.0},{"damage":58,"enemies":"Gremlin Leader","floor":27,"turns":4}],"seed_played":"4174351087879743640","potions_obtained":[{"floor":6.0,"key":"SkillPotion"},{"floor":13.0,"key":"Swift Potion"},{"floor":14.0,"key":"AttackPotion"},{"floor":18.0,"key":"FairyPotion"},{"floor":20.0,"key":"Dexterity Potion"}],"is_trial":false,"path_per_floor":["M","M","M","?","$","E","R","M","T","?","E","M","E","M","R","B",null,"M","$","M","?","T","E","M","R","T","E"],"character_chosen":"IRONCLAD","items_purchased":["Hemokinesis","Power Through","Bottled Lightning","Panacea"],"campfire_rested":1,"item_purchase_floors":[5,5,19,19],"current_hp_per_floor":[79,85,88,70,70,42,42,47,47,47,43,47,41,35,35,31,74,63,63,53,53,53,36,32,58,58,0,0],"gold":351,"neow_bonus":"TEN_PERCENT_HP_BONUS","is_daily":false,"chose_seed":false,"campfire_upgraded":2,"win_rate":0.0,"timestamp":1610507244,"path_taken":["M","M","M","?","$","E","R","M","T","?","E","M","E","M","R","BOSS","M","$","M","?","?","E","M","R","T","E"],"items_purchased_type":["Card","Card","Relic","Card"],"build_version":"2020-12-22","purchased_purges":0,"victory":false,"max_hp_per_floor":[88,88,88,88,88,88,88,88,88,88,88,88,88,88,88,88,88,88,88,88,88,88,88,88,88,88,88,88],"relic_stats":{"Happy Flower":[17],"counters":[15,66],"Tiny Chest":0,"Pandora\u0027s Box":["Havoc","Wild Strike","Pummel","Metallicize","Sword Boomerang","Impervious","Thunderclap","Havoc","Seeing Red"],"Pen Nib":[6],"PreservedInsect":90,"War Paint":["Power Through","Panacea"],"obtain_stats":[{"Happy Flower":6,"MutagenicStrength":21,"Tiny Chest":11,"Pandora\u0027s Box":17,"Pen Nib":9,"PreservedInsect":22,"Bottled Lightning":19,"War Paint":23,"Burning Blood":0,"FossilizedHelix":26,"Old Coin":13},{"Happy Flower":4,"MutagenicStrength":12,"Tiny Chest":6,"Pandora\u0027s Box":10,"Pen Nib":5,"PreservedInsect":12,"Bottled Lightning":11,"War Paint":13,"Burning Blood":0,"FossilizedHelix":14,"Old Coin":8},{"Happy Flower":15,"MutagenicStrength":51,"Tiny Chest":26,"Pandora\u0027s Box":42,"Pen Nib":19,"PreservedInsect":51,"Bottled Lightning":47,"War Paint":55,"Burning Blood":0,"FossilizedHelix":62,"Old Coin":33}],"Burning Blood":82},"card_choices":[{"not_picked":["Pommel Strike","Flex"],"picked":"Warcry","floor":1.0},{"not_picked":["Iron Wave","Sever Soul"],"picked":"Armaments","floor":2.0},{"not_picked":["Pommel Strike","Body Slam"],"picked":"Inflame","floor":3.0},{"not_picked":["Power Through","Body Slam"],"picked":"Burning Pact","floor":6.0},{"not_picked":["Sentinel","Warcry"],"picked":"Wild Strike","floor":8.0},{"not_picked":["Infernal Blade","Ghostly Armor"],"picked":"Fire Breathing","floor":11.0},{"not_picked":["Clash","Flex"],"picked":"Shrug It Off","floor":12.0},{"not_picked":["Thunderclap","Metallicize"],"picked":"Corruption","floor":13.0},{"not_picked":["Havoc","Searing Blow","Dual Wield"],"picked":"SKIP","floor":14.0},{"not_picked":["Demon Form","Berserk"],"picked":"Fiend Fire","floor":16.0},{"not_picked":["Whirlwind","Infernal Blade","Body Slam"],"picked":"SKIP","floor":18.0},{"not_picked":["Clash+1","Havoc"],"picked":"Headbutt","floor":20.0},{"not_picked":["Flex","Cleave","Clash"],"picked":"SKIP","floor":23.0},{"not_picked":["Ghostly Armor+1","Intimidate"],"picked":"Feel No Pain","floor":24}],"player_experience":821076,"relics_obtained":[{"floor":6.0,"key":"Happy Flower"},{"floor":9.0,"key":"Pen Nib"},{"floor":11.0,"key":"Tiny Chest"},{"floor":13.0,"key":"Old Coin"},{"floor":22.0,"key":"PreservedInsect"},{"floor":23.0,"key":"War Paint"},{"floor":26,"key":"FossilizedHelix"}],"event_choices":[{"damage_healed":0.0,"max_hp_gain":0.0,"max_hp_loss":0.0,"gold_gain":0.0,"event_name":"Shining Light","player_choice":"Entered Light","floor":4.0,"gold_loss":0.0,"damage_taken":18.0,"cards_upgraded":["Strike_R","Strike_R"]},{"damage_healed":0.0,"max_hp_gain":0.0,"max_hp_loss":0.0,"gold_gain":0.0,"event_name":"Dead Adventurer","player_choice":"Searched \u00271\u0027 times","floor":10.0,"gold_loss":0.0,"damage_taken":0.0},{"damage_healed":0.0,"max_hp_gain":0.0,"max_hp_loss":0.0,"gold_gain":0.0,"event_name":"Drug Dealer","player_choice":"Inject Mutagens","floor":21.0,"gold_loss":0.0,"damage_taken":0.0,"relics_obtained":["MutagenicStrength"]}],"is_beta":false,"boss_relics":[{"not_picked":["Ectoplasm","Philosopher\u0027s Stone"],"picked":"Pandora\u0027s Box"}],"items_purged_floors":[],"is_endless":false,"potions_floor_spawned":[6,13,14,18,20],"killed_by":"Gremlin Leader","ascension_level":8}}