{"host":"kc9ew1boizqhugxp","time":1610502390,"event":{"mods":["A Magickal Journey","Aspiration","BaseMod","BetterRewards","DeckTracker","Halation","Infinite Spire","Minty Spire (QoL Compilation)","Permanent Neow","Quick Restart","Replay The Spire","Spikes Relics","StSLib","The Factory","The Jungle"],"gold_per_floor":[117,192,192,211,68,68,97,110,134,160,160,176,186,54,54,149,149,167,167,167,178,198,198,198,198,198,198,46,99,99,109,109,109,109],"floor_reached":33,"language":"ENG","playtime":1003,"items_purged":[],"score":266,"play_id":"ebdacffd-bee1-4d39-a2d3-25b29cb7d4a5","local_time":"20210112204630","is_ascension_mode":true,"campfire_choices":[{"data":"Deadly Poison","floor":6,"key":"SMITH"},{"floor":11,"key":"REST"},{"floor":15,"key":"REST"},{"floor":23,"key":"REST"},{"floor":25,"key":"REST"},{"data":"RitualDagger","floor":30,"key":"SMITH"},{"data":"Backstab","floor":32,"key":"SMITH"}],"circlet_count":0,"master_deck":["Strike_G+1","Strike_G+1","Strike_G+1","Strike_G+1","Strike_G+1","Defend_G+1","Defend_G+1","Defend_G+1","Defend_G+1","Defend_G+1","Survivor","Discovery","Deadly Poison+1","Reflex+1","Outmaneuver","Deadly Poison","Flying Knee","Acrobatics","Distraction","Predator","Hidden Blade","Backstab+1","Poisoned Stab","Envenom","Bandage Up","Neutralize","ReplayTheSpireMod:The Works","Finisher","Deflect+1","RitualDagger+1","Deadly Poison","Poisoned Stab+1"],"relics":["Ring of the Snake","DollysMirror","infinitespire:ShieldingShard","Bag of Marbles","halation:TwoAmDonut","Snake Skull","Oddly Smooth Stone","Ancient Tea Set","Bag of Preparation"],"acts_visited":["Exordium","TheCity"],"potions_floor_usage":[16,16,16,16,16,16,33,33,33],"damage_taken":[{"damage":5,"enemies":"Small Slimes","floor":1,"turns":5},{"damage":1,"enemies":"2 Louse","floor":4,"turns":2},{"damage":29,"enemies":"Replay:BlueRogue","floor":7,"turns":5},{"damage":0,"enemies":"Cultist","floor":8,"turns":3},{"damage":12,"enemies":"Gremlin Nob","floor":10,"turns":4},{"damage":11,"enemies":"Blue Slaver","floor":12,"turns":3},{"damage":12,"enemies":"Looter","floor":13,"turns":3},{"damage":5,"enemies":"Slime Boss","floor":16,"turns":8},{"damage":14,"enemies":"Chosen","floor":18,"turns":4},{"damage":4,"enemies":"Spheric Guardian","floor":21,"turns":3},{"damage":24,"enemies":"Snake Plant","floor":22,"turns":4},{"damage":9,"enemies":"Chosen and Byrds","floor":31,"turns":4},{"damage":73,"enemies":"Collector","floor":33,"turns":5}],"seed_played":"-3186882631546592534","potions_obtained":[{"floor":4,"key":"Cursed Concoction"},{"floor":7,"key":"ColorlessPotion"},{"floor":10,"key":"EntropicBrew"},{"floor":16,"key":"LiquidMemories"},{"floor":18,"key":"Poison Potion"},{"floor":22,"key":"SteroidPotion"}],"is_trial":false,"path_per_floor":["M","?","?","M","$","R","E","M","T","E","R","M","M","$","R","B",null,"M","?","?","M","M","R","?","R","T","T","$","?","R","M","R","B"],"character_chosen":"THE_SILENT","items_purchased":["DollysMirror","Backstab","Poisoned Stab","Ancient Tea Set"],"campfire_rested":4,"item_purchase_floors":[5,14,14,28],"current_hp_per_floor":[65,54,54,53,53,53,24,24,24,12,33,22,10,10,31,26,70,56,56,56,52,32,53,47,68,68,68,68,68,68,61,61,0,0],"gold":109,"neow_bonus":"RANDOM_COLORLESS","is_daily":false,"chose_seed":false,"campfire_upgraded":3,"win_rate":0.0,"timestamp":1610502390,"path_taken":["M","?","?","M","$","R","E","M","T","E","R","M","M","$","R","BOSS","M","?","?","M","?","R","?","R","T","?","$","?","R","M","R","BOSS"],"items_purchased_type":["Relic","Card","Card","Relic"],"build_version":"2020-12-22","purchased_purges":0,"victory":false,"max_hp_per_floor":[70,70,70,70,70,70,70,70,70,70,70,70,70,70,70,70,70,70,70,70,70,70,70,70,70,70,70,70,70,70,70,70,70,70],"card_choices":[{"not_picked":["Deep Breath","Bandage Up"],"picked":"Discovery","floor":0},{"not_picked":["Acrobatics","Bane"],"picked":"Deadly Poison","floor":1},{"not_picked":["Dagger Throw","Flying Knee"],"picked":"Outmaneuver","floor":4},{"not_picked":["Sucker Punch","Tactician"],"picked":"Flying Knee","floor":7},{"not_picked":["ShadowRift","ReplayTheSpireMod:Exploit Weakness"],"picked":"Acrobatics","floor":8},{"not_picked":["Crippling Poison","Dagger Throw"],"picked":"Distraction","floor":10},{"not_picked":["Prepared","Tactician"],"picked":"Predator","floor":12},{"not_picked":["Acrobatics","Dagger Throw"],"picked":"Hidden Blade","floor":13},{"not_picked":["infinitespire:Neurotoxin","Die Die Die"],"picked":"Envenom","floor":16},{"not_picked":["Backflip","Pace","Sucker Punch"],"picked":"SKIP","floor":18},{"not_picked":["Escape Plan","Prepared"],"picked":"Finisher","floor":21},{"not_picked":["Skewer","Dodge and Roll"],"picked":"Deflect+1","floor":22},{"not_picked":["Acrobatics","Prepared+1"],"picked":"Deadly Poison","floor":29},{"not_picked":["Hidden Blade+1","Quick Slash"],"picked":"Poisoned Stab+1","floor":31}],"player_experience":147320,"relics_obtained":[{"floor":7,"key":"infinitespire:ShieldingShard"},{"floor":9,"key":"Bag of Marbles"},{"floor":10,"key":"halation:TwoAmDonut"},{"floor":26,"key":"Snake Skull"},{"floor":27,"key":"Oddly Smooth Stone"},{"floor":29,"key":"Bag of Preparation"}],"event_choices":[{"damage_healed":0,"gold_gain":75,"player_choice":"Gather Gold","damage_taken":11,"max_hp_gain":0,"max_hp_loss":0,"event_name":"World of Goop","floor":2,"gold_loss":0},{"damage_healed":0,"gold_gain":0,"player_choice":"Simplicity","damage_taken":0,"max_hp_gain":0,"max_hp_loss":0,"event_name":"Back to Basics","floor":19,"gold_loss":0,"cards_upgraded":["Strike_G","Strike_G","Strike_G","Strike_G","Strike_G","Defend_G","Defend_G","Defend_G","Defend_G","Defend_G"]},{"damage_healed":0,"gold_gain":0,"player_choice":"3 cards matched","damage_taken":0,"max_hp_gain":0,"max_hp_loss":0,"event_name":"Match and Keep!","floor":20,"gold_loss":0,"cards_obtained":["Bandage Up","Neutralize","ReplayTheSpireMod:The Works"]},{"damage_healed":0,"gold_gain":0,"player_choice":"Joined the Cult","damage_taken":6,"max_hp_gain":0,"max_hp_loss":0,"event_name":"Nest","floor":24,"gold_loss":0,"cards_obtained":["RitualDagger"]}],"is_beta":false,"boss_relics":[{"not_picked":["Ectoplasm","halation:MonkeysPaw","Honey Jar"]}],"items_purged_floors":[],"is_endless":false,"potions_floor_spawned":[4,7,10,16,18,22],"killed_by":"Collector","ascension_level":1}}