{"host":"fnk117zi8wf5078t","time":1610529136,"event":{"mods":["AchievementEnabler","BaseMod","Colored Map","Minty Spire (QoL Compilation)","Rare Cards Sparkle","SuperFastMode","everything is the same but u backflip on backflip"],"gold_per_floor":[16,16,166,166,52,52,72,85,167,167,186,64,80,94,94,187,187,201,251,173,191,114,114,114,114],"floor_reached":24,"language":"KOR","playtime":689,"items_purged":["Doubt"],"score":372,"play_id":"8ae204dd-3be7-4673-b56c-95eb2e390b57","local_time":"20210113181216","is_ascension_mode":true,"campfire_choices":[{"floor":6.0,"key":"REST"},{"data":"Combust","floor":10.0,"key":"SMITH"},{"data":"Rupture","floor":15,"key":"SMITH"},{"floor":23,"key":"REST"}],"circlet_count":0,"master_deck":["AscendersBane","Strike_R","Strike_R","Strike_R","Strike_R","Strike_R","Defend_R","Defend_R","Defend_R","Defend_R","Bash","Ghostly Armor","Combust+1","Hemokinesis","Spot Weakness","Rupture+1","Bloodletting","Evolve","Inflame","Second Wind","Feed","Rupture","Battle Trance"],"relics":["Burning Blood","Torii","Golden Idol","Self Forming Clay","Runic Cube"],"acts_visited":["Exordium","TheCity"],"potions_floor_usage":[16,16,21],"damage_taken":[{"damage":10.0,"enemies":"Small Slimes","floor":1.0,"turns":4.0},{"damage":4.0,"enemies":"Jaw Worm","floor":7.0,"turns":3.0},{"damage":3.0,"enemies":"2 Louse","floor":8.0,"turns":3.0},{"damage":10.0,"enemies":"Lots of Slimes","floor":11.0,"turns":3.0},{"damage":25.0,"enemies":"Exordium Thugs","floor":13.0,"turns":3.0},{"damage":7.0,"enemies":"2 Fungi Beasts","floor":14.0,"turns":4.0},{"damage":37,"enemies":"The Guardian","floor":16,"turns":10},{"damage":33,"enemies":"Shell Parasite","floor":18,"turns":7},{"damage":24,"enemies":"Spheric Guardian","floor":21,"turns":4},{"damage":40,"enemies":"Shelled Parasite and Fungi","floor":24,"turns":3}],"seed_played":"9150732198459349992","potions_obtained":[{"floor":1.0,"key":"GamblersBrew"},{"floor":8.0,"key":"BloodPotion"},{"floor":13.0,"key":"Swift Potion"},{"floor":18,"key":"PowerPotion"}],"is_trial":false,"path_per_floor":["M","?","?","?","$","R","M","M","T","R","M","$","M","M","R","B",null,"M","?","$","M","$","R","M"],"character_chosen":"IRONCLAD","items_purchased":["Combust","Bloodletting","Evolve","Rupture","Battle Trance"],"campfire_rested":2,"item_purchase_floors":[5,12,12,20,22],"current_hp_per_floor":[64,38,38,34,34,56,58,61,61,61,57,57,38,37,37,21,62,38,31,31,16,16,40,0,0],"gold":114,"neow_bonus":"ONE_RARE_RELIC","is_daily":false,"chose_seed":false,"campfire_upgraded":2,"win_rate":0.0,"timestamp":1610529136,"path_taken":["M","?","?","?","$","R","M","M","T","R","?","?","M","M","R","BOSS","M","?","$","?","$","R","M"],"items_purchased_type":["Card","Card","Card","Card","Card"],"build_version":"2020-12-22","purchased_purges":1,"victory":false,"max_hp_per_floor":[75,75,75,75,75,75,75,75,75,75,75,75,75,75,75,75,75,78,78,78,81,81,81,81,81],"card_choices":[{"not_picked":["Dropkick","True Grit"],"picked":"Ghostly Armor","floor":1.0},{"not_picked":["Clash","Combust"],"picked":"Hemokinesis","floor":7.0},{"not_picked":["Twin Strike","Flex"],"picked":"Spot Weakness","floor":8.0},{"not_picked":["Clothesline","Headbutt"],"picked":"Rupture","floor":11.0},{"not_picked":["Metallicize","Armaments"],"picked":"Inflame","floor":13.0},{"not_picked":["Entrench","Headbutt"],"picked":"Second Wind","floor":14.0},{"not_picked":["Double Tap","Demon Form"],"picked":"Feed","floor":16},{"not_picked":["Rampage","Disarm+1","Thunderclap"],"picked":"SKIP","floor":18},{"not_picked":["Havoc","Power Through","Wild Strike"],"picked":"SKIP","floor":21}],"player_experience":390732,"relics_obtained":[{"floor":9.0,"key":"Self Forming Clay"}],"event_choices":[{"damage_healed":0.0,"max_hp_gain":0.0,"max_hp_loss":0.0,"gold_gain":0.0,"event_name":"Golden Idol","player_choice":"Take Damage","floor":2.0,"gold_loss":0.0,"damage_taken":26.0,"relics_obtained":["Golden Idol"]},{"damage_healed":0.0,"max_hp_gain":0.0,"max_hp_loss":0.0,"gold_gain":150.0,"event_name":"Liars Game","player_choice":"AGREE","floor":3.0,"gold_loss":0.0,"damage_taken":0.0,"cards_obtained":["Doubt"]},{"damage_healed":0.0,"max_hp_gain":0.0,"max_hp_loss":0.0,"gold_gain":0.0,"event_name":"The Woman in Blue","player_choice":"Bought 0 Potions","floor":4.0,"gold_loss":0.0,"damage_taken":0.0},{"damage_healed":0,"gold_gain":50,"player_choice":"Touch","damage_taken":7,"max_hp_gain":0,"max_hp_loss":0,"event_name":"FaceTrader","floor":19,"gold_loss":0}],"is_beta":false,"boss_relics":[{"not_picked":["Calling Bell","Velvet Choker"],"picked":"Runic Cube"}],"items_purged_floors":[5],"is_endless":false,"potions_floor_spawned":[1,8,13,14,18],"killed_by":"Shelled Parasite and Fungi","ascension_level":20}}