{"host":"3po7ngt2j61s4rmj","time":1610572870,"event":{"mods":["BaseMod","Minty Spire (QoL Compilation)","Relic Stats","StSLib"],"gold_per_floor":[158,83,113,172,231,231,34,34,34,109,174,174,241,241,241,345,345,382,21,21,82,146,196,196,229,254,254,285,285,285,322,322,401,401,441,441,485,43,43,71,137,137,137,37,67,67,67,67],"floor_reached":47,"language":"ENG","playtime":3688,"items_purged":["Strike_G","Pain"],"score":1048,"play_id":"6cba78fd-8427-406c-a597-6d9d4ce7ab9f","local_time":"20210113142110","is_ascension_mode":true,"campfire_choices":[{"data":"HandOfGreed","floor":6,"key":"SMITH"},{"data":"Setup","floor":8,"key":"SMITH"},{"floor":12,"key":"REST"},{"data":"Adrenaline","floor":15,"key":"SMITH"},{"floor":24,"key":"REST"},{"floor":27,"key":"REST"},{"floor":30,"key":"REST"},{"floor":32,"key":"REST"},{"floor":46,"key":"REST"}],"circlet_count":0,"master_deck":["AscendersBane","Strike_G","Defend_G","Defend_G","Defend_G","Defend_G","Survivor","Neutralize","HandOfGreed+1","Backflip","Setup+1","Flying Knee","Caltrops+1","PiercingWail","Adrenaline+1","Malaise","Flying Knee+1","Backstab+1","Adrenaline+1","Footwork","Riddle With Holes+1","Blade Dance+1","Bouncing Flask+1","Outmaneuver+1","Crippling Poison+1","Setup+1","Bullet Time+1","Dodge and Roll+1","Outmaneuver+1","Concentrate+1","Bouncing Flask+1","Blind+1","Cloak And Dagger+1","Acrobatics+1","Madness+1","Madness+1","Phantasmal Killer+1"],"relics":["Ring of the Snake","Bronze Scales","Unceasing Top","Astrolabe","Mango","Toxic Egg 2","Nunchaku","Bag of Marbles","Pen Nib","WarpedTongs","SlaversCollar","Lee\u0027s Waffle","Oddly Smooth Stone","Bottled Lightning","Pocketwatch"],"acts_visited":["Exordium","TheCity","TheBeyond"],"potions_floor_usage":[16,20,23,33,33,40,40],"damage_taken":[{"damage":3,"enemies":"2 Louse","floor":1,"turns":4},{"damage":2,"enemies":"Jaw Worm","floor":3,"turns":6},{"damage":7,"enemies":"Small Slimes","floor":4,"turns":4},{"damage":0,"enemies":"2 Fungi Beasts","floor":11,"turns":5},{"damage":0,"enemies":"Exordium Thugs","floor":13,"turns":4},{"damage":18,"enemies":"Hexaghost","floor":16,"turns":8},{"damage":14,"enemies":"Spheric Guardian","floor":18,"turns":4},{"damage":0,"enemies":"2 Thieves","floor":20,"turns":1},{"damage":13,"enemies":"Shelled Parasite and Fungi","floor":21,"turns":7},{"damage":17,"enemies":"3 Cultists","floor":22,"turns":6},{"damage":0,"enemies":"Gremlin Leader","floor":23,"turns":7},{"damage":21,"enemies":"Book of Stabbing","floor":25,"turns":4},{"damage":30,"enemies":"Gremlin Leader","floor":28,"turns":6},{"damage":8,"enemies":"Chosen and Byrds","floor":31,"turns":3},{"damage":51,"enemies":"Champ","floor":33,"turns":9},{"damage":14,"enemies":"3 Darklings","floor":35,"turns":5},{"damage":4,"enemies":"3 Shapes","floor":37,"turns":4},{"damage":25,"enemies":"Giant Head","floor":40,"turns":8},{"damage":18,"enemies":"Jaw Worm Horde","floor":41,"turns":6},{"damage":12,"enemies":"Reptomancer","floor":45,"turns":6},{"damage":45,"enemies":"Nemesis","floor":47,"turns":4}],"seed_played":"1967884634580322149","potions_obtained":[{"floor":4,"key":"CultistPotion"},{"floor":13,"key":"SmokeBomb"},{"floor":21,"key":"SpeedPotion"},{"floor":22,"key":"FearPotion"},{"floor":23,"key":"Fire Potion"},{"floor":25,"key":"CultistPotion"},{"floor":28,"key":"PowerPotion"},{"floor":35,"key":"Dexterity Potion"},{"floor":37,"key":"AttackPotion"}],"is_trial":false,"path_per_floor":["M","?","M","M","?","R","$","R","T","?","M","R","M","?","R","B",null,"M","$","M","M","M","E","R","E","T","R","E","?","R","M","R","B",null,"M","?","M","$","?","E","M","?","T","$","E","R","E"],"character_chosen":"THE_SILENT","items_purchased":["Bronze Scales","Caltrops","Mango","Footwork","Lee\u0027s Waffle","Concentrate+1","Bouncing Flask+1","Blind+1"],"campfire_rested":6,"item_purchase_floors":[7,7,19,19,38,38,38,38],"current_hp_per_floor":[41,41,39,32,32,32,32,32,32,21,21,40,40,40,40,22,55,41,55,55,42,25,25,49,28,28,52,22,22,46,38,62,11,63,49,49,45,87,87,62,44,28,28,28,16,42,0,0],"gold":67,"neow_bonus":"RANDOM_COLORLESS_2","is_daily":false,"chose_seed":false,"campfire_upgraded":3,"win_rate":0.0,"timestamp":1610572870,"path_taken":["M","?","M","M","?","R","?","R","T","?","M","R","M","?","R","BOSS","M","$","M","M","M","E","R","E","T","R","E","?","R","?","R","BOSS","M","?","M","$","?","E","M","?","T","$","E","R","E"],"items_purchased_type":["Relic","Card","Relic","Card","Relic","Card","Card","Card"],"build_version":"2020-12-22","purchased_purges":2,"victory":false,"max_hp_per_floor":[66,66,66,66,66,66,66,66,66,66,66,66,66,66,66,66,66,66,80,80,80,80,80,80,80,80,80,80,80,80,80,80,80,80,80,80,80,87,87,87,87,87,87,87,87,87,87,87],"relic_stats":{"Nunchaku":[13],"Lee\u0027s Waffle":42,"counters":[21,111],"Bronze Scales":[222],"Astrolabe":["Flying Knee","Backstab","Adrenaline"],"Pen Nib":[11],"obtain_stats":[{"Lee\u0027s Waffle":38,"Astrolabe":17,"Oddly Smooth Stone":40,"Mango":19,"Pen Nib":28,"WarpedTongs":29,"SlaversCollar":34,"Nunchaku":25,"Bronze Scales":7,"Bag of Marbles":26,"Bottled Lightning":43,"Toxic Egg 2":23,"Unceasing Top":9,"Ring of the Snake":0,"Pocketwatch":45},{"Lee\u0027s Waffle":17,"Astrolabe":6,"Oddly Smooth Stone":18,"Mango":7,"Pen Nib":13,"WarpedTongs":13,"SlaversCollar":15,"Nunchaku":12,"Bronze Scales":3,"Bag of Marbles":12,"Bottled Lightning":19,"Toxic Egg 2":11,"Unceasing Top":3,"Ring of the Snake":0,"Pocketwatch":20},{"Lee\u0027s Waffle":87,"Astrolabe":31,"Oddly Smooth Stone":95,"Mango":35,"Pen Nib":66,"WarpedTongs":66,"SlaversCollar":78,"Nunchaku":60,"Bronze Scales":14,"Bag of Marbles":60,"Bottled Lightning":101,"Toxic Egg 2":56,"Unceasing Top":14,"Ring of the Snake":0,"Pocketwatch":107}],"Unceasing Top":[61],"Ring of the Snake":[42],"WarpedTongs":[42],"Pocketwatch":[0]},"card_choices":[{"not_picked":["Panache","Secret Weapon"],"picked":"HandOfGreed","floor":0},{"not_picked":["Slice","Flying Knee"],"picked":"Backflip","floor":1},{"not_picked":["Tactician","Cloak And Dagger"],"picked":"Setup","floor":3},{"not_picked":["Acrobatics","Cloak And Dagger"],"picked":"Flying Knee","floor":4},{"not_picked":["Slice","Blur"],"picked":"PiercingWail","floor":11},{"not_picked":["Underhanded Strike","Sucker Punch"],"picked":"Adrenaline","floor":13},{"not_picked":["Venomology","Unload"],"picked":"Malaise","floor":16},{"not_picked":["Skewer","Underhanded Strike"],"picked":"All Out Attack","floor":18},{"not_picked":["Catalyst","Predator"],"picked":"Riddle With Holes+1","floor":21},{"not_picked":["Catalyst","Deflect"],"picked":"Blade Dance+1","floor":22},{"not_picked":["Acrobatics+1","Dagger Throw"],"picked":"Bouncing Flask+1","floor":23},{"not_picked":["Deadly Poison+1","Eviscerate"],"picked":"Outmaneuver+1","floor":25},{"not_picked":["Bane+1","PiercingWail+1"],"picked":"Crippling Poison+1","floor":28},{"not_picked":["Skewer","Accuracy"],"picked":"Setup+1","floor":31},{"not_picked":["A Thousand Cuts","Wraith Form v2"],"picked":"Bullet Time+1","floor":33},{"not_picked":["Blade Dance+1","Caltrops"],"picked":"Dodge and Roll+1","floor":35},{"not_picked":["Deflect+1","Flying Knee+1"],"picked":"Outmaneuver+1","floor":37},{"not_picked":["Slice+1","Sucker Punch+1"],"picked":"Cloak And Dagger+1","floor":40},{"not_picked":["Quick Slash","Sucker Punch"],"picked":"Acrobatics+1","floor":41},{"not_picked":["Deflect+1","Leg Sweep+1"],"picked":"Phantasmal Killer+1","floor":45}],"player_experience":887650,"relics_obtained":[{"floor":9,"key":"Unceasing Top"},{"floor":23,"key":"Toxic Egg 2"},{"floor":25,"key":"Nunchaku"},{"floor":26,"key":"Bag of Marbles"},{"floor":28,"key":"Pen Nib"},{"floor":40,"key":"Oddly Smooth Stone"},{"floor":43,"key":"Bottled Lightning"},{"floor":45,"key":"Pocketwatch"}],"event_choices":[{"cards_removed":["Defend_G"],"damage_healed":0,"gold_gain":0,"player_choice":"Card Removal","damage_taken":0,"max_hp_gain":0,"max_hp_loss":0,"event_name":"The Cleric","floor":2,"gold_loss":75},{"damage_healed":0,"gold_gain":59,"player_choice":"Gained Gold","damage_taken":0,"max_hp_gain":0,"max_hp_loss":0,"event_name":"Golden Wing","floor":5,"gold_loss":0},{"damage_healed":0,"gold_gain":75,"player_choice":"Gather Gold","damage_taken":11,"max_hp_gain":0,"max_hp_loss":0,"event_name":"World of Goop","floor":10,"gold_loss":0},{"damage_healed":0,"gold_gain":0,"player_choice":"Grow","damage_taken":0,"max_hp_gain":0,"max_hp_loss":0,"event_name":"Living Wall","floor":14,"gold_loss":0,"cards_upgraded":["Caltrops"]},{"damage_healed":0,"gold_gain":0,"player_choice":"Rummage","damage_taken":0,"relics_obtained":["WarpedTongs"],"max_hp_gain":0,"max_hp_loss":0,"event_name":"Accursed Blacksmith","floor":29,"gold_loss":0,"cards_obtained":["Pain"]},{"damage_healed":0,"gold_gain":0,"player_choice":"Ignored","damage_taken":0,"max_hp_gain":0,"max_hp_loss":0,"event_name":"Tomb of Lord Red Mask","floor":36,"gold_loss":0},{"cards_removed":["All Out Attack"],"damage_healed":0,"gold_gain":0,"player_choice":"Removed Attack","damage_taken":0,"max_hp_gain":0,"max_hp_loss":0,"event_name":"Falling","floor":39,"gold_loss":0},{"damage_healed":0,"gold_gain":0,"player_choice":"Embrace Madness","damage_taken":16,"max_hp_gain":0,"max_hp_loss":0,"event_name":"Winding Halls","floor":42,"gold_loss":0,"cards_obtained":["Madness","Madness"]}],"is_beta":false,"boss_relics":[{"not_picked":["Tiny House","Sozu"],"picked":"Astrolabe"},{"not_picked":["Coffee Dripper","Black Star"],"picked":"SlaversCollar"}],"items_purged_floors":[38,44],"is_endless":false,"potions_floor_spawned":[4,13,21,22,23,25,28,35,37],"killed_by":"Nemesis","ascension_level":15}}