{"host":"vyjryxuuuxkt43k4","time":1610534297,"event":{"mods":["BaseMod","Colored Map","DeckTracker","Minty Spire (QoL Compilation)","Permanent Neow","Quick Restart","StSLib","SuperFastMode","everything is the same but u backflip on backflip"],"gold_per_floor":[110,110,130,148,166,200,200,226,277,277,21,39,59,70,70,70,70],"floor_reached":16,"language":"KOR","playtime":823,"items_purged":[],"score":137,"play_id":"c954c9a4-b2c2-4bd3-8409-1d2d97ffb4fb","local_time":"20210113193817","is_ascension_mode":true,"campfire_choices":[{"floor":7,"key":"REST"},{"data":"Body Slam","floor":10,"key":"SMITH"},{"floor":15,"key":"REST"}],"circlet_count":0,"master_deck":["Strike_R","Strike_R","Strike_R","Strike_R","Strike_R","Defend_R","Defend_R","Defend_R","Defend_R","Bash","Impatience","Rampage","Body Slam+1","Armaments","Pummel","Impervious","Clothesline","Ghostly Armor","Perfected Strike","Evolve","Shrug It Off","Pommel Strike"],"relics":["Burning Blood","Dream Catcher","The Courier","Charon\u0027s Ashes"],"acts_visited":["Exordium"],"potions_floor_usage":[6,6,8,13,16,16],"damage_taken":[{"damage":7,"enemies":"Jaw Worm","floor":1,"turns":3},{"damage":6,"enemies":"Cultist","floor":3,"turns":3},{"damage":5,"enemies":"Small Slimes","floor":4,"turns":4},{"damage":12,"enemies":"Looter","floor":5,"turns":4},{"damage":35,"enemies":"3 Sentries","floor":6,"turns":9},{"damage":25,"enemies":"Gremlin Nob","floor":8,"turns":5},{"damage":27,"enemies":"Gremlin Gang","floor":12,"turns":5},{"damage":15,"enemies":"3 Louse","floor":13,"turns":4},{"damage":10,"enemies":"2 Fungi Beasts","floor":14,"turns":3},{"damage":54,"enemies":"Slime Boss","floor":16,"turns":10}],"seed_played":"838419518009379314","potions_obtained":[{"floor":3,"key":"BloodPotion"},{"floor":4,"key":"Weak Potion"},{"floor":5,"key":"Dexterity Potion"},{"floor":12,"key":"Dexterity Potion"},{"floor":13,"key":"Dexterity Potion"},{"floor":14,"key":"EssenceOfSteel"}],"is_trial":false,"path_per_floor":["M","?","M","M","M","E","R","E","T","R","$","M","M","M","R","B"],"character_chosen":"IRONCLAD","items_purchased":["Charon\u0027s Ashes","Perfected Strike"],"campfire_rested":2,"item_purchase_floors":[11,11],"current_hp_per_floor":[79,79,79,80,74,61,80,61,61,61,61,40,31,27,51,0,0],"gold":70,"neow_bonus":"RANDOM_COLORLESS","is_daily":false,"chose_seed":false,"campfire_upgraded":1,"win_rate":0.0,"timestamp":1610534297,"path_taken":["M","?","M","M","M","E","R","E","T","R","$","?","M","M","R","BOSS"],"items_purchased_type":["Relic","Card"],"build_version":"2020-12-22","purchased_purges":0,"victory":false,"max_hp_per_floor":[80,80,80,80,80,80,80,80,80,80,80,80,80,80,80,80,80],"card_choices":[{"not_picked":["Jack Of All Trades","Panacea"],"picked":"Impatience","floor":0},{"not_picked":["Sentinel","Blood for Blood"],"picked":"Rampage","floor":1},{"not_picked":["Clash","Warcry"],"picked":"Body Slam","floor":3},{"not_picked":["Dark Embrace","True Grit"],"picked":"Armaments","floor":4},{"not_picked":["Twin Strike","Intimidate"],"picked":"Pummel","floor":5},{"not_picked":["Clothesline","True Grit"],"picked":"Impervious","floor":6},{"not_picked":["Ghostly Armor","Sentinel"],"picked":"Clothesline","floor":7},{"not_picked":["Body Slam","Clothesline"],"picked":"Ghostly Armor","floor":8},{"not_picked":["Dual Wield","Armaments"],"picked":"Evolve","floor":12},{"not_picked":["Wild Strike","Cleave"],"picked":"Shrug It Off","floor":13},{"not_picked":["Armaments","Havoc","Warcry"],"picked":"SKIP","floor":14},{"not_picked":["Twin Strike","Flex"],"picked":"Pommel Strike","floor":15}],"player_experience":248328,"relics_obtained":[{"floor":6,"key":"Dream Catcher"},{"floor":8,"key":"The Courier"}],"event_choices":[{"damage_healed":0,"gold_gain":0,"player_choice":"Bought 0 Potions","damage_taken":0,"max_hp_gain":0,"max_hp_loss":0,"event_name":"The Woman in Blue","floor":2,"gold_loss":0}],"is_beta":false,"boss_relics":[],"items_purged_floors":[],"is_endless":false,"potions_floor_spawned":[3,4,5,12,13,14],"killed_by":"Slime Boss","ascension_level":4}}