{"host":"f6w7z8zvb0mi4wy9","time":1610551832,"event":{"mods":["BaseMod","Colored Map","Minty Spire (QoL Compilation)","READ ME - Guardian Mod","StSLib","SuperFastMode","The Jungle"],"gold_per_floor":[118,118,132,44,44,73,73,102,102,115,115,132,166,91,91,192,192,209,209,209,225,68,68,218,233,233,259,277,277,306,322,322,420,420,431,431,30,45,61,86,86,105,130,158,158,191,204,222,222,222,222,222,72,101,101],"floor_reached":56,"language":"KOR","playtime":2793,"items_purged":["Defend_B","Strike_B"],"score":1396,"play_id":"ab036be8-d5b8-4778-aa0d-f8ecacd6ddb3","local_time":"20210114003032","is_ascension_mode":true,"campfire_choices":[{"data":"Dualcast","floor":7.0,"key":"SMITH"},{"data":"Chaos","floor":15.0,"key":"SMITH"},{"data":"Dramatic Entrance","floor":23.0,"key":"SMITH"},{"floor":32.0,"key":"REST"},{"floor":41.0,"key":"REST"},{"floor":49.0,"key":"RECALL"},{"data":"Seek","floor":52.0,"key":"SMITH"}],"circlet_count":0,"master_deck":["Strike_B","Strike_B+1","Defend_B+1","Defend_B","Zap+1","Dualcast+1","Chill","Hologram+1","Dramatic Entrance+1","Seek+1","Loop","Streamline","Chaos+1","Core Surge","CurseOfTheBell","Glacier","White Noise","Ball Lightning","White Noise","Chill+1","Gash","Echo Form","Steam+1","Panacea","White Noise","Sweeping Beam+1","Capacitor+1","Go for the Eyes+1","White Noise+1","Blizzard","White Noise+1","Meteor Strike","Capacitor+1","Beam Cell+1","Tempest"],"relics":["Cracked Core","NeowsBlessing","FossilizedHelix","Lizard Tail","Peace Pipe","Gambling Chip","Calling Bell","Calipers","StrikeDummy","Lantern","MealTicket","Pantograph","Blue Candle","Orichalcum","Nuclear Battery","War Paint","Regal Pillow","Art of War","Pear","Pen Nib"],"acts_visited":["Exordium","Exordium","TheBeyond","TheEnding"],"potions_floor_usage":[54,54,54,54,55],"damage_taken":[{"damage":0.0,"enemies":"Jaw Worm","floor":1.0,"turns":1.0},{"damage":0.0,"enemies":"Cultist","floor":3.0,"turns":1.0},{"damage":0.0,"enemies":"Gremlin Nob","floor":6.0,"turns":1.0},{"damage":6.0,"enemies":"Lagavulin","floor":8.0,"turns":8.0},{"damage":0.0,"enemies":"Small Slimes","floor":10.0,"turns":2.0},{"damage":0.0,"enemies":"Looter","floor":12.0,"turns":2.0},{"damage":0.0,"enemies":"3 Sentries","floor":13.0,"turns":6.0},{"damage":20.0,"enemies":"The Guardian","floor":16.0,"turns":10.0},{"damage":5.0,"enemies":"theJungle:MUSHROOMGANG","floor":18.0,"turns":4.0},{"damage":0.0,"enemies":"theJungle:5_Spyders","floor":21.0,"turns":4.0},{"damage":0.0,"enemies":"theJungle:2_Snecko_Cultists","floor":25.0,"turns":3.0},{"damage":24.0,"enemies":"theJungle:MamaSnecko","floor":27.0,"turns":11.0},{"damage":12.0,"enemies":"theJungle:JungleHuntersEncounter","floor":28.0,"turns":5.0},{"damage":28.0,"enemies":"theJungle:Cassacara","floor":30.0,"turns":9.0},{"damage":4.0,"enemies":"Snake Plant","floor":31.0,"turns":4.0},{"damage":34.0,"enemies":"theJungle:QueenSpyder","floor":33.0,"turns":19.0},{"damage":2.0,"enemies":"Orb Walker","floor":35.0,"turns":4.0},{"damage":0.0,"enemies":"3 Darklings","floor":38.0,"turns":3.0},{"damage":0.0,"enemies":"Jaw Worm Horde","floor":39.0,"turns":6.0},{"damage":37.0,"enemies":"Giant Head","floor":40.0,"turns":9.0},{"damage":4.0,"enemies":"Writhing Mass","floor":42.0,"turns":8.0},{"damage":44.0,"enemies":"Reptomancer","floor":44.0,"turns":8.0},{"damage":6.0,"enemies":"Nemesis","floor":46.0,"turns":9.0},{"damage":9.0,"enemies":"Sphere and 2 Shapes","floor":47.0,"turns":6.0},{"damage":12.0,"enemies":"4 Shapes","floor":48.0,"turns":6.0},{"damage":31.0,"enemies":"Time Eater","floor":50.0,"turns":10.0},{"damage":13,"enemies":"Shield and Spear","floor":54,"turns":9},{"damage":100,"enemies":"The Heart","floor":55,"turns":10}],"seed_played":"-7370899739875062786","potions_obtained":[{"floor":1.0,"key":"Fire Potion"},{"floor":6.0,"key":"SpeedPotion"},{"floor":8.0,"key":"SmokeBomb"},{"floor":16.0,"key":"LiquidBronze"},{"floor":21.0,"key":"EssenceOfSteel"},{"floor":25.0,"key":"Block Potion"},{"floor":27.0,"key":"ColorlessPotion"},{"floor":28.0,"key":"SkillPotion"},{"floor":39.0,"key":"Fire Potion"},{"floor":44.0,"key":"SneckoOil"},{"floor":46.0,"key":"Energy Potion"},{"floor":48.0,"key":"DistilledChaos"}],"is_trial":false,"path_per_floor":["M","?","M","$","?","E","R","E","T","M","?","M","E","$","R","B",null,"M","?","?","M","$","R","?","M","T","E","M","?","E","M","R","B",null,"M","?","$","M","M","E","R","M","T","E","?","E","M","M","R","B",null,"R","$","E","B",null],"character_chosen":"DEFECT","items_purchased":["Dramatic Entrance","MealTicket","War Paint","Panacea","White Noise","PowerPotion","EntropicBrew"],"campfire_rested":2,"item_purchase_floors":[4,22,37,37,37,53,53],"current_hp_per_floor":[75,75,75,75,75,75,75,69,69,69,54,54,54,54,54,34,75,70,75,75,75,75,75,75,75,75,51,39,39,11,7,29,20,75,73,73,75,75,75,38,75,71,71,27,27,31,22,10,10,4,85,85,85,72,42],"gold":101,"neow_bonus":"THREE_ENEMY_KILL","is_daily":false,"chose_seed":false,"campfire_upgraded":4,"win_rate":0.0,"timestamp":1610551832,"path_taken":["M","?","M","?","?","E","R","E","T","M","?","?","E","$","R","BOSS","M","?","?","?","$","R","?","M","T","E","?","?","E","M","R","BOSS","M","?","$","M","M","E","R","M","T","E","?","E","M","?","R","BOSS","R","$","E","BOSS"],"items_purchased_type":["Card","Relic","Relic","Card","Card","Potion","Potion"],"build_version":"2020-12-22","purchased_purges":2,"victory":true,"max_hp_per_floor":[75,75,75,75,75,75,75,75,75,75,75,75,75,75,75,75,75,75,75,75,75,75,75,75,75,75,75,75,75,75,75,75,75,75,75,75,75,75,75,75,75,75,75,75,75,85,85,85,85,85,85,85,85,85,85],"card_choices":[{"not_picked":["Consume","Ball Lightning"],"picked":"Chill","floor":1.0},{"not_picked":["Hello World","Double Energy"],"picked":"Hologram","floor":3.0},{"not_picked":["Barrage","Chill"],"picked":"Seek","floor":6.0},{"not_picked":["Coolheaded","Stack"],"picked":"Loop","floor":8.0},{"not_picked":["Coolheaded","Gash"],"picked":"Streamline","floor":10.0},{"not_picked":["Barrage","Storm"],"picked":"Chaos","floor":12.0},{"not_picked":["Hyperbeam","Reinforced Body","Doom and Gloom"],"picked":"SKIP","floor":13.0},{"not_picked":["Multi-Cast","Biased Cognition"],"picked":"Core Surge","floor":16.0},{"not_picked":["Coolheaded","Blizzard"],"picked":"Glacier","floor":18.0},{"not_picked":["Gash","Conserve Battery+1"],"picked":"White Noise","floor":21.0},{"not_picked":["Aggregate","Hologram"],"picked":"Ball Lightning","floor":25.0},{"not_picked":["Darkness","Hello World","Heatsinks"],"picked":"SKIP","floor":27.0},{"not_picked":["Hologram","Rebound"],"picked":"White Noise","floor":28.0},{"not_picked":["Compile Driver","Darkness"],"picked":"Chill+1","floor":30.0},{"not_picked":["Stack+1","Turbo"],"picked":"Gash","floor":31.0},{"not_picked":["Seek","Biased Cognition"],"picked":"Echo Form","floor":33.0},{"not_picked":["Turbo+1","Sweeping Beam"],"picked":"Steam","floor":35.0},{"not_picked":["Redo","Coolheaded"],"picked":"Sweeping Beam+1","floor":38.0},{"not_picked":["Go for the Eyes","BootSequence+1"],"picked":"Capacitor+1","floor":39.0},{"not_picked":["Multi-Cast","Ball Lightning"],"picked":"Go for the Eyes+1","floor":40.0},{"not_picked":["Go for the Eyes","Barrage+1"],"picked":"White Noise+1","floor":42.0},{"not_picked":["Loop","Cold Snap"],"picked":"Blizzard","floor":44.0},{"not_picked":["Cold Snap","Stack+1"],"picked":"Meteor Strike","floor":46.0},{"not_picked":["Heatsinks","White Noise+1"],"picked":"Capacitor+1","floor":47.0},{"not_picked":["Genetic Algorithm","Compile Driver"],"picked":"Beam Cell+1","floor":48.0},{"not_picked":["Doom and Gloom+1","Ball Lightning"],"picked":"Tempest","floor":54}],"player_experience":871987,"relics_obtained":[{"floor":6.0,"key":"FossilizedHelix"},{"floor":8.0,"key":"Lizard Tail"},{"floor":9.0,"key":"Peace Pipe"},{"floor":13.0,"key":"Gambling Chip"},{"floor":17.0,"key":"Calipers"},{"floor":17.0,"key":"StrikeDummy"},{"floor":17.0,"key":"Lantern"},{"floor":26.0,"key":"Pantograph"},{"floor":27.0,"key":"Blue Candle"},{"floor":30.0,"key":"Orichalcum"},{"floor":40.0,"key":"Regal Pillow"},{"floor":44.0,"key":"Art of War"},{"floor":46.0,"key":"Pear"},{"floor":54,"key":"Pen Nib"}],"event_choices":[{"cards_removed":["Strike_B"],"damage_healed":0.0,"max_hp_gain":0.0,"max_hp_loss":0.0,"gold_gain":0.0,"event_name":"Bonfire Elementals","player_choice":"Offered Basic","floor":2.0,"gold_loss":0.0,"damage_taken":0.0},{"damage_healed":0.0,"max_hp_gain":0.0,"max_hp_loss":0.0,"gold_gain":0.0,"event_name":"Living Wall","player_choice":"Grow","floor":5.0,"gold_loss":0.0,"damage_taken":0.0,"cards_upgraded":["Zap"]},{"damage_healed":0.0,"max_hp_gain":0.0,"max_hp_loss":0.0,"gold_gain":0.0,"event_name":"Shining Light","player_choice":"Entered Light","floor":11.0,"gold_loss":0.0,"damage_taken":15.0,"cards_upgraded":["Strike_B","Defend_B"]},{"cards_removed":["Defend_B"],"damage_healed":0.0,"max_hp_gain":0.0,"max_hp_loss":0.0,"gold_gain":0.0,"event_name":"Falling","player_choice":"Removed Skill","floor":36.0,"gold_loss":0.0,"damage_taken":0.0},{"damage_healed":0.0,"max_hp_gain":0.0,"max_hp_loss":0.0,"gold_gain":0.0,"event_name":"Duplicator","player_choice":"Copied","floor":45.0,"gold_loss":0.0,"damage_taken":0.0,"cards_obtained":["White Noise"]}],"is_beta":false,"boss_relics":[{"not_picked":["Fusion Hammer","Ectoplasm"],"picked":"Calling Bell"},{"not_picked":["Runic Dome","Pandora\u0027s Box"],"picked":"Nuclear Battery"}],"items_purged_floors":[14,37],"is_endless":false,"potions_floor_spawned":[1,6,8,16,21,25,27,28,39,44,46,48],"ascension_level":1}}