{"host":"lck2g1j0kcwr02ez","time":1610533512,"event":{"mods":["BaseMod","CapriCore","Hermit","Jorbs\u0027s Wanderer Trilogy","Marisa£®ÏF”Í°°ƒß¿Ì…≥£©","Minty Spire (QoL Compilation)","Rare Cards Sparkle","StSLib","The Alterego","The Hierophant"],"gold_per_floor":[117,117,132,8061,8077,8077,8027,7469,7469,7492,7502,7512,7512,7546,7546,7642,7642,7642,7642,7037,7037,7037,7037,7037,7037,7037,7037,7037,7037,6583,6583,6583,6583,6583,6583,6583,6583,6583,5988,5988,5988,5988,5988,5988,5988,5988,5988,5558,5558,5558,5558,5558,5071,5071,5071],"floor_reached":56,"language":"ZHS","playtime":3902,"items_purged":["Strike_MRS","Strike_MRS","Defend_MRS","Defend_MRS","Strike_MRS","Strike_MRS","Regret"],"score":1422,"play_id":"e7e3fc58-8a9d-40f9-94e7-a8add637c164","local_time":"20210113182512","is_ascension_mode":false,"campfire_choices":[{"data":"UpSweep","floor":6,"key":"SMITH"},{"data":"Apotheosis","floor":15,"key":"SMITH"},{"floor":27,"key":"RECALL"},{"data":"RitualDagger","floor":32,"key":"SMITH"},{"data":"PropBag","floor":45,"key":"SMITH"},{"floor":49,"key":"REST"},{"data":"Panacea","floor":52,"key":"SMITH"}],"circlet_count":0,"master_deck":["Defend_MRS","MasterSpark","UpSweep+1","NonDirectionalLaser","PropBag+1","AbsoluteMagnitude","PowerUp","GasGiant","WitchLeyline","EventHorizon","Apotheosis+1","SatelliteIllusion","OrrerysSun","SuperNova+1","Orbital","WitchLeyline","DC","PowerUp","Deep Breath","OortCloud","Necronomicurse","RitualDagger+1","Occultation+1","CollectingQuirk","Acceleration","PropBag+1","MagicChant+1","Orbital","Acceleration","Finesse","CasketOfStar","GasGiant+1","Orbital+1","SuperNova","Finesse","Master of Strategy","IllusionStar","MilkyWay+1","CollectingQuirk","Singularity","Panacea+1","Blind","Trip","Parasite","Parasite","GasGiant","EnergyFlow","PropBag","Impatience","MilkyWay"],"relics":["MiniHakkero","NeowsBlessing","Incense Burner","Letter Opener","Membership Card","FossilizedHelix","Kunai","Shuriken","Potion Belt","Ectoplasm","TungstenRod","StrikeDummy","Sling","Necronomicon","Bird Faced Urn","Nunchaku","Question Card","Ancient Tea Set","Orrery","Art of War","Cursed Key","PreservedInsect","Juzu Bracelet","TheAbacus","CaptainsWheel","Bottled Lightning","Happy Flower","Blue Candle","ShroomBag","Medical Kit","Gambling Chip","Pen Nib","HandDrill","Pear"],"acts_visited":["Exordium","TheCity","TheBeyond","TheEnding"],"potions_floor_usage":[16,16,16,22,22,25,33,35,41,50,55],"damage_taken":[{"damage":0,"enemies":"Cultist","floor":1,"turns":2},{"damage":0,"enemies":"Jaw Worm","floor":3,"turns":1},{"damage":0,"enemies":"Small Slimes","floor":5,"turns":1},{"damage":0,"enemies":"Blue Slaver","floor":11,"turns":3},{"damage":8,"enemies":"Exordium Thugs","floor":12,"turns":3},{"damage":0,"enemies":"Gremlin Nob","floor":14,"turns":3},{"damage":14,"enemies":"Slime Boss","floor":16,"turns":6},{"damage":5,"enemies":"3 Byrds","floor":18,"turns":5},{"damage":5,"enemies":"Shell Parasite","floor":21,"turns":2},{"damage":0,"enemies":"Snake Plant","floor":22,"turns":3},{"damage":0,"enemies":"Cultist and Chosen","floor":25,"turns":4},{"damage":11,"enemies":"Snecko","floor":28,"turns":5},{"damage":2,"enemies":"Slavers","floor":29,"turns":4},{"damage":15,"enemies":"Gremlin Leader","floor":31,"turns":4},{"damage":14,"enemies":"Collector","floor":33,"turns":6},{"damage":15,"enemies":"3 Darklings","floor":35,"turns":2},{"damage":0,"enemies":"Orb Walker","floor":37,"turns":2},{"damage":0,"enemies":"3 Darklings","floor":38,"turns":3},{"damage":0,"enemies":"Nemesis","floor":40,"turns":1},{"damage":0,"enemies":"Transient","floor":41,"turns":4},{"damage":0,"enemies":"Jaw Worm Horde","floor":42,"turns":5},{"damage":0,"enemies":"Reptomancer","floor":44,"turns":2},{"damage":0,"enemies":"Spire Growth","floor":46,"turns":2},{"damage":9,"enemies":"Donu and Deca","floor":50,"turns":5},{"damage":4,"enemies":"Shield and Spear","floor":54,"turns":2},{"damage":18,"enemies":"The Heart","floor":55,"turns":6}],"seed_played":"-7151751278257146868","potions_obtained":[{"floor":14,"key":"DuplicationPotion"},{"floor":18,"key":"FearPotion"},{"floor":22,"key":"Weak Potion"},{"floor":29,"key":"SmokeBomb"},{"floor":38,"key":"Dexterity Potion"},{"floor":40,"key":"PowerPotion"},{"floor":46,"key":"PowerPotion"},{"floor":54,"key":"Energy Potion"}],"is_trial":false,"path_per_floor":["M","?","M","$","M","R","?","$","T","T","M","M","?","E","R","B",null,"M","?","$","M","M","?","?","M","T","R","M","E","$","E","R","B",null,"M","?","M","M","$","E","M","M","T","E","R","M","?","$","R","B",null,"R","$","E","B",null],"character_chosen":"MARISA","items_purchased":["BottledSpark","AttackPotion","Incense Burner","Letter Opener","DistilledChaos","PowerUp","GasGiant","WitchLeyline","Membership Card","FossilizedHelix","Kunai","Apotheosis","TungstenRod","StrikeDummy","Sling","DC","PowerUp","Deep Breath","GamblersBrew","AttackPotion","Energy Potion","Question Card","Ancient Tea Set","Orrery","ShroomBrew","Acceleration","Finesse","SuperNova","PreservedInsect","Juzu Bracelet","TheAbacus","Finesse","Master of Strategy","EssenceOfSteel","SteroidPotion","Blue Candle","ShroomBag","Medical Kit","GasGiant","EnergyFlow","Gambling Chip","Pen Nib","HandDrill","PropBag","Impatience"],"campfire_rested":1,"item_purchase_floors":[4,4,4,4,4,4,4,4,8,8,8,8,20,20,20,20,20,20,20,20,20,30,30,30,30,30,30,39,39,39,39,39,39,39,39,48,48,48,48,48,53,53,53,53,53],"current_hp_per_floor":[75,75,75,75,75,75,75,75,75,75,75,67,72,72,72,58,80,75,75,75,70,70,58,53,53,53,53,52,56,56,49,49,45,80,67,67,69,71,71,73,80,80,80,80,80,80,71,71,80,80,80,80,80,88,84],"gold":5071,"neow_bonus":"THREE_ENEMY_KILL","is_daily":false,"chose_seed":false,"campfire_upgraded":5,"win_rate":0.0,"timestamp":1610533512,"path_taken":["M","?","M","$","?","R","?","$","T","?","M","M","?","E","R","BOSS","M","?","?","M","?","?","?","M","T","R","M","E","$","E","R","BOSS","M","?","M","M","$","E","M","M","T","E","R","M","?","$","R","BOSS","R","$","E","BOSS"],"items_purchased_type":["Potion","Potion","Relic","Relic","Potion","Card","Card","Card","Relic","Relic","Relic","Card","Relic","Relic","Relic","Card","Card","Card","Potion","Potion","Potion","Relic","Relic","Relic","Potion","Card","Card","Card","Relic","Relic","Relic","Card","Card","Potion","Potion","Relic","Relic","Relic","Card","Card","Relic","Relic","Relic","Card","Card"],"build_version":"2020-12-22","purchased_purges":7,"victory":true,"max_hp_per_floor":[75,75,75,75,75,75,75,75,75,75,75,75,80,80,80,80,80,80,80,80,80,80,80,80,80,80,80,80,80,80,80,80,80,80,80,80,80,80,80,80,80,80,80,80,80,80,80,80,80,80,80,80,80,90,90],"card_choices":[{"not_picked":["GalacticHalo","ShootingEcho"],"picked":"NonDirectionalLaser","floor":1},{"not_picked":["WitchLeyline","GalacticHalo","NonDirectionalLaser"],"picked":"SKIP","floor":3},{"not_picked":["WitchLeyline","GravityBeat"],"picked":"EventHorizon","floor":5},{"not_picked":["MysteriousBeam","DoubleSpark","UnstableBomb"],"picked":"SKIP","floor":11},{"not_picked":["GasGiant","AsteroidBelt"],"picked":"SatelliteIllusion","floor":12},{"not_picked":["Singularity","GravityBeat"],"picked":"OrrerysSun","floor":14},{"not_picked":["FinalSpark","BinaryStars"],"picked":"SuperNova","floor":16},{"not_picked":["Robbery","EnergyRecoil"],"picked":"Orbital","floor":18},{"not_picked":["BlazeAway","StarlightTyphoon+1","GrandCross"],"picked":"SKIP","floor":21},{"not_picked":["StarlightTyphoon","WitchOfGreed"],"picked":"OortCloud","floor":22},{"not_picked":["GravityBeat+1","AsteroidBelt","WitchOfGreed"],"picked":"SKIP","floor":25},{"not_picked":["StarDustReverie","DoubleSpark","PowerUp"],"picked":"SKIP","floor":28},{"not_picked":["GrandCross","DarkSpark"],"picked":"Occultation+1","floor":29},{"not_picked":["AsteroidBelt","GalacticHalo","EnergyFlow"],"picked":"CollectingQuirk","floor":30},{"not_picked":["GrandCross","6A","UnstableBomb"],"picked":"Acceleration","floor":30},{"not_picked":["Acceleration","NonDirectionalLaser","SatelliteIllusion"],"picked":"PropBag+1","floor":30},{"not_picked":["GrandCross","OrrerysSun+1","MysteriousBeam"],"picked":"MagicChant+1","floor":30},{"not_picked":["DC","GalacticHalo","ShootTheMoon"],"picked":"Orbital","floor":30},{"not_picked":["IllusionStar+1","StarDustReverie","EnergyFlow+1","DC"],"picked":"SKIP","floor":31},{"not_picked":["UltimateShortwave","SatelliteIllusion","BinaryStars"],"picked":"CasketOfStar","floor":33},{"not_picked":["DragonMeteor","WitchOfGreed","DoubleSpark"],"picked":"GasGiant+1","floor":35},{"not_picked":["6A","FairyDestructionRay+1","NonDirectionalLaser","GrandCross"],"picked":"SKIP","floor":37},{"not_picked":["DoubleSpark","StarBarrage","UnstableBomb+1"],"picked":"Orbital+1","floor":38},{"not_picked":["IllusionStar+1","PowerUp+1","MysteriousBeam","SatelliteIllusion"],"picked":"SKIP","floor":40},{"not_picked":["WitchLeyline+1","OneTimeOff+1","RefractionSpark+1"],"picked":"IllusionStar","floor":41},{"not_picked":["AsteroidBelt","IllusionStar","MysteriousBeam"],"picked":"MilkyWay+1","floor":42},{"not_picked":["OrrerysSun+1","Occultation","SuperNova"],"picked":"CollectingQuirk","floor":44},{"not_picked":["GalacticHalo","GravityBeat","MilkyWay+1"],"picked":"Singularity","floor":46},{"not_picked":["Bandage Up","Swift Strike","Deep Breath"],"picked":"Panacea","floor":47},{"not_picked":["Dark Shackles","Secret Weapon","Discovery"],"picked":"Blind","floor":47},{"not_picked":["Thinking Ahead","Enlightenment","Jack Of All Trades"],"picked":"Trip","floor":47},{"not_picked":["WitchLeyline","EarthLightRay","IllusionStar+1"],"picked":"MilkyWay","floor":54}],"player_experience":275311,"relics_obtained":[{"floor":9,"key":"Shuriken"},{"floor":14,"key":"Potion Belt"},{"floor":23,"key":"Necronomicon"},{"floor":26,"key":"Bird Faced Urn"},{"floor":29,"key":"Nunchaku"},{"floor":31,"key":"Art of War"},{"floor":40,"key":"CaptainsWheel"},{"floor":43,"key":"Bottled Lightning"},{"floor":44,"key":"Happy Flower"},{"floor":54,"key":"Pear"}],"event_choices":[{"damage_healed":0,"gold_gain":0,"player_choice":"2 cards matched","damage_taken":0,"max_hp_gain":0,"max_hp_loss":0,"event_name":"Match and Keep!","floor":2,"gold_loss":0,"cards_obtained":["PropBag","AbsoluteMagnitude"]},{"cards_removed":["Defend_MRS"],"damage_healed":0,"gold_gain":0,"player_choice":"Card Removal","damage_taken":0,"max_hp_gain":0,"max_hp_loss":0,"event_name":"The Cleric","floor":7,"gold_loss":50},{"damage_healed":0,"gold_gain":0,"player_choice":"Donut","damage_taken":0,"max_hp_gain":5,"max_hp_loss":0,"event_name":"Big Fish","floor":13,"gold_loss":0},{"damage_healed":0,"gold_gain":0,"player_choice":"Read","damage_taken":0,"max_hp_gain":0,"max_hp_loss":0,"event_name":"The Library","floor":19,"gold_loss":0,"cards_obtained":["WitchLeyline"]},{"damage_healed":0,"gold_gain":0,"player_choice":"Obtained Book","damage_taken":16,"max_hp_gain":0,"max_hp_loss":0,"event_name":"Cursed Tome","floor":23,"gold_loss":0},{"damage_healed":0,"gold_gain":0,"player_choice":"Joined the Cult","damage_taken":6,"max_hp_gain":0,"max_hp_loss":0,"event_name":"Nest","floor":24,"gold_loss":0,"cards_obtained":["RitualDagger"]},{"damage_healed":0,"gold_gain":0,"player_choice":"Forge","damage_taken":0,"max_hp_gain":0,"max_hp_loss":0,"event_name":"Accursed Blacksmith","floor":36,"gold_loss":0,"cards_upgraded":["SuperNova"]},{"damage_healed":0,"gold_gain":0,"player_choice":"Memory 3","damage_taken":10,"max_hp_gain":0,"max_hp_loss":0,"event_name":"SensoryStone","floor":47,"gold_loss":0}],"is_beta":false,"boss_relics":[{"not_picked":["ExperimentalFamiliar","Runic Dome"],"picked":"Ectoplasm"},{"not_picked":["Velvet Choker","Runic Pyramid"],"picked":"Cursed Key"}],"items_purged_floors":[4,8,20,30,39,48,53],"is_endless":false,"potions_floor_spawned":[5,14,18,22,29,31,38,40,46,54],"ascension_level":0}}