{"host":"ymw71f7rc9ndansy","time":1610540530,"event":{"mods":["ATMod(阿瑾Mod)","Act Like it!","Aspiration","BaseMod","DeckTracker","Hubris","Library of Ruina","Library of Ruina Extra","Lobotomy","LobotomyExtend","Minty Spire (QoL Compilation)","MostiFishMod","Remove Card Discount Mod","Replay The Spire","StSLib","TestMod","【功能Mod】精心准备","【遗物卡牌】REMEMod"],"gold_per_floor":[119,87,97,97,97,97,109,109,132,165,80,80,80,94,94,180,180,180],"floor_reached":17,"language":"ZHS","playtime":394,"items_purged":["AT_WindFlip","Dagger Throw","ReplayTheSpireMod:From All Sides","AT_KneejerkReflex","REME_ShadowStrike","Storm of Steel","Injury","ReplayTheSpireMod:Speed Training","m_Survivalism"],"score":506,"play_id":"53d17086-6425-400f-b261-cd7a091b01ed","local_time":"20210113202210","is_ascension_mode":true,"campfire_choices":[{"data":"MostiFishMod:Neurotoxin","floor":6,"key":"SMITH"},{"data":"AT_ShadowStep","floor":8,"key":"SMITH"},{"data":"Hidden Blade","floor":12,"key":"SMITH"},{"data":"MostiFishMod:KingOfFree","floor":15,"key":"SMITH"}],"circlet_count":0,"master_deck":["AscendersBane","Neutralize","AT_FamilyPortrait+1","MostiFishMod:KingOfFree+1","MostiFishMod:Neurotoxin+1","Escape Plan","AT_ShadowStep+1","Hidden Blade+1","Expertise+1","Night Terror+1"],"relics":["DaveBox","REME_ComplimentaryCards","AT_ATBox","ImprovedEquipment","testmod-Antiphasic","Pandora\u0027s Box","Busted Crown","SynthV:TestCard","Toxic Egg 2","testmod-LifeArmor","Civilization","testmod-SaigiyounoYou"],"acts_visited":["Exordium","TheCity"],"potions_floor_usage":[],"damage_taken":[{"damage":0,"enemies":"Cultist","floor":1,"turns":2},{"damage":0,"enemies":"Small Slimes","floor":3,"turns":2},{"damage":0,"enemies":"2 Louse","floor":7,"turns":1},{"damage":18,"enemies":"Replay:BlueRogue","floor":10,"turns":3},{"damage":0,"enemies":"Gremlin Gang","floor":14,"turns":1},{"damage":0,"enemies":"Fading Forest","floor":16,"turns":4}],"seed_played":"8796593567742983314","potions_obtained":[{"floor":1,"key":"SkillPotion"},{"floor":14,"key":"Elixir"},{"floor":16,"key":"SteroidPotion"}],"is_trial":false,"path_per_floor":["M","$","M","?","?","R","M","R","T","E","$","R","?","M","R","B",null],"character_chosen":"THE_SILENT","items_purchased":["Hidden Blade","Expertise+1"],"campfire_rested":0,"item_purchase_floors":[2,11],"current_hp_per_floor":[60,60,60,60,60,60,60,60,60,42,42,42,42,47,47,68,76,76],"gold":180,"neow_bonus":"BOSS_RELIC","is_daily":false,"chose_seed":false,"campfire_upgraded":4,"win_rate":0.0,"timestamp":1610540530,"path_taken":["M","$","M","?","?","R","M","R","T","E","$","R","?","M","R","BOSS"],"items_purchased_type":["Card","Card"],"build_version":"2020-12-22","purchased_purges":9,"victory":false,"max_hp_per_floor":[66,66,66,66,66,66,66,66,66,66,66,66,66,70,70,78,78,78],"card_choices":[{"not_picked":[],"picked":"AT_ShadowStep","floor":1},{"not_picked":["REME_GrazeFinale","aspiration:Lunge"],"picked":"Night Terror+1","floor":16}],"player_experience":1104436,"relics_obtained":[{"floor":1,"key":"SynthV:TestCard"},{"floor":9,"key":"testmod-LifeArmor"},{"floor":10,"key":"Civilization"}],"event_choices":[{"damage_healed":0,"gold_gain":0,"player_choice":"Upgraded","damage_taken":0,"max_hp_gain":0,"max_hp_loss":0,"event_name":"Upgrade Shrine","floor":13,"gold_loss":0,"cards_upgraded":["AT_FamilyPortrait"]}],"is_beta":false,"boss_relics":[{"not_picked":["AT_MortalBlade","aspiration:DefectSkillbook"],"picked":"testmod-SaigiyounoYou"}],"items_purged_floors":[2,2,2,2,11,11,11,11,11],"is_endless":false,"potions_floor_spawned":[1,14,16],"ascension_level":20}}