{"host":"01gbg40krdpein5y","time":1610525418,"event":{"mods":["BaseMod","BetterRewards","Minty Spire (QoL Compilation)","Permanent Neow","SuperFastMode","Transform Curses"],"gold_per_floor":[112,131,180,355,355,355,385,385,411,411,421,496,522,33,33,128,128,142,142,142,18,33,67,67,22,22,47,47,63,79,4,4,101,101,120,120,120,140,7,7,37,37,60,71,121,147,147,167,167,167],"floor_reached":51,"language":"ENG","playtime":2909,"items_purged":["Pain"],"score":812,"play_id":"f71c976d-363c-4448-8b09-f989e64717a9","local_time":"20210113001018","is_ascension_mode":false,"campfire_choices":[{"data":"Hello World","floor":6,"key":"SMITH"},{"data":"Zap","floor":8,"key":"SMITH"},{"data":"Dualcast","floor":10,"key":"SMITH"},{"floor":15,"key":"REST"},{"data":"Machine Learning","floor":24,"key":"SMITH"},{"data":"Rainbow","floor":28,"key":"SMITH"},{"floor":32,"key":"REST"},{"data":"Storm","floor":40,"key":"SMITH"},{"data":"Chaos","floor":42,"key":"SMITH"},{"floor":49,"key":"REST"}],"circlet_count":0,"master_deck":["Strike_B","Strike_B","Strike_B","Strike_B","Defend_B","Defend_B","Defend_B","Defend_B","Zap+1","Dualcast+1","Gash","Hello World+1","Melter","Chaos+1","Static Discharge","Rainbow+1","Cold Snap+1","Ball Lightning+1","Machine Learning+1","Gash","Self Repair","Heatsinks","Defragment","All For One","Storm+1","Self Repair","Hello World","Lockon+1","Clumsy","Glacier","Reboot","Streamline+1","Shame","Turbo+1"],"relics":["Cracked Core","Strawberry","Oddly Smooth Stone","Pen Nib","Happy Flower","Bronze Scales","Lizard Tail","Nuclear Battery","MealTicket","WarpedTongs","Tiny Chest","Omamori","Centennial Puzzle","Cursed Key","Pear","FossilizedHelix","Potion Belt","Girya","White Beast Statue","InkBottle"],"acts_visited":["Exordium","TheCity","TheBeyond"],"potions_floor_usage":[13,16,16,23,27,29,30,33,41,44,46,46,46,46,46,48,50],"damage_taken":[{"damage":0,"enemies":"Cultist","floor":1,"turns":2},{"damage":0,"enemies":"2 Louse","floor":2,"turns":1},{"damage":4,"enemies":"Small Slimes","floor":11,"turns":3},{"damage":6,"enemies":"Lagavulin","floor":13,"turns":5},{"damage":0,"enemies":"The Guardian","floor":16,"turns":9},{"damage":2,"enemies":"Chosen","floor":18,"turns":4},{"damage":4,"enemies":"Shell Parasite","floor":22,"turns":3},{"damage":12,"enemies":"Book of Stabbing","floor":23,"turns":4},{"damage":29,"enemies":"Gremlin Leader","floor":27,"turns":4},{"damage":19,"enemies":"Snake Plant","floor":29,"turns":2},{"damage":14,"enemies":"Shelled Parasite and Fungi","floor":30,"turns":4},{"damage":46,"enemies":"Collector","floor":33,"turns":11},{"damage":28,"enemies":"3 Shapes","floor":35,"turns":4},{"damage":18,"enemies":"Orb Walker","floor":38,"turns":3},{"damage":37,"enemies":"Nemesis","floor":41,"turns":5},{"damage":30,"enemies":"3 Darklings","floor":44,"turns":3},{"damage":44,"enemies":"2 Orb Walkers","floor":45,"turns":4},{"damage":9,"enemies":"Reptomancer","floor":46,"turns":4},{"damage":1,"enemies":"4 Shapes","floor":48,"turns":4},{"damage":52,"enemies":"Donu and Deca","floor":50,"turns":9}],"seed_played":"4340226895152636053","potions_obtained":[{"floor":0,"key":"DistilledChaos"},{"floor":0,"key":"SmokeBomb"},{"floor":0,"key":"Dexterity Potion"},{"floor":1,"key":"EssenceOfSteel"},{"floor":16,"key":"PowerPotion"},{"floor":18,"key":"AttackPotion"},{"floor":23,"key":"Regen Potion"},{"floor":30,"key":"Swift Potion"},{"floor":38,"key":"BlessingOfTheForge"},{"floor":45,"key":"EntropicBrew"},{"floor":46,"key":"Swift Potion"},{"floor":48,"key":"EssenceOfDarkness"}],"is_trial":false,"path_per_floor":["M","M","T","?","?","R","?","R","T","R","M","?","E","$","R","B",null,"M","?","?","$","M","E","R","$","T","E","R","M","M","$","R","B",null,"M","?","T","M","$","R","E","R","T","M","?","E","T","M","R","B",null],"character_chosen":"DEFECT","items_purchased":["Bronze Scales","Lizard Tail","Static Discharge","SpeedPotion","Gash","Defragment","EssenceOfDarkness","Hello World"],"campfire_rested":3,"item_purchase_floors":[14,14,14,21,25,31,39,39],"current_hp_per_floor":[75,75,82,82,75,75,75,75,75,75,71,60,54,54,78,78,82,80,80,80,82,78,66,66,81,81,52,52,38,31,46,70,31,82,61,82,92,81,92,92,72,72,72,49,12,20,20,26,53,11],"gold":167,"neow_bonus":"THREE_SMALL_POTIONS","is_daily":false,"chose_seed":false,"campfire_upgraded":7,"win_rate":0.0,"timestamp":1610525418,"path_taken":["M","M","?","?","?","R","?","R","T","R","?","?","E","$","R","BOSS","M","?","?","$","M","E","R","$","T","E","R","M","?","?","R","BOSS","M","?","?","?","?","R","E","R","T","M","?","E","?","M","R","BOSS"],"items_purchased_type":["Relic","Relic","Card","Potion","Card","Card","Potion","Card"],"build_version":"2020-12-22","purchased_purges":1,"victory":true,"max_hp_per_floor":[75,75,82,82,82,82,82,82,82,82,82,82,82,82,82,82,82,82,82,82,82,82,82,82,82,82,82,82,82,82,82,82,82,82,82,82,92,92,92,92,92,92,92,92,92,92,92,92,92,92],"card_choices":[{"not_picked":["Sweeping Beam","Barrage"],"picked":"Gash","floor":1},{"not_picked":["Coolheaded","Force Field"],"picked":"Hello World","floor":2},{"not_picked":["Stack","Conserve Battery"],"picked":"Melter","floor":11},{"not_picked":["Core Surge","Beam Cell"],"picked":"Chaos","floor":13},{"not_picked":["Fission","Hyperbeam"],"picked":"Rainbow","floor":16},{"not_picked":["Melter","Redo"],"picked":"Cold Snap+1","floor":18},{"not_picked":["Sweeping Beam","BootSequence"],"picked":"Ball Lightning+1","floor":22},{"not_picked":["Chill","Leap"],"picked":"Machine Learning","floor":23},{"not_picked":["Steam","Rebound+1","Stack+1"],"picked":"SKIP","floor":27},{"not_picked":["Gash","Force Field+1"],"picked":"Self Repair","floor":29},{"not_picked":["Rip and Tear","Scrape"],"picked":"Heatsinks","floor":30},{"not_picked":["Thunder Strike","Seek"],"picked":"All For One","floor":33},{"not_picked":["Fusion+1","Steam"],"picked":"Storm","floor":35},{"not_picked":["Sweeping Beam","Hologram"],"picked":"Self Repair","floor":38},{"not_picked":["Turbo+1","Reprogram+1"],"picked":"Lockon+1","floor":41},{"not_picked":["Barrage","Compile Driver+1"],"picked":"Glacier","floor":44},{"not_picked":["FTL+1","Chill+1"],"picked":"Reboot","floor":45},{"not_picked":["Hello World+1","Stack+1"],"picked":"Streamline+1","floor":46},{"not_picked":["Gash+1","Leap+1"],"picked":"Turbo+1","floor":48}],"player_experience":307500,"relics_obtained":[{"floor":3,"key":"Strawberry"},{"floor":9,"key":"Pen Nib"},{"floor":13,"key":"Happy Flower"},{"floor":23,"key":"Tiny Chest"},{"floor":26,"key":"Omamori"},{"floor":27,"key":"Centennial Puzzle"},{"floor":37,"key":"Pear"},{"floor":41,"key":"FossilizedHelix"},{"floor":43,"key":"Potion Belt"},{"floor":45,"key":"Girya"},{"floor":46,"key":"White Beast Statue"},{"floor":47,"key":"InkBottle"}],"event_choices":[{"damage_healed":0,"gold_gain":175,"player_choice":"AGREE","damage_taken":0,"max_hp_gain":0,"max_hp_loss":0,"event_name":"Liars Game","floor":4,"gold_loss":0,"cards_obtained":["Doubt"]},{"cards_removed":["Doubt"],"damage_healed":0,"gold_gain":0,"player_choice":"Card Removal","damage_taken":7,"max_hp_gain":0,"max_hp_loss":0,"event_name":"Golden Wing","floor":5,"gold_loss":0},{"damage_healed":0,"gold_gain":30,"player_choice":"Searched \u00273\u0027 times","damage_taken":0,"relics_obtained":["Oddly Smooth Stone"],"max_hp_gain":0,"max_hp_loss":0,"event_name":"Dead Adventurer","floor":7,"gold_loss":0},{"damage_healed":0,"gold_gain":75,"player_choice":"Gather Gold","damage_taken":11,"max_hp_gain":0,"max_hp_loss":0,"event_name":"World of Goop","floor":12,"gold_loss":0},{"damage_healed":0,"gold_gain":0,"player_choice":"Opened","damage_taken":0,"relics_obtained":["MealTicket"],"max_hp_gain":0,"max_hp_loss":0,"event_name":"The Mausoleum","floor":19,"gold_loss":0},{"damage_healed":0,"gold_gain":0,"player_choice":"Rummage","damage_taken":0,"relics_obtained":["WarpedTongs"],"max_hp_gain":0,"max_hp_loss":0,"event_name":"Accursed Blacksmith","floor":20,"gold_loss":0,"cards_obtained":["Pain"]},{"damage_healed":21,"gold_gain":0,"player_choice":"Writhe","damage_taken":0,"max_hp_gain":0,"max_hp_loss":0,"event_name":"Winding Halls","floor":36,"gold_loss":0,"cards_obtained":["Writhe"]},{"damage_healed":0,"gold_gain":0,"player_choice":"Fight","damage_taken":0,"max_hp_gain":0,"max_hp_loss":0,"event_name":"Mysterious Sphere","floor":45,"gold_loss":0}],"is_beta":false,"boss_relics":[{"not_picked":["Busted Crown","Coffee Dripper"],"picked":"Nuclear Battery"},{"not_picked":["Philosopher\u0027s Stone","SlaversCollar"],"picked":"Cursed Key"}],"items_purged_floors":[21],"is_endless":false,"potions_floor_spawned":[1,2,16,18,22,23,30,38,45,46,48],"ascension_level":0}}