{"host":"65a95dzim48ko8ke","time":1610536781,"event":{"mods":["BaseMod","Colored Powertips","Minty Spire (QoL Compilation)","Permanent Neow","Quick Restart","Rare Cards Sparkle","Replay The Spire","StSLib","The Marked"],"gold_per_floor":[113,124,137,156,156,174,174,200,251,251,251,280,280,308,308,410,410,427,441,244,244,261,261,208,208,235,135,135,135,149,180,180,180,180],"floor_reached":33,"language":"ENG","playtime":3630,"items_purged":["Clumsy","Decay"],"score":308,"play_id":"c6c8e9d3-247d-403c-8456-2a5de8011565","local_time":"20210113201941","is_ascension_mode":false,"campfire_choices":[{"data":"theMarked:Panic","floor":7.0,"key":"SMITH"},{"floor":10.0,"key":"REST"},{"data":"theMarked:SoldierOfQuellstein","floor":15.0,"key":"SMITH"},{"data":"theMarked:MagicAdept","floor":23,"key":"SMITH"},{"data":"theMarked:Electrify","floor":28,"key":"SMITH"},{"data":"Midas Touch","floor":32,"key":"SMITH"}],"circlet_count":0,"master_deck":["theMarked:Strike","theMarked:Defend","theMarked:Defend","theMarked:Defend","theMarked:Defend","theMarked:SoldierOfQuellstein+1","theMarked:Overcharge","theMarked:StartUp","theMarked:Electrify+1","theMarked:MagicAdept+1","theMarked:Panic+1","theMarked:Electrocute","theMarked:ShockingTouch","Pot Of Greed","Pot Of Greed","Genetic Algorithm","Demonic Infusion","theMarked:SelfDefenseTraining","Midas Touch+1","Replay:Parry","Master of Strategy","Sucker Punch","theMarked:RepellingDischarge","Anger","Pot Of Greed","Sweeping Beam"],"relics":["theMarked:ArtifactOfAir","ReplayTheSpireMod:TigerMarble","Regal Pillow","Ornamental Fan","PrismaticShard","Grinning Jar","Cursed Key","ReplayTheSpireMod:ShopPack","Juzu Bracelet","Nunchaku","Pet Ghost"],"acts_visited":["Exordium","TheCity"],"potions_floor_usage":[31],"damage_taken":[{"damage":0.0,"enemies":"Cultist","floor":1.0,"turns":3.0},{"damage":1.0,"enemies":"Jaw Worm","floor":2.0,"turns":3.0},{"damage":0.0,"enemies":"Small Slimes","floor":3.0,"turns":3.0},{"damage":4.0,"enemies":"Looter","floor":4.0,"turns":3.0},{"damage":3.0,"enemies":"Gremlin Gang","floor":6.0,"turns":5.0},{"damage":8.0,"enemies":"3 Sentries","floor":8.0,"turns":10.0},{"damage":0.0,"enemies":"Lagavulin","floor":12.0,"turns":3.0},{"damage":12.0,"enemies":"3 Sentries","floor":14.0,"turns":5.0},{"damage":23.0,"enemies":"Slime Boss","floor":16.0,"turns":7.0},{"damage":0.0,"enemies":"Spheric Guardian","floor":18.0,"turns":3.0},{"damage":17,"enemies":"3 Byrds","floor":19,"turns":5},{"damage":5,"enemies":"Centurion and Healer","floor":22,"turns":6},{"damage":1,"enemies":"Snecko","floor":30,"turns":5},{"damage":2,"enemies":"Book of Stabbing","floor":31,"turns":5},{"damage":49,"enemies":"Automaton","floor":33,"turns":6}],"seed_played":"659113471110400733","potions_obtained":[{"floor":2.0,"key":"ColorlessPotion"},{"floor":3.0,"key":"Adrenaline Potion"},{"floor":12.0,"key":"Fire Potion"},{"floor":14.0,"key":"DuplicationPotion"},{"floor":22,"key":"Ancient Potion"}],"is_trial":false,"path_per_floor":["M","M","M","M","?","M","R","E","T","R","?","E","?","E","R","B",null,"M","M","$","?","M","R","$","?","T","$","R","?","M","E","R","B"],"character_chosen":"THE_DEFAULT","items_purchased":["ReplayTheSpireMod:ShopPack","theMarked:RepellingDischarge"],"campfire_rested":1,"item_purchase_floors":[20,24],"current_hp_per_floor":[49,48,48,44,37,34,34,26,26,62,62,62,62,54,54,31,70,70,53,53,53,48,48,48,35,35,35,35,35,34,32,32,0,0],"gold":180,"neow_bonus":"REMOVE_TWO","is_daily":false,"chose_seed":false,"campfire_upgraded":5,"win_rate":0.0,"timestamp":1610536781,"path_taken":["M","M","M","?","?","M","R","E","T","R","?","E","?","E","R","BOSS","M","M","$","?","M","R","$","?","T","$","R","?","M","E","R","BOSS"],"items_purchased_type":["Relic","Card"],"build_version":"2020-12-22","purchased_purges":2,"victory":false,"max_hp_per_floor":[70,70,70,70,70,70,70,70,70,70,70,70,70,70,70,70,70,70,70,70,70,70,70,70,75,75,75,75,75,75,75,75,75,75],"card_choices":[{"not_picked":["theMarked:ResourceFulStrike","theMarked:TakeCover"],"picked":"theMarked:Overcharge","floor":1.0},{"not_picked":["theMarked:WastefulDefense","theMarked:Frustration"],"picked":"theMarked:StartUp","floor":2.0},{"not_picked":["theMarked:RepellingDischarge","theMarked:ChainLightning"],"picked":"theMarked:Electrify","floor":3.0},{"not_picked":["theMarked:GodGivenPower","theMarked:Parkour"],"picked":"theMarked:MagicAdept","floor":4.0},{"not_picked":["theMarked:ComboAttacks","theMarked:KeepCalmAndFightOn"],"picked":"theMarked:Panic","floor":6.0},{"not_picked":["theMarked:SwordAndMagic","theMarked:WastefulDefense"],"picked":"theMarked:Electrocute","floor":8.0},{"not_picked":["theMarked:SwordAndMagic","theMarked:Frustration"],"picked":"theMarked:ShockingTouch","floor":12.0},{"not_picked":["ReplaySort","theMarked:ElectricStrings"],"picked":"Genetic Algorithm","floor":14.0},{"not_picked":["Eclipse","Atom Bomb"],"picked":"Demonic Infusion","floor":16.0},{"not_picked":["Protect","Specialist","Heavy Blade"],"picked":"SKIP","floor":18.0},{"not_picked":["Sword Boomerang","theMarked:Parkour"],"picked":"theMarked:SelfDefenseTraining","floor":19},{"not_picked":["Master of Strategy","Chrysalis"],"picked":"Midas Touch","floor":20},{"not_picked":["Purity","Replay:Sssssssssshield"],"picked":"Replay:Parry","floor":20},{"not_picked":["PanicButton","Trip"],"picked":"Master of Strategy","floor":20},{"not_picked":["theMarked:MysticalArsenal","Bloodletting+1"],"picked":"Sucker Punch","floor":22},{"not_picked":["Iron Wave","FIFO Queue"],"picked":"Anger","floor":30},{"not_picked":["Entrench+1","Replay:AtTheReady+1"],"picked":"Sweeping Beam","floor":31}],"player_experience":285296,"relics_obtained":[{"floor":8.0,"key":"ReplayTheSpireMod:TigerMarble"},{"floor":9.0,"key":"Regal Pillow"},{"floor":12.0,"key":"Ornamental Fan"},{"floor":14.0,"key":"Grinning Jar"},{"floor":26,"key":"Nunchaku"},{"floor":31,"key":"Pet Ghost"}],"event_choices":[{"cards_removed":["theMarked:Strike"],"damage_healed":0.0,"max_hp_gain":0.0,"max_hp_loss":0.0,"gold_gain":0.0,"event_name":"Golden Wing","player_choice":"Card Removal","floor":5.0,"gold_loss":0.0,"damage_taken":7.0},{"cards_removed":["theMarked:Strike"],"damage_healed":0.0,"max_hp_gain":0.0,"max_hp_loss":0.0,"gold_gain":0.0,"event_name":"Living Wall","player_choice":"Forget","floor":11.0,"gold_loss":0.0,"damage_taken":0.0},{"damage_healed":0,"gold_gain":0,"player_choice":"Opened","damage_taken":0,"relics_obtained":["Juzu Bracelet"],"max_hp_gain":0,"max_hp_loss":0,"event_name":"The Mausoleum","floor":21,"gold_loss":0},{"damage_healed":0,"gold_gain":0,"player_choice":"Shed Blood","damage_taken":18,"max_hp_gain":5,"max_hp_loss":0,"event_name":"Forgotten Altar","floor":25,"gold_loss":0},{"damage_healed":0,"gold_gain":0,"player_choice":"Ignored","damage_taken":0,"max_hp_gain":0,"max_hp_loss":0,"event_name":"Vampires","floor":29,"gold_loss":0}],"is_beta":false,"boss_relics":[{"not_picked":["Ring of Chaos","Runic Dome"],"picked":"Cursed Key"}],"items_purged_floors":[20,27],"is_endless":false,"potions_floor_spawned":[2,3,12,14,22],"killed_by":"Automaton","ascension_level":0}}