{"host":"e2ju6k0wppswbhbd","time":1610580110,"event":{"mods":["BaseMod","Minty Spire (QoL Compilation)","Rare Cards Sparkle","StSLib"],"gold_per_floor":[114,125,142,154,167,167,192,207,207,207,217,217,217,233,233,338,338,355,355,398,408,95,122,139,139,189,2,2,2],"floor_reached":28,"language":"FRA","playtime":3881,"items_purged":["Strike_P","Doubt"],"score":244,"play_id":"16e50f49-6484-4490-b024-d50a309f7136","local_time":"20210114002150","is_ascension_mode":false,"campfire_choices":[{"floor":6,"key":"RECALL"},{"data":"Vigilance","floor":10,"key":"SMITH"},{"data":"Prostrate","floor":15,"key":"SMITH"},{"data":"Vault","floor":25,"key":"SMITH"}],"circlet_count":0,"master_deck":["Strike_P","Strike_P+1","Strike_P","Defend_P","Defend_P","Defend_P","Eruption+1","Vigilance+1","CarveReality+1","JustLucky","Swivel","Wallop","MentalFortress","Protect","EmptyFist","ClearTheMind","Prostrate+1","Wish","PathToVictory","Vault+1","ThirdEye","CutThroughFate","Prostrate+1","Mind Blast","Establishment+1","Crescendo","Panacea"],"relics":["PureWater","Frozen Egg 2","Cursed Key","DollysMirror","Whetstone","Regal Pillow"],"acts_visited":["Exordium","TheCity"],"potions_floor_usage":[4,16,18,21,23,24],"damage_taken":[{"damage":1,"enemies":"Jaw Worm","floor":1,"turns":3},{"damage":0,"enemies":"Small Slimes","floor":2,"turns":2},{"damage":0,"enemies":"Cultist","floor":3,"turns":4},{"damage":0,"enemies":"Lots of Slimes","floor":4,"turns":3},{"damage":3,"enemies":"Looter","floor":5,"turns":4},{"damage":21,"enemies":"Gremlin Nob","floor":7,"turns":5},{"damage":0,"enemies":"Blue Slaver","floor":8,"turns":3},{"damage":0,"enemies":"Red Slaver","floor":11,"turns":4},{"damage":0,"enemies":"Exordium Thugs","floor":14,"turns":3},{"damage":15,"enemies":"The Guardian","floor":16,"turns":13},{"damage":0,"enemies":"Shell Parasite","floor":18,"turns":6},{"damage":0,"enemies":"3 Byrds","floor":20,"turns":8},{"damage":1,"enemies":"Shelled Parasite and Fungi","floor":21,"turns":9},{"damage":1,"enemies":"Gremlin Leader","floor":23,"turns":7},{"damage":4,"enemies":"Centurion and Healer","floor":24,"turns":7},{"damage":73,"enemies":"Book of Stabbing","floor":28,"turns":7}],"seed_played":"-8950150513754869467","potions_obtained":[{"floor":1,"key":"BlessingOfTheForge"},{"floor":2,"key":"BottledMiracle"},{"floor":11,"key":"BottledMiracle"},{"floor":14,"key":"Swift Potion"},{"floor":16,"key":"StancePotion"},{"floor":21,"key":"CultistPotion"},{"floor":23,"key":"SkillPotion"}],"is_trial":false,"path_per_floor":["M","M","M","M","M","R","E","M","T","R","M","?","?","M","R","B",null,"M","?","M","M","$","E","M","R","T","$","E"],"character_chosen":"WATCHER","items_purchased":["DollysMirror","Mind Blast","Panacea"],"campfire_rested":0,"item_purchase_floors":[22,22,27],"current_hp_per_floor":[71,71,71,71,68,68,47,47,47,47,47,47,71,71,71,56,72,72,72,72,71,71,70,66,66,66,66,0,0],"gold":2,"neow_bonus":"UPGRADE_CARD","is_daily":false,"chose_seed":false,"campfire_upgraded":3,"win_rate":0.0,"timestamp":1610580110,"path_taken":["M","M","M","M","M","R","E","M","T","R","M","?","?","M","R","BOSS","M","?","M","?","$","E","M","R","T","?","E"],"items_purchased_type":["Relic","Card","Card"],"build_version":"2020-12-22","purchased_purges":2,"victory":false,"max_hp_per_floor":[72,72,72,72,72,72,72,72,72,72,72,72,72,72,72,72,72,72,72,72,72,72,72,72,72,72,72,72,72],"card_choices":[{"not_picked":["FlyingSleeves","Indignation"],"picked":"CarveReality","floor":1},{"not_picked":["CrushJoints","EmptyFist"],"picked":"JustLucky","floor":2},{"not_picked":["Halt","ReachHeaven"],"picked":"Swivel","floor":3},{"not_picked":["Swivel","SashWhip"],"picked":"Wallop","floor":4},{"not_picked":["SashWhip","SandsOfTime"],"picked":"MentalFortress","floor":5},{"not_picked":["FlyingSleeves","Consecrate"],"picked":"Protect","floor":7},{"not_picked":["BowlingBash","FlurryOfBlows"],"picked":"EmptyFist","floor":8},{"not_picked":["Wallop","SashWhip"],"picked":"ClearTheMind","floor":11},{"not_picked":["WaveOfTheHand","Meditate"],"picked":"Prostrate","floor":14},{"not_picked":["ConjureBlade","Judgement"],"picked":"Wish","floor":16},{"not_picked":["BowlingBash","ClearTheMind"],"picked":"PathToVictory","floor":18},{"not_picked":["Swivel","ForeignInfluence"],"picked":"ThirdEye","floor":20},{"not_picked":["ThirdEye","Pray"],"picked":"CutThroughFate","floor":21},{"not_picked":["FearNoEvil","SashWhip+1"],"picked":"Establishment+1","floor":23},{"not_picked":["ClearTheMind","FlyingSleeves"],"picked":"Crescendo","floor":24}],"player_experience":2656671,"relics_obtained":[{"floor":7,"key":"Frozen Egg 2"},{"floor":23,"key":"Whetstone"},{"floor":26,"key":"Regal Pillow"}],"event_choices":[{"cards_removed":["Defend_P"],"damage_healed":0,"gold_gain":0,"player_choice":"Forget","damage_taken":0,"max_hp_gain":0,"max_hp_loss":0,"event_name":"Living Wall","floor":12,"gold_loss":0},{"damage_healed":24,"gold_gain":0,"player_choice":"Banana","damage_taken":0,"max_hp_gain":0,"max_hp_loss":0,"event_name":"Big Fish","floor":13,"gold_loss":0},{"damage_healed":0,"gold_gain":0,"player_choice":"1 cards matched","damage_taken":0,"max_hp_gain":0,"max_hp_loss":0,"event_name":"Match and Keep!","floor":19,"gold_loss":0,"cards_obtained":["Vault"]}],"is_beta":false,"boss_relics":[{"not_picked":["Busted Crown","SlaversCollar"],"picked":"Cursed Key"}],"items_purged_floors":[22,27],"is_endless":false,"potions_floor_spawned":[1,2,11,14,16,21,23],"killed_by":"Book of Stabbing","ascension_level":0}}