{"host":"ecaj4hn004xnnrw9","time":1610490500,"event":{"mods":["AchievementEnabler","BaseMod","Better Third Choice","Hermit","Hubris","Infinite Spire","Jorbs\u0027s Wanderer Trilogy","Minty Spire (QoL Compilation)","Quick Restart","Shop Mod","StSLib","The Construct","The Jungle","The Runesmith"],"gold_per_floor":[114,64,64,81,92,123,134,104,155,182,182,182,197,1,1,106,106,116,133,133,147,147,147],"floor_reached":22,"language":"ENG","playtime":846,"items_purged":["Strike_R","Strike_R"],"score":304,"play_id":"22eafe10-92ae-4fce-a65a-e821c09b1c32","local_time":"20210112222820","is_ascension_mode":true,"campfire_choices":[{"data":"Battle Trance","floor":15.0,"key":"SMITH"}],"circlet_count":0,"master_deck":["AscendersBane","Strike_R","Strike_R","Defend_R","Defend_R","Defend_R","Defend_R","Bash+1","Wild Strike","Metallicize","Power Through","Havoc","Second Wind","Rampage","Rupture","Battle Trance+1","Metallicize","Wild Strike","Fiend Fire","hubris:InfiniteBlow"],"relics":["Burning Blood","NeowsBlessing","hubris:Icosahedron","InkBottle","Vajra","Tiny Chest","Runic Pyramid","Chemical X"],"acts_visited":["Exordium","TheCity"],"potions_floor_usage":[],"damage_taken":[{"damage":0.0,"enemies":"Small Slimes","floor":1.0,"turns":1.0},{"damage":10.0,"enemies":"2 Louse","floor":4.0,"turns":1.0},{"damage":0.0,"enemies":"Cultist","floor":5.0,"turns":1.0},{"damage":17.0,"enemies":"Lagavulin","floor":6.0,"turns":6.0},{"damage":0.0,"enemies":"Blue Slaver","floor":7.0,"turns":6.0},{"damage":0.0,"enemies":"Looter","floor":8.0,"turns":4.0},{"damage":23.0,"enemies":"Gremlin Nob","floor":10.0,"turns":5.0},{"damage":15.0,"enemies":"Lots of Slimes","floor":13.0,"turns":7.0},{"damage":41.0,"enemies":"Hexaghost","floor":16.0,"turns":12.0},{"damage":0.0,"enemies":"Chosen","floor":18.0,"turns":4.0},{"damage":18.0,"enemies":"3 Byrds","floor":19.0,"turns":7.0},{"damage":0.0,"enemies":"Centurion and Healer","floor":21.0,"turns":5.0},{"damage":16,"enemies":"Cultist and Chosen","floor":22,"turns":4}],"seed_played":"-726847476479053719","potions_obtained":[{"floor":1.0,"key":"infinitespire:BlackPotion"},{"floor":5.0,"key":"construct:ShiftPotion"},{"floor":7.0,"key":"EssenceOfSteel"},{"floor":19.0,"key":"EssenceOfSteel"}],"is_trial":false,"path_per_floor":["M","?","?","M","M","E","M","M","T","E","?","?","M","$","R","B",null,"M","M","AVR","M","M"],"character_chosen":"IRONCLAD","items_purchased":["Metallicize","Wild Strike"],"campfire_rested":0,"item_purchase_floors":[14,14],"current_hp_per_floor":[78,78,78,74,80,69,75,80,80,63,68,68,59,59,59,24,70,76,64,64,70,54,54],"gold":147,"neow_bonus":"THREE_ENEMY_KILL","is_daily":false,"chose_seed":false,"campfire_upgraded":1,"win_rate":0.0,"timestamp":1610490500,"path_taken":["M","?","?","M","M","E","M","M","T","E","?","?","M","$","R","BOSS","M","M","AVR","M","M"],"items_purchased_type":["Card","Card"],"build_version":"2020-12-22","purchased_purges":2,"victory":false,"max_hp_per_floor":[80,80,80,80,80,80,80,80,80,80,85,85,85,85,85,85,85,85,85,85,85,85,85],"card_choices":[{"not_picked":["Fire Breathing","Headbutt"],"picked":"Wild Strike","floor":1.0},{"not_picked":["Body Slam","Shrug It Off"],"picked":"Metallicize","floor":4.0},{"not_picked":["hubris:ReadiedAction","Reckless Charge"],"picked":"Power Through","floor":5.0},{"not_picked":["Brutality","Iron Wave"],"picked":"Havoc","floor":6.0},{"not_picked":["Perfected Strike","Heavy Blade"],"picked":"Second Wind","floor":7.0},{"not_picked":["Flex","Twin Strike"],"picked":"Rampage","floor":8.0},{"not_picked":["Armaments","Body Slam"],"picked":"Rupture","floor":10.0},{"not_picked":["Armaments","Flame Barrier"],"picked":"Battle Trance","floor":13.0},{"not_picked":["Corruption","Brutality"],"picked":"Fiend Fire","floor":16.0},{"not_picked":["hubris:ReadiedAction","Iron Wave","Rage"],"picked":"SKIP","floor":18.0},{"not_picked":["Sword Boomerang+1","Blood for Blood","Body Slam"],"picked":"SKIP","floor":19.0},{"not_picked":["Infernal Blade","Wild Strike","Flex"],"picked":"SKIP","floor":21.0}],"player_experience":299119,"relics_obtained":[{"floor":6.0,"key":"InkBottle"},{"floor":9.0,"key":"Vajra"},{"floor":10.0,"key":"Tiny Chest"}],"event_choices":[{"cards_removed":["Strike_R"],"damage_healed":0.0,"max_hp_gain":0.0,"max_hp_loss":0.0,"gold_gain":0.0,"event_name":"The Cleric","player_choice":"Card Removal","floor":2.0,"gold_loss":50.0,"damage_taken":0.0},{"damage_healed":0.0,"max_hp_gain":5.0,"max_hp_loss":0.0,"gold_gain":0.0,"event_name":"Big Fish","player_choice":"Donut","floor":11.0,"gold_loss":0.0,"damage_taken":0.0}],"is_beta":false,"boss_relics":[{"not_picked":["Sozu","Mark of Pain"],"picked":"Runic Pyramid"}],"items_purged_floors":[14,20],"is_endless":false,"potions_floor_spawned":[1,5,7,19],"killed_by":"Cultist and Chosen","ascension_level":11}}