{"host":"dzit4ljil6490tuf","time":1610540506,"event":{"mods":["BaseMod","Downfall","Hermit","Hubris","Minty Spire (QoL Compilation)","StSLib","The Cursed","The Runesmith","The Servant 0.9.4"],"gold_per_floor":[99,113,113,28,42,53,126,36,36,46,73,92,92,105,122,227,227,227,238,251,265,250,265,265,292,292,147,167,182,107,118,131,230,230,230,242,517,196,212,223,223,257,268,282,295,295,295,328,345,345],"floor_reached":51,"language":"ITA","playtime":4234,"items_purged":["Pain","Slimebound:Strike_Slimebound","Regret"],"score":885,"play_id":"90eeea28-da92-481b-aca4-5641ad171bbc","local_time":"20210113132146","is_ascension_mode":true,"campfire_choices":[{"data":"Slimebound:Split","floor":1.0,"key":"SMITH"},{"data":"Slimebound:SamplingLick","floor":9.0,"key":"SMITH"},{"data":"Slimebound:CorrosiveSpit","floor":13.0,"key":"SMITH"},{"data":"Slimebound:PrepareCrush","floor":18.0,"key":"SMITH"},{"floor":30,"key":"REST"},{"data":"Slimebound:WasteNot","floor":35,"key":"SMITH"},{"data":"Slimebound:MassRepurpose","floor":47,"key":"SMITH"}],"circlet_count":0,"master_deck":["Slimebound:Strike_Slimebound","Slimebound:Strike_Slimebound","Slimebound:Tackle","Slimebound:Defend_Slimebound","Slimebound:Defend_Slimebound","Slimebound:Defend_Slimebound","Slimebound:Defend_Slimebound","Slimebound:Split+1","Slimebound:CorrosiveSpit+1","Slimebound:SplitAcid","Slimebound:PressTheAttack","Slimebound:RainOfGoop","Slimebound:SamplingLick+1","Slimebound:FinishingTackle","Slimebound:Nibble","Slimebound:SplitMire","Slimebound:ItLooksTasty","Slimebound:LeechingTouch","Slimebound:GrowthPunch","Slimebound:Repurpose","Slimebound:PrepareCrush+1","Slimebound:Repurpose+1","Slimebound:PressTheAttack+1","Slimebound:MegaLick","Slimebound:SamplingLick+1","Slimebound:SplitAcid","Slimebound:SlimeBarrage+1","Slimebound:GrowthPunch","Slimebound:MassRepurpose+1","Panache","Slimebound:LevelUp+1","Slimebound:SplitMire","Slimebound:SplitLeeching","Slimebound:MassFeed","Slimebound:WasteNot+1","Slimebound:Gluttony","Slimebound:SplitMire","Slimebound:SplitMire+1","Slimebound:Equalize+1","Slimebound:SlimeBarrage+1","Slimebound:SamplingLick","Slimebound:Darklings","Slimebound:HauntingLick+1","Slimebound:GoopSpray+1"],"relics":["Slimebound:AbsorbEndCombat","Centennial Puzzle","WarpedTongs","Shuriken","HornCleat","Runic Pyramid","Eternal Feather","Sundial","Enchiridion","downfall:HeartBlessingGreen","SacredBark","Sling","Frozen Egg 2","Molten Egg 2","hubris:CuriousFeather"],"acts_visited":["Exordium","TheCity","TheBeyond"],"potions_floor_usage":[25,28,33,33,42],"damage_taken":[{"damage":15.0,"enemies":"Jaw Worm","floor":2.0,"turns":3.0},{"damage":18.0,"enemies":"downfall:FleeingMerchant","floor":4.0,"turns":4.0},{"damage":14.0,"enemies":"Cultist","floor":5.0,"turns":3.0},{"damage":9.0,"enemies":"Small Slimes","floor":6.0,"turns":2.0},{"damage":20.0,"enemies":"downfall:FleeingMerchant","floor":8.0,"turns":4.0},{"damage":4.0,"enemies":"2 Fungi Beasts","floor":10.0,"turns":2.0},{"damage":19.0,"enemies":"3 Sentries","floor":11.0,"turns":3.0},{"damage":10.0,"enemies":"Blue Slaver","floor":12.0,"turns":2.0},{"damage":12.0,"enemies":"Gremlin Gang","floor":14.0,"turns":2.0},{"damage":14.0,"enemies":"Large Slime","floor":15.0,"turns":2.0},{"damage":44.0,"enemies":"downfall:Silent","floor":16.0,"turns":9.0},{"damage":15.0,"enemies":"Spheric Guardian","floor":19.0,"turns":3.0},{"damage":12.0,"enemies":"Chosen","floor":20.0,"turns":2.0},{"damage":20.0,"enemies":"Centurion and Healer","floor":21.0,"turns":4.0},{"damage":9.0,"enemies":"downfall:FleeingMerchant","floor":22.0,"turns":4.0},{"damage":23,"enemies":"Snake Plant","floor":23,"turns":3},{"damage":35,"enemies":"Slavers","floor":25,"turns":5},{"damage":16,"enemies":"downfall:FleeingMerchant","floor":27,"turns":4},{"damage":39,"enemies":"Snecko","floor":28,"turns":7},{"damage":27,"enemies":"Centurion and Healer","floor":29,"turns":4},{"damage":5,"enemies":"Cultist and Chosen","floor":31,"turns":4},{"damage":25,"enemies":"Snake Plant","floor":32,"turns":3},{"damage":72,"enemies":"downfall:Watcher","floor":33,"turns":8},{"damage":12,"enemies":"3 Darklings","floor":36,"turns":3},{"damage":24,"enemies":"Orb Walker","floor":39,"turns":3},{"damage":41,"enemies":"Spire Growth","floor":40,"turns":5},{"damage":53,"enemies":"Giant Head","floor":42,"turns":7},{"damage":37,"enemies":"Maw","floor":43,"turns":7},{"damage":20,"enemies":"Jaw Worm Horde","floor":44,"turns":4},{"damage":27,"enemies":"Spire Growth","floor":45,"turns":5},{"damage":64,"enemies":"Reptomancer","floor":48,"turns":5},{"damage":8,"enemies":"4 Shapes","floor":49,"turns":4},{"damage":115,"enemies":"downfall:Ironclad","floor":50,"turns":11}],"seed_played":"7454790459292326300","potions_obtained":[{"floor":5.0,"key":"CultistPotion"},{"floor":10.0,"key":"Block Potion"},{"floor":11.0,"key":"EntropicBrew"},{"floor":15.0,"key":"Block Potion"},{"floor":25,"key":"SteroidPotion"},{"floor":28,"key":"Energy Potion"},{"floor":33,"key":"FairyPotion"},{"floor":36,"key":"LiquidMemories"},{"floor":42,"key":"SteroidPotion"}],"is_trial":false,"path_per_floor":["R","M","?","$","M","M","T","$","R","M","E","M","R","M","M","B",null,"R","M","M","M","$","M","T","E","?","$","M","M","R","M","M","B",null,"R","M","?","$","M","M","T","E","M","M","M","?","R","E","M","B",null],"character_chosen":"SLIMEBOUND","items_purchased":["Slimebound:RainOfGoop","Slimebound:GrowthPunch","Slimebound:MassRepurpose","Panache","Slimebound:SplitMire","Sling"],"campfire_rested":1,"item_purchase_floors":[4,27,27,27,38,38],"current_hp_per_floor":[60,57,57,57,59,60,60,56,56,60,60,60,60,60,60,48,60,60,60,60,60,60,56,56,47,31,47,26,37,60,60,60,38,64,64,68,68,68,58,57,57,59,71,71,73,73,79,63,73,26],"gold":345,"neow_bonus":"RANDOM_COMMON_RELIC","is_daily":false,"chose_seed":false,"campfire_upgraded":6,"win_rate":0.0,"timestamp":1610540506,"path_taken":["R","M","?","$","?","M","T","$","R","M","E","M","R","M","M","BOSS","R","M","M","M","$","M","T","E","?","$","M","M","R","M","M","BOSS","R","M","?","$","M","M","T","E","M","M","?","?","R","E","M","BOSS"],"items_purchased_type":["Card","Card","Card","Card","Card","Relic"],"build_version":"2020-12-22","purchased_purges":3,"victory":true,"max_hp_per_floor":[60,60,60,60,60,60,60,60,60,60,60,60,60,60,60,60,60,60,60,60,60,60,60,60,60,60,60,60,60,60,60,60,64,64,64,68,68,68,68,68,68,68,71,79,79,79,79,79,79,79],"card_choices":[{"not_picked":["Slimebound:DivideAndConquer","Slimebound:SplitLeeching"],"picked":"Slimebound:SplitAcid","floor":2.0},{"not_picked":["Slimebound:SlimeSpikes","Slimebound:CheckThePlaybook"],"picked":"Slimebound:PressTheAttack","floor":4.0},{"not_picked":["Slimebound:FirmFortitude","Slimebound:GoopTackle"],"picked":"Slimebound:SamplingLick","floor":5.0},{"not_picked":["Slimebound:Schlurp","Slimebound:SpikyOuterGoop"],"picked":"Slimebound:FinishingTackle","floor":6.0},{"not_picked":["Slimebound:Recycling","Slimebound:Recollect"],"picked":"Slimebound:Nibble","floor":8.0},{"not_picked":["Slimebound:SplitLeeching","Slimebound:Grow"],"picked":"Slimebound:SplitMire","floor":10.0},{"not_picked":["Slimebound:SplitLeeching","Slimebound:FinishingTackle"],"picked":"Slimebound:ItLooksTasty","floor":11.0},{"not_picked":["Slimebound:Nibble","Slimebound:Grow"],"picked":"Slimebound:LeechingTouch","floor":12.0},{"not_picked":["Slimebound:SamplingLick","Slimebound:LeechEnergy"],"picked":"Slimebound:GrowthPunch","floor":14.0},{"not_picked":["Slimebound:SpikyOuterGoop","Slimebound:ItLooksTasty"],"picked":"Slimebound:Repurpose","floor":15.0},{"not_picked":["Slimebound:DuplicatedForm","Slimebound:CheckThePlaybook"],"picked":"Slimebound:PrepareCrush","floor":16.0},{"not_picked":["Slimebound:ProtectTheBoss","Slimebound:ItLooksTasty"],"picked":"Slimebound:Repurpose+1","floor":19.0},{"not_picked":["Slimebound:Grow","Slimebound:ItLooksTasty+1"],"picked":"Slimebound:PressTheAttack+1","floor":20.0},{"not_picked":["Slimebound:LeadByExample","Slimebound:SplitLeeching"],"picked":"Slimebound:MegaLick","floor":21.0},{"not_picked":["Slimebound:SplitLeeching+1","Slimebound:LivingWall"],"picked":"Slimebound:SamplingLick+1","floor":22},{"not_picked":["Slimebound:LeechEnergy","Slimebound:LeechingTouch","Slimebound:PressTheAttack"],"picked":"SKIP","floor":23},{"not_picked":["Slimebound:DivideAndConquer","Slimebound:LeechingTouch"],"picked":"Slimebound:SplitAcid","floor":25},{"not_picked":["Slimebound:Prepare+1","Slimebound:ItLooksTasty"],"picked":"Slimebound:SlimeBarrage","floor":27},{"not_picked":["Slimebound:TongueLash+1","Slimebound:AcidTongue"],"picked":"Slimebound:LevelUp+1","floor":28},{"not_picked":["Slimebound:SlimeBrawl","Slimebound:RollThrough"],"picked":"Slimebound:SplitMire","floor":29},{"not_picked":["Slimebound:Grow","Slimebound:DisruptingSlam"],"picked":"Slimebound:SplitLeeching","floor":31},{"not_picked":["Slimebound:LeadByExample","Slimebound:DivideAndConquer"],"picked":"Slimebound:MassFeed","floor":32},{"not_picked":["Slimebound:SelfFormingGoo","Slimebound:MinionMaster"],"picked":"Slimebound:WasteNot","floor":33},{"not_picked":["Slimebound:Schlurp","Slimebound:ViciousTackle"],"picked":"Slimebound:Gluttony","floor":36},{"not_picked":["Slimebound:Schlurp+1","Slimebound:SplitLeeching","Slimebound:DivideAndConquer+1"],"picked":"SKIP","floor":39},{"not_picked":["Slimebound:SpikyOuterGoop","Slimebound:DivideAndConquer"],"picked":"Slimebound:SplitMire+1","floor":40},{"not_picked":["Slimebound:ComboTackle+1","Slimebound:SplitBruiser+1"],"picked":"Slimebound:Equalize+1","floor":42},{"not_picked":["Slimebound:RollThrough+1","Slimebound:Repurpose"],"picked":"Slimebound:SlimeBarrage+1","floor":43},{"not_picked":["Slimebound:RollThrough+1","Slimebound:FormOfPuddle+1"],"picked":"Slimebound:SamplingLick","floor":44},{"not_picked":["Slimebound:DivideAndConquer+1","Slimebound:SplitLeeching+1"],"picked":"Slimebound:Darklings","floor":45},{"not_picked":["Slimebound:PressTheAttack+1","Slimebound:SamplingLick+1"],"picked":"Slimebound:HauntingLick+1","floor":48},{"not_picked":["Slimebound:RollThrough+1","Slimebound:ForwardTackle+1"],"picked":"Slimebound:GoopSpray+1","floor":49}],"player_experience":577494,"relics_obtained":[{"floor":7.0,"key":"Shuriken"},{"floor":11.0,"key":"HornCleat"},{"floor":24,"key":"Eternal Feather"},{"floor":25,"key":"Sundial"},{"floor":26,"key":"Enchiridion"},{"floor":41,"key":"Frozen Egg 2"},{"floor":42,"key":"Molten Egg 2"},{"floor":48,"key":"hubris:CuriousFeather"}],"event_choices":[{"damage_healed":0.0,"max_hp_gain":0.0,"max_hp_loss":0.0,"gold_gain":0.0,"event_name":"Accursed Blacksmith","player_choice":"Rummage","floor":3.0,"gold_loss":0.0,"damage_taken":0.0,"relics_obtained":["WarpedTongs"],"cards_obtained":["Pain"]}],"is_beta":false,"boss_relics":[{"not_picked":["Runic Dome","Snecko Eye"],"picked":"Runic Pyramid"},{"not_picked":["hubris:CrackedHourglass","Runesmith:UraniumAnvil"],"picked":"SacredBark"}],"items_purged_floors":[8,27,38],"is_endless":false,"potions_floor_spawned":[5,10,11,12,15,16,21,23,25,28,31,33,36,42,44],"ascension_level":2}}