{"host":"rolltorest","time":1610520628,"event":{"mods":["BaseMod","Minty Spire (QoL Compilation)","Relic Stats","Slay the Relics Exporter","StSLib"],"gold_per_floor":[118,133,133,133,150,150,176,186,186,241,241,271,282,282,282,355,355,373,388,43,43,57,92,92,126,149,179,194,213,263,276,276,276,276],"floor_reached":33,"language":"ENG","playtime":917,"items_purged":[],"score":759,"play_id":"3def12d6-d3b8-4345-8d22-41908c7b87ae","local_time":"20210112225028","is_ascension_mode":true,"campfire_choices":[{"data":"FlurryOfBlows","floor":6,"key":"SMITH"},{"data":"Vigilance","floor":11,"key":"SMITH"},{"data":"SandsOfTime","floor":15,"key":"SMITH"},{"data":"SpiritShield","floor":24,"key":"SMITH"},{"data":"Blasphemy","floor":32,"key":"SMITH"}],"circlet_count":0,"master_deck":["AscendersBane","Strike_P+1","Strike_P","Strike_P+1","Strike_P+1","Defend_P+1","Defend_P","Defend_P","Defend_P","Eruption","Vigilance+1","SandsOfTime+1","FlurryOfBlows+1","SandsOfTime+1","Tantrum+1","ClearTheMind+1","LessonLearned+1","Evaluate","SpiritShield+1","CurseOfTheBell","Adaptation","EmptyFist","Protect","Decay","Adaptation+1","CutThroughFate","Blasphemy+1","ThirdEye","InnerPeace","FlurryOfBlows+1"],"relics":["Coffee Dripper","Blue Candle","Bottled Flame","Incense Burner","Mango","White Beast Statue","Calling Bell","Ancient Tea Set","Darkstone Periapt","FossilizedHelix","Dead Branch","Ice Cream","Anchor","Juzu Bracelet"],"acts_visited":["Exordium","TheCity"],"potions_floor_usage":[18,19,19,23,27,31],"damage_taken":[{"damage":6,"enemies":"Cultist","floor":1,"turns":6},{"damage":0,"enemies":"Small Slimes","floor":2,"turns":2},{"damage":0,"enemies":"Jaw Worm","floor":5,"turns":3},{"damage":5,"enemies":"Gremlin Nob","floor":7,"turns":3},{"damage":5,"enemies":"Gremlin Gang","floor":8,"turns":3},{"damage":3,"enemies":"Gremlin Nob","floor":10,"turns":3},{"damage":0,"enemies":"Lagavulin","floor":12,"turns":4},{"damage":9,"enemies":"Blue Slaver","floor":13,"turns":4},{"damage":31,"enemies":"The Guardian","floor":16,"turns":8},{"damage":0,"enemies":"Spheric Guardian","floor":18,"turns":1},{"damage":11,"enemies":"3 Byrds","floor":19,"turns":4},{"damage":31,"enemies":"Cultist and Chosen","floor":22,"turns":4},{"damage":0,"enemies":"Book of Stabbing","floor":23,"turns":4},{"damage":12,"enemies":"Gremlin Leader","floor":25,"turns":5},{"damage":7,"enemies":"Book of Stabbing","floor":27,"turns":4},{"damage":6,"enemies":"Snecko","floor":28,"turns":4},{"damage":0,"enemies":"Snake Plant","floor":29,"turns":5},{"damage":0,"enemies":"3 Cultists","floor":31,"turns":3},{"damage":27,"enemies":"Champ","floor":33,"turns":2}],"seed_played":"238872905439041588","potions_obtained":[{"floor":1,"key":"LiquidBronze"},{"floor":5,"key":"PowerPotion"},{"floor":13,"key":"FairyPotion"},{"floor":16,"key":"Fire Potion"},{"floor":18,"key":"LiquidMemories"},{"floor":19,"key":"Fruit Juice"},{"floor":22,"key":"PowerPotion"},{"floor":23,"key":"SneckoOil"},{"floor":25,"key":"Dexterity Potion"},{"floor":27,"key":"StancePotion"},{"floor":28,"key":"StancePotion"},{"floor":31,"key":"SkillPotion"}],"is_trial":false,"path_per_floor":["M","M","T","?","M","R","E","M","T","?","R","E","M","?","R","B",null,"M","M","$","?","M","E","R","E","T","E","M","M","?","M","R","B"],"character_chosen":"WATCHER","items_purchased":["Dead Branch","Protect"],"campfire_rested":0,"item_purchase_floors":[20,20],"current_hp_per_floor":[55,55,55,55,55,55,50,45,45,56,56,56,47,22,22,24,68,68,57,57,63,32,37,37,25,25,18,12,12,12,12,12,0,0],"gold":276,"neow_bonus":"BOSS_RELIC","is_daily":false,"chose_seed":false,"campfire_upgraded":5,"win_rate":0.0,"timestamp":1610520628,"path_taken":["M","M","?","?","?","R","E","?","T","?","R","E","M","?","R","BOSS","M","M","$","?","M","E","R","E","T","E","M","M","?","M","R","BOSS"],"items_purchased_type":["Relic","Card"],"build_version":"2020-12-18","purchased_purges":0,"victory":false,"max_hp_per_floor":[68,68,68,68,68,68,68,68,68,82,82,82,82,82,82,82,82,82,82,82,88,88,93,93,93,93,93,93,93,93,93,93,93,93],"relic_stats":{"Darkstone Periapt":6,"counters":[19,72],"Blue Candle":[0],"Dead Branch":[23],"Juzu Bracelet":0,"obtain_stats":[{"Darkstone Periapt":17,"Ice Cream":23,"Blue Candle":3,"Dead Branch":20,"Mango":10,"Incense Burner":9,"Juzu Bracelet":27,"Ancient Tea Set":17,"White Beast Statue":12,"Calling Bell":17,"Bottled Flame":7,"Anchor":25,"Coffee Dripper":0,"PureWater":0,"FossilizedHelix":17},{"Darkstone Periapt":9,"Ice Cream":13,"Blue Candle":2,"Dead Branch":11,"Mango":6,"Incense Burner":5,"Juzu Bracelet":15,"Ancient Tea Set":9,"White Beast Statue":7,"Calling Bell":9,"Bottled Flame":4,"Anchor":14,"Coffee Dripper":0,"PureWater":0,"FossilizedHelix":9},{"Darkstone Periapt":36,"Ice Cream":49,"Blue Candle":8,"Dead Branch":41,"Mango":20,"Incense Burner":17,"Juzu Bracelet":58,"Ancient Tea Set":36,"White Beast Statue":24,"Calling Bell":36,"Bottled Flame":14,"Anchor":54,"Coffee Dripper":0,"PureWater":0,"FossilizedHelix":36}]},"card_choices":[{"not_picked":["Study","SashWhip"],"picked":"SandsOfTime","floor":1},{"not_picked":["PathToVictory","FollowUp"],"picked":"FlurryOfBlows","floor":2},{"not_picked":["ClearTheMind","PathToVictory","Evaluate"],"picked":"SKIP","floor":5},{"not_picked":["Protect","ClearTheMind"],"picked":"SandsOfTime","floor":7},{"not_picked":["ThirdEye","BowlingBash"],"picked":"Tantrum","floor":8},{"not_picked":["ThirdEye","Indignation"],"picked":"ClearTheMind","floor":10},{"not_picked":["CarveReality","SashWhip"],"picked":"LessonLearned","floor":12},{"not_picked":["PathToVictory","Collect"],"picked":"Evaluate","floor":13},{"not_picked":["Establishment","DeusExMachina"],"picked":"SpiritShield","floor":16},{"not_picked":["Evaluate","FollowUp"],"picked":"Adaptation","floor":18},{"not_picked":["EmptyBody","Evaluate"],"picked":"EmptyFist","floor":19},{"not_picked":["Swivel","FollowUp"],"picked":"Adaptation+1","floor":22},{"not_picked":["EmptyFist","EmptyBody"],"picked":"CutThroughFate","floor":23},{"not_picked":["EmptyBody+1","Brilliance","Study"],"picked":"SKIP","floor":25},{"not_picked":["Crescendo","BowlingBash"],"picked":"Blasphemy","floor":27},{"not_picked":["Nirvana","EmptyFist"],"picked":"ThirdEye","floor":28},{"not_picked":["CrushJoints","ClearTheMind"],"picked":"InnerPeace","floor":29},{"not_picked":["PathToVictory","Worship"],"picked":"FlurryOfBlows+1","floor":31}],"player_experience":1711950,"relics_obtained":[{"floor":3,"key":"Blue Candle"},{"floor":7,"key":"Bottled Flame"},{"floor":9,"key":"Incense Burner"},{"floor":10,"key":"Mango"},{"floor":12,"key":"White Beast Statue"},{"floor":17,"key":"Ancient Tea Set"},{"floor":17,"key":"Darkstone Periapt"},{"floor":17,"key":"FossilizedHelix"},{"floor":23,"key":"Ice Cream"},{"floor":25,"key":"Anchor"},{"floor":27,"key":"Juzu Bracelet"}],"event_choices":[{"damage_healed":0,"gold_gain":0,"player_choice":"Fled","damage_taken":0,"max_hp_gain":0,"max_hp_loss":0,"event_name":"Scrap Ooze","floor":4,"gold_loss":0},{"damage_healed":0,"gold_gain":0,"player_choice":"Searched \u00271\u0027 times","damage_taken":0,"max_hp_gain":0,"max_hp_loss":0,"event_name":"Dead Adventurer","floor":10,"gold_loss":0},{"damage_healed":0,"gold_gain":0,"player_choice":"Entered Light","damage_taken":25,"max_hp_gain":0,"max_hp_loss":0,"event_name":"Shining Light","floor":14,"gold_loss":0,"cards_upgraded":["Strike_P","Strike_P"]},{"damage_healed":0,"gold_gain":0,"player_choice":"Smashed Altar","damage_taken":0,"max_hp_gain":0,"max_hp_loss":0,"event_name":"Forgotten Altar","floor":21,"gold_loss":0,"cards_obtained":["Decay"]},{"damage_healed":0,"gold_gain":50,"player_choice":"Stole From Cult","damage_taken":0,"max_hp_gain":0,"max_hp_loss":0,"event_name":"Nest","floor":30,"gold_loss":0}],"is_beta":true,"boss_relics":[{"not_picked":["Pandora\u0027s Box","Runic Dome"],"picked":"Calling Bell"}],"items_purged_floors":[],"is_endless":false,"potions_floor_spawned":[1,5,8,12,13,16,18,19,22,23,25,27,28,29,31],"killed_by":"Champ","ascension_level":20}}