{"host":"a3oe3gstxz77c7qu","time":1610543785,"event":{"mods":["2.2 Compatiblity","Act Like it!","Astrologer","BaseMod","Bestiary","Better Altar","Better Match","Better Note","Better Skull","Better Third Choice","Block Reminder","Curses Come First","Custom Start","Dark Map","Downfall","Friendly Minions","GifTheSpireLib","Hermit","Jorbs\u0027s Wanderer Trilogy","Lobotomy","LobotomyExtend","Marisa????????","Minty Spire (QoL Compilation)","Permanent Neow","Quick Restart","Relic Stats","Replay The Spire","StSLib","The Bug Knight","The Cursed","The Disciple","Uncapped","Unknown Chances","Wandering Minibosses"],"gold_per_floor":[114,134,134,153,163,190,190,190,190,209,209,226,226,226,226,321,321,334,353,61,61,78,108,108,150,150,150,175,216,242,322,322,434,434,462,14,0,54,54,54,96,28,28,55,55,84,112,160,160,184,184],"floor_reached":52,"language":"ENG","playtime":5003,"items_purged":[],"score":1693,"play_id":"49fa483b-7134-4c62-b008-28b18f601adb","local_time":"20210113131625","is_ascension_mode":true,"campfire_choices":[{"data":"astrologer:Shine","floor":7.0,"key":"SMITH"},{"floor":11.0,"key":"REST"},{"floor":15.0,"key":"REST"},{"data":"1","floor":24,"key":"LIFT"},{"data":"2","floor":27,"key":"LIFT"},{"data":"3","floor":32,"key":"LIFT"},{"floor":40,"key":"REST"},{"floor":49,"key":"REST"}],"circlet_count":0,"master_deck":["astrologer:Strike","astrologer:Strike","astrologer:Strike","astrologer:Defend","astrologer:Defend","astrologer:Defend","astrologer:NorthStar","astrologer:TheFool+1","astrologer:Shine+1","astrologer:Sunrise","astrologer:TheStar","UniverseFragment","astrologer:Prismatic","Apotheosis+1","astrologer:Starfield","astrologer:SolarFlare","astrologer:FadingStar+1","astrologer:FrozenStar","astrologer:TheStar","astrologer:TheHighPriestess","astrologer:HeatDeath","astrologer:ReadTheStars+1","astrologer:CosmicExpanse+1","astrologer:Sunrise","Pot Of Greed","Pot Of Greed","Pot Of Greed","astrologer:Novile","astrologer:StarOfRegret","astrologer:TheSun"],"relics":["astrologer:SkyMirror","CogitoBucket","RabbitCall","LetterFromLob","Bottled Lightning","Heaven_r","LaetitiaHeart","StrikeDummy","TreeSap","Fusion Hammer","Girya","FaceOfCleric","AspirationHeart","Replay:Bandana","Omamori","Pear","Tiny Chest","AtMidnight","ChangeAnything","Replay:Kaleidoscope","Empty Cage","Kunai","Sling","Red Mask","Grinning Jar","Replay:Ringing Soul","Bottled Flame","Pocketwatch"],"acts_visited":["Exordium","TheCity","TheBeyond"],"potions_floor_usage":[22,23,30,31,41,47,50],"damage_taken":[{"damage":0.0,"enemies":"Small Slimes","floor":1.0,"turns":3.0},{"damage":1.0,"enemies":"Jaw Worm","floor":2.0,"turns":4.0},{"damage":0.0,"enemies":"Cultist","floor":4.0,"turns":4.0},{"damage":0.0,"enemies":"Large Slime","floor":5.0,"turns":6.0},{"damage":11.0,"enemies":"Lagavulin","floor":6.0,"turns":8.0},{"damage":56.0,"enemies":"HollowMod:MossKnight","floor":8.0,"turns":5.0},{"damage":0.0,"enemies":"HollowMod:MossKnight","floor":8.0,"turns":2.0},{"damage":0.0,"enemies":"2 Fungi Beasts","floor":10.0,"turns":3.0},{"damage":3.0,"enemies":"Lots of Slimes","floor":12.0,"turns":4.0},{"damage":15.0,"enemies":"The Guardian","floor":16.0,"turns":11.0},{"damage":10,"enemies":"Shell Parasite","floor":18,"turns":7},{"damage":22,"enemies":"Cultist and Chosen","floor":19,"turns":5},{"damage":26,"enemies":"Snake Plant","floor":22,"turns":7},{"damage":40,"enemies":"Book of Stabbing","floor":23,"turns":6},{"damage":8,"enemies":"HollowMod:Nosk","floor":25,"turns":5},{"damage":0,"enemies":"Centurion and Healer","floor":28,"turns":4},{"damage":9,"enemies":"Book of Stabbing","floor":29,"turns":4},{"damage":1,"enemies":"Chosen and Byrds","floor":30,"turns":9},{"damage":13,"enemies":"Replay:Snechameleon","floor":31,"turns":5},{"damage":24,"enemies":"Champ","floor":33,"turns":8},{"damage":0,"enemies":"3 Shapes","floor":35,"turns":4},{"damage":13,"enemies":"Orb Walker","floor":38,"turns":4},{"damage":33,"enemies":"Reptomancer","floor":41,"turns":5},{"damage":18,"enemies":"Transient","floor":44,"turns":5},{"damage":7,"enemies":"Maw","floor":46,"turns":4},{"damage":11,"enemies":"Writhing Mass","floor":47,"turns":4},{"damage":0,"enemies":"HollowMod:StalkingDevout","floor":48,"turns":4},{"damage":315,"enemies":"Replay:Hell Engine","floor":50,"turns":7}],"seed_played":"3755331481207506524","potions_obtained":[{"floor":4.0,"key":"Explosive Potion"},{"floor":5.0,"key":"hexamod:EctoCoolerPotion"},{"floor":12.0,"key":"AttackPotion"},{"floor":18,"key":"Block Potion"},{"floor":28,"key":"FairyPotion"},{"floor":30,"key":"Energy Potion"},{"floor":33,"key":"Weak Potion"},{"floor":35,"key":"Venom Potion"},{"floor":38,"key":"Adrenaline Potion"},{"floor":44,"key":"BlessingOfTheForge"}],"is_trial":false,"path_per_floor":["M","M","?","M","M","E","R","E","T","M","R","M","?","?","R","B",null,"M","M","$","?","M","E","R","E","T","R","M","E","M","E","R","B",null,"M","$","?","M","?","R","E","$","T","M","T","M","M","E","R","B",null,null],"character_chosen":"ASTROLOGER","items_purchased":["Girya","astrologer:CosmicExpanse+1","Kunai","Sling","astrologer:StarOfRegret"],"campfire_rested":4,"item_purchase_floors":[20,36,36,36,42],"current_hp_per_floor":[70,69,69,69,69,58,58,2,2,2,57,54,54,54,109,94,184,174,152,152,152,137,98,98,91,101,101,102,94,94,82,82,59,212,213,213,213,201,201,214,182,182,182,165,165,159,149,153,219,23,23],"gold":184,"neow_bonus":"","is_daily":false,"chose_seed":false,"campfire_upgraded":1,"win_rate":0.0,"timestamp":1610543785,"path_taken":["M","M","?","M","M","E","R","E","T","M","R","M","?","?","R","BOSS","M","M","$","?","?","E","R","E","T","R","M","E","M","E","R","BOSS","M","$","?","M","?","R","E","$","T","?","?","M","M","E","R","BOSS"],"items_purchased_type":["Relic","Card","Relic","Relic","Card"],"build_version":"2020-12-22","purchased_purges":0,"victory":true,"max_hp_per_floor":[70,70,70,70,70,70,70,184,184,184,184,184,184,184,184,184,184,184,184,184,184,195,196,196,197,207,207,208,209,210,211,211,212,212,213,213,213,214,214,214,215,215,215,216,216,217,218,222,222,163,163],"relic_stats":{"FaceOfCleric":16,"counters":[32,151],"Tiny Chest":1,"Kunai":[10],"obtain_stats":[{"RabbitCall":0,"Empty Cage":34,"Sling":36,"Replay:Ringing Soul":43,"CogitoBucket":0,"Replay:Bandana":23,"LaetitiaHeart":8,"FaceOfCleric":21,"TreeSap":10,"Tiny Chest":29,"astrologer:SkyMirror":0,"Fusion Hammer":17,"Red Mask":37,"Kunai":36,"Girya":20,"Pear":26,"AspirationHeart":22,"Omamori":25,"Replay:Kaleidoscope":31,"Heaven_r":8,"Bottled Flame":45,"AtMidnight":30,"LetterFromLob":1,"Bottled Lightning":6,"ChangeAnything":30,"Grinning Jar":41,"StrikeDummy":9,"Pocketwatch":48},{"RabbitCall":0,"Empty Cage":23,"Sling":24,"Replay:Ringing Soul":26,"CogitoBucket":0,"Replay:Bandana":16,"LaetitiaHeart":6,"FaceOfCleric":13,"TreeSap":9,"Tiny Chest":19,"astrologer:SkyMirror":0,"Fusion Hammer":11,"Red Mask":24,"Kunai":24,"Girya":13,"Pear":17,"AspirationHeart":15,"Omamori":17,"Replay:Kaleidoscope":22,"Heaven_r":6,"Bottled Flame":27,"AtMidnight":21,"LetterFromLob":1,"Bottled Lightning":5,"ChangeAnything":21,"Grinning Jar":26,"StrikeDummy":7,"Pocketwatch":30},{"RabbitCall":0,"Empty Cage":113,"Sling":117,"Replay:Ringing Soul":126,"CogitoBucket":0,"Replay:Bandana":77,"LaetitiaHeart":30,"FaceOfCleric":63,"TreeSap":36,"Tiny Chest":90,"astrologer:SkyMirror":0,"Fusion Hammer":51,"Red Mask":117,"Kunai":117,"Girya":63,"Pear":82,"AspirationHeart":71,"Omamori":82,"Replay:Kaleidoscope":105,"Heaven_r":30,"Bottled Flame":131,"AtMidnight":100,"LetterFromLob":3,"Bottled Lightning":25,"ChangeAnything":100,"Grinning Jar":126,"StrikeDummy":32,"Pocketwatch":143}],"Pocketwatch":[3]},"card_choices":[{"not_picked":["LittleHelper","VoidDream","PunishingBird"],"picked":"Singing Bowl","floor":1.0},{"not_picked":["astrologer:Conjunction","astrologer:Still","astrologer:Eclipse"],"picked":"SKIP","floor":1.0},{"not_picked":["astrologer:CometStrike","astrologer:Still"],"picked":"astrologer:Shine","floor":2.0},{"not_picked":["VoidDream","PunishingBird","SpiderBud"],"picked":"Singing Bowl","floor":2.0},{"not_picked":["astrologer:Cataclysm","astrologer:Radiance"],"picked":"astrologer:Sunrise","floor":4.0},{"not_picked":["CrumblingArmor","VoidDream","PunishingBird"],"picked":"Singing Bowl","floor":4.0},{"not_picked":["astrologer:SolarFlare","astrologer:Conjunction"],"picked":"astrologer:TheStar","floor":5.0},{"not_picked":["DreamingCurrent","OldLady"],"picked":"UniverseFragment","floor":5.0},{"not_picked":["HeroicMonk","LittleHelper","Porccubus"],"picked":"Singing Bowl","floor":6.0},{"not_picked":["astrologer:Glimpse","astrologer:Premeditation","astrologer:Radiance"],"picked":"SKIP","floor":6.0},{"not_picked":["Woodsman","Scorched","Murderer"],"picked":"Singing Bowl","floor":10.0},{"not_picked":["astrologer:Radiance","astrologer:CometStrike","astrologer:SpaceDust"],"picked":"SKIP","floor":10.0},{"not_picked":["astrologer:StarOfChange","astrologer:CometStrike"],"picked":"astrologer:Prismatic","floor":12.0},{"not_picked":["Scorched","OldLady","RedShoes"],"picked":"Singing Bowl","floor":12.0},{"not_picked":["Metamorphosis+1","Thinking Ahead+1"],"picked":"Apotheosis+1","floor":13.0},{"not_picked":["astrologer:WheelofFortune","astrologer:TheChariot"],"picked":"astrologer:Starfield","floor":16.0},{"not_picked":["Wellcheers","SnowQueen","VoidDream"],"picked":"Singing Bowl","floor":16.0},{"not_picked":["astrologer:Conjunction","astrologer:CrystalBall"],"picked":"astrologer:SolarFlare","floor":18},{"not_picked":["OSAHOGD","Wellcheers","WallGazer"],"picked":"Singing Bowl","floor":18},{"not_picked":["LittleHelper","NakedNest","WhitesApple"],"picked":"Singing Bowl","floor":19},{"not_picked":["astrologer:Premonition","astrologer:CrystalBall","astrologer:CometStrike"],"picked":"SKIP","floor":19},{"not_picked":["WhiteNight","Murderer","Laetitia"],"picked":"Singing Bowl","floor":22},{"not_picked":["astrologer:Judgement","astrologer:Alignment","astrologer:CometStrike"],"picked":"SKIP","floor":22},{"not_picked":["BigBadWolf","Variant","Bloodbath"],"picked":"Singing Bowl","floor":23},{"not_picked":["astrologer:Divination","astrologer:Opposition+1","astrologer:TheLovers+1"],"picked":"SKIP","floor":23},{"not_picked":["LittleHelper","RedShoes","Variant"],"picked":"Singing Bowl","floor":25},{"not_picked":["astrologer:Eclipse","astrologer:Wish","astrologer:SpaceDust"],"picked":"SKIP","floor":25},{"not_picked":["astrologer:CosmicExpanse","astrologer:SpaceDust"],"picked":"astrologer:FadingStar+1","floor":28},{"not_picked":["SpiderBud","WallGazer","LittleHelper"],"picked":"Singing Bowl","floor":28},{"not_picked":["astrologer:FadingStar","astrologer:Moonlight+1"],"picked":"astrologer:FrozenStar","floor":29},{"not_picked":["FairyFestival","Bloodbath","PunishingBird"],"picked":"Singing Bowl","floor":29},{"not_picked":["astrologer:Radiance","astrologer:StarOfChange+1"],"picked":"astrologer:TheStar","floor":30},{"not_picked":["Woodsman","CrumblingArmor","Variant"],"picked":"Singing Bowl","floor":30},{"not_picked":["astrologer:Justice","astrologer:FrozenStar+1"],"picked":"astrologer:TheHighPriestess","floor":31},{"not_picked":["Laetitia","Woodsman","BigBird"],"picked":"Singing Bowl","floor":31},{"not_picked":["astrologer:Fate","astrologer:Wish"],"picked":"astrologer:HeatDeath","floor":33},{"not_picked":["BigBadWolf","LittleHelper","VoidDream"],"picked":"Singing Bowl","floor":33},{"not_picked":["astrologer:Stardust","astrologer:Death"],"picked":"astrologer:ReadTheStars+1","floor":35},{"not_picked":["WhitesApple","Scorched","BigBadWolf"],"picked":"Singing Bowl","floor":35},{"not_picked":["LittleHelper","MeatLantern","MHz"],"picked":"Singing Bowl","floor":38},{"not_picked":["astrologer:Still","astrologer:TheLovers+1","astrologer:Confirmation"],"picked":"SKIP","floor":38},{"not_picked":["astrologer:Moonlight","astrologer:SpaceDust+1"],"picked":"astrologer:Novile","floor":41},{"not_picked":["LittleHelper","BlackArmy","DreamingCurrent"],"picked":"Singing Bowl","floor":41},{"not_picked":["NakedNest","BodiesMountain","MeatLantern"],"picked":"Singing Bowl","floor":44},{"not_picked":["astrologer:FrozenStar+1","astrologer:ReadTheStars","astrologer:MeteorShower"],"picked":"SKIP","floor":44},{"not_picked":["Porccubus","Yin","CENSORED"],"picked":"Singing Bowl","floor":46},{"not_picked":["astrologer:Sunrise+1","astrologer:Stardust+1","astrologer:Radiance+1"],"picked":"SKIP","floor":46},{"not_picked":["DespairKnight","BigBadWolf","GreedKing"],"picked":"Singing Bowl","floor":47},{"not_picked":["astrologer:TheTower+1","astrologer:CometStrike+1","astrologer:MeteorShower"],"picked":"SKIP","floor":47},{"not_picked":["astrologer:ShootingStar+1","astrologer:Glimpse"],"picked":"astrologer:TheSun","floor":48},{"not_picked":["SilentOrchestra","SnowQueen","Laetitia"],"picked":"Singing Bowl","floor":48}],"player_experience":996478,"relics_obtained":[{"floor":1.0,"key":"LetterFromLob"},{"floor":6.0,"key":"Bottled Lightning"},{"floor":9.0,"key":"StrikeDummy"},{"floor":23,"key":"Replay:Bandana"},{"floor":25,"key":"Omamori"},{"floor":26,"key":"Pear"},{"floor":29,"key":"Tiny Chest"},{"floor":30,"key":"AtMidnight"},{"floor":31,"key":"Replay:Kaleidoscope"},{"floor":41,"key":"Grinning Jar"},{"floor":43,"key":"Replay:Ringing Soul"},{"floor":45,"key":"Bottled Flame"},{"floor":48,"key":"Pocketwatch"}],"event_choices":[{"damage_healed":0.0,"max_hp_gain":0.0,"max_hp_loss":0.0,"gold_gain":0.0,"event_name":"betterMatch:BetterMatch","player_choice":"2","floor":13.0,"gold_loss":0.0,"damage_taken":0.0,"cards_obtained":["betterMatch:ColorlessRareCard"]},{"damage_healed":0,"gold_gain":0,"player_choice":"Trade","damage_taken":0,"relics_obtained":["FaceOfCleric"],"max_hp_gain":0,"max_hp_loss":0,"event_name":"FaceTrader","floor":21,"gold_loss":0},{"damage_healed":0,"gold_gain":0,"player_choice":"Paid","damage_taken":0,"relics_obtained":["Red Mask"],"max_hp_gain":0,"max_hp_loss":0,"event_name":"Tomb of Lord Red Mask","floor":37,"gold_loss":14},{"damage_healed":0,"gold_gain":0,"player_choice":"Copied","damage_taken":0,"max_hp_gain":0,"max_hp_loss":0,"event_name":"Duplicator","floor":39,"gold_loss":0,"cards_obtained":["astrologer:Sunrise"]}],"is_beta":false,"boss_relics":[{"not_picked":["SacredBark","Pandora\u0027s Box"],"picked":"Fusion Hammer"},{"not_picked":["Snecko Heart","Honey Jar"],"picked":"Empty Cage"}],"items_purged_floors":[],"is_endless":false,"potions_floor_spawned":[4,5,12,18,28,30,33,35,38,44],"ascension_level":1}}