{"host":"2xe1naorbvdtp4t7","time":1610535853,"event":{"mods":["BaseMod","Colored Map","Colored Powertips","Dark Map","Minty Spire (QoL Compilation)","Random Character Button","Rare Cards Sparkle","Spire Birthday Party"],"gold_per_floor":[16,32,45,65,12,12,22,22,94,94,112,112,123,150,150,245,245,257,257,172,0,99,128,128,33,33,6,6,25,25,45,45,45,45],"floor_reached":33,"language":"ENG","playtime":1015,"items_purged":[],"score":265,"play_id":"6d0732f6-5095-4892-a25f-a0a51f7e207e","local_time":"20210113120413","is_ascension_mode":false,"campfire_choices":[{"data":"Poisoned Stab","floor":6,"key":"SMITH"},{"data":"Dagger Throw","floor":8,"key":"SMITH"},{"data":"Dagger Spray","floor":10,"key":"SMITH"},{"floor":15,"key":"REST"},{"floor":24,"key":"REST"},{"floor":30,"key":"REST"},{"floor":32,"key":"REST"}],"circlet_count":0,"master_deck":["Strike_G","Strike_G","Strike_G","Strike_G","Strike_G","Defend_G","Defend_G","Defend_G","Defend_G","Defend_G","Survivor","Neutralize","Dagger Spray+1","Poisoned Stab+1","Slice","Dagger Throw+1","Underhanded Strike","Slice","Quick Slash","Deadly Poison","Catalyst","Storm of Steel","Bouncing Flask+1","Outmaneuver+1","Terror","Poisoned Stab","Flying Knee","Backflip","Slice+1"],"relics":["Ring of the Snake","HornCleat","Tingsha","Runic Dome","Art of War","Bag of Marbles","Centennial Puzzle"],"acts_visited":["Exordium","TheCity"],"potions_floor_usage":[1,16,16,16,31,33],"damage_taken":[{"damage":0,"enemies":"Small Slimes","floor":1,"turns":5},{"damage":3,"enemies":"Jaw Worm","floor":2,"turns":3},{"damage":0,"enemies":"2 Louse","floor":3,"turns":2},{"damage":4,"enemies":"Large Slime","floor":4,"turns":8},{"damage":1,"enemies":"Exordium Wildlife","floor":7,"turns":3},{"damage":9,"enemies":"2 Fungi Beasts","floor":11,"turns":2},{"damage":5,"enemies":"Lots of Slimes","floor":13,"turns":4},{"damage":18,"enemies":"3 Sentries","floor":14,"turns":5},{"damage":47,"enemies":"The Guardian","floor":16,"turns":8},{"damage":16,"enemies":"Chosen","floor":18,"turns":5},{"damage":37,"enemies":"Book of Stabbing","floor":23,"turns":5},{"damage":15,"enemies":"2 Thieves","floor":29,"turns":3},{"damage":18,"enemies":"3 Cultists","floor":31,"turns":4},{"damage":93,"enemies":"Collector","floor":33,"turns":7}],"seed_played":"-5268805125631597122","potions_obtained":[{"floor":1,"key":"EntropicBrew"},{"floor":16,"key":"Block Potion"},{"floor":18,"key":"Swift Potion"}],"is_trial":false,"path_per_floor":["M","M","M","M","$","R","M","R","T","R","M","?","M","E","R","B",null,"M","?","?","?","?","E","R","$","T","$","$","M","R","M","R","B"],"character_chosen":"THE_SILENT","items_purchased":["Underhanded Strike","Terror","Poisoned Stab","Flying Knee"],"campfire_rested":4,"item_purchase_floors":[5,25,25,27],"current_hp_per_floor":[84,81,81,77,77,77,76,76,76,76,67,67,62,44,69,22,84,68,68,68,68,68,31,56,56,56,56,56,41,66,48,73,0,0],"gold":45,"neow_bonus":"TWENTY_PERCENT_HP_BONUS","is_daily":false,"chose_seed":false,"campfire_upgraded":3,"win_rate":0.0,"timestamp":1610535853,"path_taken":["M","M","M","M","$","R","M","R","T","R","M","?","M","E","R","BOSS","M","?","?","?","?","E","R","$","T","?","$","M","R","M","R","BOSS"],"items_purchased_type":["Card","Card","Card","Card"],"build_version":"2020-12-22","purchased_purges":0,"victory":false,"max_hp_per_floor":[84,84,84,84,84,84,84,84,84,84,84,84,84,84,84,84,84,84,84,84,84,84,84,84,84,84,84,84,84,84,84,84,84,84],"card_choices":[{"not_picked":["Endless Agony","Blur"],"picked":"Dagger Spray","floor":1},{"not_picked":["Underhanded Strike","Deflect"],"picked":"Poisoned Stab","floor":2},{"not_picked":["Cloak And Dagger","Accuracy"],"picked":"Slice","floor":3},{"not_picked":["Quick Slash","Cloak And Dagger"],"picked":"Dagger Throw","floor":4},{"not_picked":["Night Terror","Eviscerate"],"picked":"Slice","floor":7},{"not_picked":["Distraction","Footwork"],"picked":"Quick Slash","floor":11},{"not_picked":["Noxious Fumes","Backflip"],"picked":"Deadly Poison","floor":13},{"not_picked":["Dagger Throw","Flying Knee"],"picked":"Catalyst","floor":14},{"not_picked":["Adrenaline","Tools of the Trade"],"picked":"Storm of Steel","floor":16},{"not_picked":["Slice","Quick Slash"],"picked":"Bouncing Flask+1","floor":18},{"not_picked":["Dodge and Roll","Infinite Blades"],"picked":"Outmaneuver+1","floor":23},{"not_picked":["Underhanded Strike","Prepared"],"picked":"Backflip","floor":29},{"not_picked":["Acrobatics","Backflip"],"picked":"Slice+1","floor":31}],"player_experience":62981,"relics_obtained":[{"floor":9,"key":"HornCleat"},{"floor":14,"key":"Tingsha"},{"floor":23,"key":"Bag of Marbles"},{"floor":26,"key":"Centennial Puzzle"}],"event_choices":[{"damage_healed":0,"gold_gain":0,"player_choice":"Ignored","damage_taken":0,"max_hp_gain":0,"max_hp_loss":0,"event_name":"Golden Idol","floor":12,"gold_loss":0},{"damage_healed":0,"gold_gain":0,"player_choice":"Ignored","damage_taken":0,"max_hp_gain":0,"max_hp_loss":0,"event_name":"Vampires","floor":19,"gold_loss":0},{"damage_healed":0,"gold_gain":0,"player_choice":"Obtained Relic","damage_taken":0,"relics_obtained":["Art of War"],"max_hp_gain":0,"max_hp_loss":0,"event_name":"Addict","floor":20,"gold_loss":85},{"damage_healed":0,"gold_gain":0,"player_choice":"Paid Fearfully","damage_taken":0,"max_hp_gain":0,"max_hp_loss":0,"event_name":"Masked Bandits","floor":21,"gold_loss":172},{"damage_healed":0,"gold_gain":99,"player_choice":"Stole From Cult","damage_taken":0,"max_hp_gain":0,"max_hp_loss":0,"event_name":"Nest","floor":22,"gold_loss":0}],"is_beta":false,"boss_relics":[{"not_picked":["HoveringKite","Ectoplasm"],"picked":"Runic Dome"}],"items_purged_floors":[],"is_endless":false,"potions_floor_spawned":[1,11,14,16,18],"killed_by":"Collector","ascension_level":0}}