{"host":"ue3qa4y58fiwdsvn","time":1610527212,"event":{"mods":["BaseMod","BetterRewards","Colored Map","Colored Powertips","Downfall","Friendly Minions","Hubris","Infinite Spire","Minty Spire (QoL Compilation)","MostiFishMod","Replay The Spire","Shop Mod","Spicy Shops","StSLib","The Bug Knight","The Construct","The Cursed","The Gatherer","UnlockEverythingMod","[地精首领爬塔]The Maniac","vexMod"],"gold_per_floor":[116,128,145,169,189,189,193,193,193,193,206,231,231,246,246,344,1010,1019,1034,1034,1040,1051,1051,284,284,284,295,295,64,64,76,76,173,173,188,188,202,205,205,205,226,229,229,229,229,229,229,231,231,221],"floor_reached":51,"language":"ZHS","playtime":2498,"items_purged":["maniac:Strike","maniac:Defend","maniac:Strike"],"score":939,"play_id":"19f47feb-98a8-448b-b208-08dd55746c2c","local_time":"20210113164012","is_ascension_mode":false,"campfire_choices":[{"data":"maniac:Refine","floor":6,"key":"SMITH"},{"floor":8,"key":"REST"},{"data":"maniac:BurnBlood","floor":10,"key":"SMITH"},{"data":"maniac:AbyssShackle","floor":15,"key":"SMITH"},{"data":"maniac:Deal","floor":23,"key":"SMITH"},{"data":"maniac:Deal+1","floor":25,"key":"SMITH"},{"data":"maniac:Deal+2","floor":30,"key":"SMITH"},{"data":"maniac:Deal+3","floor":32,"key":"SMITH"},{"data":"maniac:Deal+5","floor":40,"key":"SMITH"},{"data":"maniac:Deal+6","floor":45,"key":"SMITH"},{"data":"maniac:Deal+7","floor":49,"key":"SMITH"}],"circlet_count":0,"master_deck":["maniac:Strike","maniac:Strike","maniac:Strike","maniac:Defend","maniac:Defend","maniac:BurnBlood+1","maniac:AbyssShackle+1","maniac:Refine+1","maniac:MortalSteel+1","maniac:ColdHeart+1","maniac:Deal+8","maniac:SpectralKnives+1","maniac:ShelteringEdge+1","MostiFishMod:KingOfFree+1"],"relics":["maniac:EnchantedAnvil","maniac:BrokenHorn","DaveBox","EGODaCapo","Omamori","Simple Rune","SynthV:TestCard","ThornShield","infinitespire:Bottled Soul","Replay:Rubber Ducky","vexMod:RockOfEvil","hubris:BottledHeart","hubris:Spice","MostiFishMod:AdaptiveDefenses","hubris:CrystalStatue","ReplayTheSpireMod:Ninjato","MutagenicStrength","Replay:Grab Bag","Sozu","Coffee Dripper","TheAbacus","Akabeko","vexMod:CardConverter","Ring of Chaos"],"acts_visited":["Exordium","TheCity","TheBeyond"],"potions_floor_usage":[3,7,12,14,19,33,33],"damage_taken":[{"damage":3,"enemies":"Cultist","floor":1,"turns":3},{"damage":0,"enemies":"Small Slimes","floor":2,"turns":3},{"damage":0,"enemies":"Jaw Worm","floor":3,"turns":3},{"damage":8,"enemies":"Looter","floor":5,"turns":3},{"damage":28,"enemies":"Gremlin Nob","floor":7,"turns":4},{"damage":3,"enemies":"Exordium Wildlife","floor":11,"turns":2},{"damage":8,"enemies":"HollowMod:MossKnight","floor":12,"turns":8},{"damage":0,"enemies":"Exordium Thugs","floor":14,"turns":2},{"damage":19,"enemies":"Hexaghost","floor":16,"turns":6},{"damage":0,"enemies":"Chosen","floor":18,"turns":3},{"damage":1,"enemies":"2 Thieves","floor":19,"turns":2},{"damage":0,"enemies":"Centurion and Healer","floor":21,"turns":6},{"damage":0,"enemies":"3 Cultists","floor":22,"turns":4},{"damage":0,"enemies":"Snake Plant","floor":27,"turns":3},{"damage":0,"enemies":"Snecko","floor":31,"turns":2},{"damage":0,"enemies":"Pondfish","floor":33,"turns":5},{"damage":0,"enemies":"3 Darklings","floor":35,"turns":4},{"damage":0,"enemies":"Orb Walker","floor":37,"turns":2},{"damage":0,"enemies":"Spire Growth","floor":38,"turns":2},{"damage":0,"enemies":"R_Hoarder","floor":41,"turns":3},{"damage":0,"enemies":"Writhing Mass","floor":42,"turns":3},{"damage":0,"enemies":"3 Darklings","floor":48,"turns":3},{"damage":0,"enemies":"Replay:Hell Engine","floor":50,"turns":5}],"seed_played":"6761974181628781713","potions_obtained":[{"floor":1,"key":"LifebloodPotion"},{"floor":5,"key":"ColorlessPotion"},{"floor":7,"key":"Energy Potion"},{"floor":12,"key":"Fire Potion"},{"floor":14,"key":"Fire Potion"},{"floor":22,"key":"Fire Potion"},{"floor":27,"key":"hexamod:EctoCoolerPotion"},{"floor":31,"key":"Fire Potion"}],"is_trial":false,"path_per_floor":["M","M","M","T","M","R","E","R","T","R","M","E","?","M","R","B",null,"M","M","?","M","M","R","$","R","T","M","?","$","R","M","R","B",null,"M","?","M","M","AVR","R","E","M","T","?","R","?","?","M","R","B",null],"character_chosen":"THE_MANIAC","items_purchased":["Omamori","Simple Rune","hubris:Spice","MostiFishMod:AdaptiveDefenses","hubris:CrystalStatue","MostiFishMod:KingOfFree","hubris:Spice"],"campfire_rested":1,"item_purchase_floors":[0,0,24,24,24,29,29],"current_hp_per_floor":[41,41,45,45,37,37,9,33,33,33,32,38,38,38,38,19,80,80,79,1,1,1,1,1,1,1,1,1,1,1,1,1,1,1,1,1,1,1,1,1,1,1,1,1,1,1,1,1,1,1],"gold":221,"neow_bonus":"","is_daily":false,"chose_seed":false,"campfire_upgraded":10,"win_rate":0.0,"timestamp":1610527212,"path_taken":["M","M","?","?","M","R","E","R","T","R","M","E","?","M","R","BOSS","M","M","?","M","M","R","$","R","T","M","?","?","R","M","R","BOSS","M","?","?","M","AVR","R","E","M","T","?","R","?","?","M","R","BOSS"],"items_purchased_type":["Relic","Relic","Relic","Relic","Relic","Card","Relic"],"build_version":"2020-12-22","purchased_purges":3,"victory":true,"max_hp_per_floor":[80,80,80,80,80,80,80,80,80,80,80,80,80,80,80,80,80,80,80,1,1,1,1,1,1,1,1,1,1,1,1,1,1,1,1,1,1,1,1,1,1,1,1,1,1,1,1,1,1,1],"card_choices":[{"not_picked":["maniac:UntravelledPath","maniac:DashForward","maniac:ShelteringEdge"],"picked":"SKIP","floor":1},{"not_picked":["maniac:BladeShoot","maniac:ShelteringEdge","maniac:AlleviatingSorcery","maniac:MeleeStrike"],"picked":"maniac:Refine","floor":2},{"not_picked":["maniac:TorturousScreams","maniac:ManipulatedFaith","maniac:DashForward","maniac:ListenToNone","maniac:Confront"],"picked":"SKIP","floor":3},{"not_picked":["maniac:Precision","maniac:SpectralKnives","maniac:Intimidate","maniac:DashForward","maniac:Quickdraw"],"picked":"SKIP","floor":5},{"not_picked":["maniac:ForsakenHand","maniac:SeeingDetails","maniac:ShelteringEdge","maniac:WardAndDefend","maniac:BladeShoot"],"picked":"SKIP","floor":7},{"not_picked":["maniac:BladesInCloak","maniac:BladeArtist","maniac:FindAShortcut","maniac:Feint","maniac:UntravelledPath"],"picked":"SKIP","floor":11},{"not_picked":["maniac:MeleeStrike","maniac:SorceryHour","maniac:RallyToMe","maniac:WardAndDefend"],"picked":"maniac:MortalSteel","floor":12},{"not_picked":["maniac:Hasten","maniac:BladeShoot","maniac:FindAShortcut","maniac:Quickdraw"],"picked":"maniac:ColdHeart","floor":14},{"not_picked":["maniac:Trap","maniac:RallyToMe","maniac:ForsakenHand","maniac:ShadowContact"],"picked":"maniac:Deal","floor":16},{"not_picked":["maniac:BladeShoot+1","maniac:FindAShortcut","maniac:MeleeStrike","maniac:AlleviatingSorcery"],"picked":"maniac:SpectralKnives+1","floor":18},{"not_picked":["maniac:BladesInCloak","maniac:Exterminator+1","maniac:BladeShoot","maniac:ShelteringEdge","maniac:Confront+1"],"picked":"SKIP","floor":19},{"not_picked":["maniac:WitnessTrueSorcery","maniac:WardAndDefend+1","maniac:SecretBackups","maniac:SpectralKnives+1","maniac:Confront"],"picked":"SKIP","floor":21},{"not_picked":["maniac:WitnessTrueSorcery","maniac:WardAndDefend+1","maniac:SecretBackups","maniac:SpectralKnives+1","maniac:Confront"],"picked":"SKIP","floor":21},{"not_picked":["maniac:WardAndDefend","maniac:FindAShortcut","maniac:ListenToNone","maniac:SeekerKnife+1"],"picked":"maniac:ShelteringEdge","floor":22},{"not_picked":["maniac:SpectralKnives","maniac:BladesInCloak","maniac:PanickyParry","maniac:Retrospect","maniac:AllOutAttack"],"picked":"SKIP","floor":27},{"not_picked":["maniac:Assassinate","maniac:SeeingDetails+1","maniac:Deal","maniac:UntravelledPath","maniac:ShiftingShadows"],"picked":"SKIP","floor":31},{"not_picked":["maniac:UnseenTerror","maniac:FanTheHammer","maniac:HammerDown","maniac:Deal"],"picked":"maniac:ExceedEnchantment","floor":33},{"not_picked":["maniac:PanickyParry+1","maniac:ExpectedMoves+1","maniac:SpectralKnives+1","maniac:BladeArtist+1","maniac:BladesInCloak"],"picked":"SKIP","floor":35},{"not_picked":["maniac:DashForward+1","maniac:EndOfTheRoad","maniac:ListenToNone+1","maniac:FindAShortcut+1","maniac:MortalSteel"],"picked":"SKIP","floor":37},{"not_picked":["maniac:Intimidate","maniac:MeleeStrike+1","maniac:WardAndDefend+1","maniac:UntravelledPath+1","maniac:BladeShoot"],"picked":"SKIP","floor":38},{"not_picked":["maniac:ColdHeart","maniac:ExceedEnchantment","maniac:Intimidate","maniac:SeeingDetails","maniac:PanickyParry+1"],"picked":"SKIP","floor":41},{"not_picked":["maniac:Recollect","maniac:Traceback","maniac:PanickyParry","maniac:Retrospect+1","maniac:BladeShoot+1"],"picked":"SKIP","floor":42},{"not_picked":["maniac:FindAShortcut+1","maniac:ShatteredShield+1","maniac:SorceryHour","maniac:Confront+1"],"picked":"hubris:SpiceAddiction","floor":48}],"player_experience":15428,"relics_obtained":[{"floor":1,"key":"SynthV:TestCard"},{"floor":7,"key":"ThornShield"},{"floor":9,"key":"infinitespire:Bottled Soul"},{"floor":12,"key":"Replay:Rubber Ducky"},{"floor":26,"key":"ReplayTheSpireMod:Ninjato"},{"floor":41,"key":"Akabeko"},{"floor":43,"key":"vexMod:CardConverter"},{"floor":47,"key":"Ring of Chaos"}],"event_choices":[{"damage_healed":0,"gold_gain":0,"player_choice":"Inject Mutagens","damage_taken":0,"relics_obtained":["MutagenicStrength"],"max_hp_gain":0,"max_hp_loss":0,"event_name":"Drug Dealer","floor":28,"gold_loss":0},{"cards_removed":["maniac:Defend"],"damage_healed":0,"gold_gain":0,"player_choice":"Purged","damage_taken":0,"max_hp_gain":0,"max_hp_loss":0,"event_name":"Purifier","floor":36,"gold_loss":0},{"cards_removed":["maniac:ExceedEnchantment"],"damage_healed":0,"gold_gain":0,"player_choice":"Removed Skill","damage_taken":0,"max_hp_gain":0,"max_hp_loss":0,"event_name":"Falling","floor":44,"gold_loss":0},{"damage_healed":0,"gold_gain":0,"player_choice":"Ignored","damage_taken":0,"max_hp_gain":0,"max_hp_loss":0,"event_name":"Tomb of Lord Red Mask","floor":46,"gold_loss":0}],"is_beta":false,"boss_relics":[{"not_picked":["infinitespire:Cupcake","SlaversCollar"],"picked":"vexMod:RockOfEvil"},{"not_picked":["JellyFishMachine","ShadowXiaoBlade"],"picked":"Replay:Grab Bag"},{"not_picked":["Fusion Hammer","Runic Dome"],"picked":"Sozu"},{"not_picked":["ChewingGum","vexMod:EndlessSickness"],"picked":"Coffee Dripper"},{"not_picked":["Black Star","hubris:ScarierMask"],"picked":"maniac:EnchantedAnvil"}],"items_purged_floors":[0,0,24],"is_endless":false,"potions_floor_spawned":[1,5,7,12,14,22,27,31,35,42],"ascension_level":0}}