{"host":"mdbnki27vzqujy5q","time":1610522662,"event":{"mods":["BaseMod","Better Note","Better Skull","Colored Map","Colored Powertips","DeckTracker","Highlight Path","Minty Spire (QoL Compilation)","Quick Restart","Rare Cards Sparkle","StSLib"],"gold_per_floor":[214,96,112,187,32,32,64,82,82,109,109,109,126,143,143,238,238,252,252,162,162,162,162,188,188,212,69,69,32,59,70,70,175,175,192,192,192,192,206,233,245,39,39,71,71,71,104,121,121,121],"floor_reached":51,"language":"ENG","playtime":2575,"items_purged":["Strike_G+1"],"score":875,"play_id":"2c3c5e13-4f2c-4ab3-a38b-155784dbafbd","local_time":"20210112232422","is_ascension_mode":true,"campfire_choices":[{"data":"Defend_G","floor":6.0,"key":"SMITH"},{"floor":15.0,"key":"REST"},{"data":"Cloak And Dagger","floor":23.0,"key":"SMITH"},{"data":"Noxious Fumes","floor":28.0,"key":"SMITH"},{"floor":32.0,"key":"REST"},{"floor":46.0,"key":"REST"},{"data":"Accuracy","floor":49.0,"key":"SMITH"}],"circlet_count":0,"master_deck":["Strike_G+1","Strike_G+1","Defend_G+1","Defend_G+1","Defend_G+1","Survivor","Neutralize","Cloak And Dagger+1","Poisoned Stab","All Out Attack","Noxious Fumes+1","Dagger Throw","Accuracy+1","Sucker Punch","Glass Knife","Underhanded Strike+1","Burst","Corpse Explosion","Underhanded Strike","Infinite Blades+1","Noxious Fumes+1","Predator+1","All Out Attack+1","Phantasmal Killer","Backstab+1","Madness","Madness","Finisher+1","Infinite Blades+1","Catalyst"],"relics":["Ring of the Snake","The Specimen","Juzu Bracelet","CaptainsWheel","Gremlin Horn","Pantograph","HoveringKite","Centennial Puzzle","Frozen Egg 2","Regal Pillow","Snake Skull","Art of War","Cursed Key","MawBank","Omamori","Mummified Hand","Bottled Tornado","Pear"],"acts_visited":["Exordium","TheCity","TheBeyond"],"potions_floor_usage":[50],"damage_taken":[{"damage":0.0,"enemies":"2 Louse","floor":1.0,"turns":3.0},{"damage":0.0,"enemies":"Cultist","floor":3.0,"turns":4.0},{"damage":24.0,"enemies":"Gremlin Nob","floor":7.0,"turns":5.0},{"damage":1.0,"enemies":"Jaw Worm","floor":8.0,"turns":3.0},{"damage":5.0,"enemies":"Lagavulin","floor":10.0,"turns":6.0},{"damage":8.0,"enemies":"Blue Slaver","floor":13.0,"turns":3.0},{"damage":0.0,"enemies":"3 Louse","floor":14.0,"turns":1.0},{"damage":40.0,"enemies":"The Guardian","floor":16.0,"turns":11.0},{"damage":21.0,"enemies":"Shell Parasite","floor":18.0,"turns":7.0},{"damage":8.0,"enemies":"Gremlin Leader","floor":24.0,"turns":5.0},{"damage":24.0,"enemies":"Book of Stabbing","floor":30.0,"turns":5.0},{"damage":0.0,"enemies":"Chosen","floor":31.0,"turns":4.0},{"damage":68.0,"enemies":"Champ","floor":33.0,"turns":9.0},{"damage":15.0,"enemies":"Orb Walker","floor":35.0,"turns":3.0},{"damage":20.0,"enemies":"3 Shapes","floor":39.0,"turns":3.0},{"damage":28.0,"enemies":"Nemesis","floor":40.0,"turns":5.0},{"damage":12.0,"enemies":"Reptomancer","floor":44.0,"turns":4.0},{"damage":3.0,"enemies":"Nemesis","floor":47.0,"turns":5.0},{"damage":3.0,"enemies":"Jaw Worm Horde","floor":48.0,"turns":2.0},{"damage":46,"enemies":"Donu and Deca","floor":50,"turns":4}],"seed_played":"-8703906794701667564","potions_obtained":[{"floor":3.0,"key":"SneckoOil"},{"floor":7.0,"key":"AttackPotion"},{"floor":8.0,"key":"Swift Potion"},{"floor":14.0,"key":"Block Potion"},{"floor":18.0,"key":"DistilledChaos"},{"floor":30.0,"key":"EssenceOfSteel"},{"floor":37.0,"key":"Energy Potion"},{"floor":37.0,"key":"SpeedPotion"},{"floor":37.0,"key":"CunningPotion"},{"floor":40.0,"key":"GhostInAJar"},{"floor":44.0,"key":"AttackPotion"},{"floor":48.0,"key":"SneckoOil"}],"is_trial":false,"path_per_floor":["M","?","M","?","$","R","E","M","T","E","?","?","M","M","R","B",null,"M","?","?","?","?","R","E","T","T","$","R","$","E","M","R","B",null,"M","?","?","?","M","E","?","$","T","E","$","R","E","M","R","B",null],"character_chosen":"THE_SILENT","items_purchased":["Juzu Bracelet","Snake Skull","Noxious Fumes+1","Omamori"],"campfire_rested":3,"item_purchase_floors":[5,27,29,42],"current_hp_per_floor":[70,70,70,59,59,59,35,34,34,29,22,22,14,14,35,20,70,49,49,49,49,49,49,41,41,41,41,41,41,17,17,53,2,70,55,46,46,70,50,22,22,22,22,10,10,46,53,50,50,29],"gold":121,"neow_bonus":"HUNDRED_GOLD","is_daily":false,"chose_seed":false,"campfire_upgraded":4,"win_rate":0.0,"timestamp":1610522662,"path_taken":["M","?","?","?","$","R","E","M","T","E","?","?","M","M","R","BOSS","M","?","?","?","?","R","E","?","T","$","R","$","E","M","R","BOSS","M","?","?","?","M","E","?","$","T","E","$","R","E","M","R","BOSS"],"items_purchased_type":["Relic","Relic","Card","Relic"],"build_version":"2020-12-22","purchased_purges":1,"victory":true,"max_hp_per_floor":[70,70,70,70,70,70,70,70,70,70,70,70,70,70,70,70,70,70,70,70,70,70,70,70,70,70,70,70,70,70,70,70,70,70,70,70,70,70,70,70,70,70,70,70,70,70,80,80,80,80],"card_choices":[{"not_picked":["Slice","Dash"],"picked":"Cloak And Dagger","floor":1.0},{"not_picked":["Slice","Dodge and Roll"],"picked":"Poisoned Stab","floor":3.0},{"not_picked":["Prepared","Backflip"],"picked":"All Out Attack","floor":7.0},{"not_picked":["Dodge and Roll","Blur"],"picked":"Noxious Fumes","floor":8.0},{"not_picked":["Crippling Poison","Deflect"],"picked":"Dagger Throw","floor":10.0},{"not_picked":["Flying Knee","Backflip"],"picked":"Accuracy","floor":13.0},{"not_picked":["Dagger Spray","Quick Slash"],"picked":"Sucker Punch","floor":14.0},{"not_picked":["Bullet Time","Wraith Form v2"],"picked":"Glass Knife","floor":16.0},{"not_picked":["Deflect","Cloak And Dagger"],"picked":"Underhanded Strike+1","floor":18.0},{"not_picked":["Endless Agony","Heel Hook+1"],"picked":"Infinite Blades+1","floor":24.0},{"not_picked":["Poisoned Stab","Dagger Spray+1"],"picked":"Predator+1","floor":30.0},{"not_picked":["PiercingWail+1","Bouncing Flask"],"picked":"All Out Attack+1","floor":31.0},{"not_picked":["Glass Knife","Adrenaline"],"picked":"Phantasmal Killer","floor":33.0},{"not_picked":["All Out Attack+1","Footwork+1"],"picked":"Backstab+1","floor":35.0},{"not_picked":["Backstab","Prepared"],"picked":"Finisher+1","floor":39.0},{"not_picked":["Underhanded Strike","Quick Slash+1","Flying Knee+1"],"picked":"SKIP","floor":40.0},{"not_picked":["Backstab","Choke","Doppelganger"],"picked":"SKIP","floor":44.0},{"not_picked":["Deadly Poison+1","Dodge and Roll+1"],"picked":"Infinite Blades+1","floor":47.0},{"not_picked":["Outmaneuver+1","Poisoned Stab+1"],"picked":"Catalyst","floor":48.0}],"player_experience":76892,"relics_obtained":[{"floor":7.0,"key":"CaptainsWheel"},{"floor":9.0,"key":"Gremlin Horn"},{"floor":10.0,"key":"Pantograph"},{"floor":24.0,"key":"Centennial Puzzle"},{"floor":25.0,"key":"Frozen Egg 2"},{"floor":26.0,"key":"Regal Pillow"},{"floor":30.0,"key":"Art of War"},{"floor":40.0,"key":"MawBank"},{"floor":43.0,"key":"Mummified Hand"},{"floor":44.0,"key":"Bottled Tornado"},{"floor":47.0,"key":"Pear"}],"event_choices":[{"damage_healed":0.0,"max_hp_gain":0.0,"max_hp_loss":0.0,"gold_gain":0.0,"event_name":"WeMeetAgain","player_choice":"Paid Gold","floor":2.0,"gold_loss":118.0,"damage_taken":0.0,"relics_obtained":["The Specimen"]},{"damage_healed":0.0,"max_hp_gain":0.0,"max_hp_loss":0.0,"gold_gain":75.0,"event_name":"World of Goop","player_choice":"Gather Gold","floor":4.0,"gold_loss":0.0,"damage_taken":11.0},{"damage_healed":0.0,"max_hp_gain":0.0,"max_hp_loss":0.0,"gold_gain":0.0,"event_name":"Wheel of Change","player_choice":"Damaged","floor":11.0,"gold_loss":0.0,"damage_taken":7.0},{"cards_removed":["Defend_G"],"damage_healed":0.0,"max_hp_gain":0.0,"max_hp_loss":0.0,"gold_gain":0.0,"event_name":"Living Wall","player_choice":"Forget","floor":12.0,"gold_loss":0.0,"damage_taken":0.0},{"cards_removed":["Cloak And Dagger"],"damage_healed":0.0,"max_hp_gain":0.0,"max_hp_loss":0.0,"gold_gain":0.0,"event_name":"betterNote:BetterNote","player_choice":"Take \u0026 Give","floor":19.0,"gold_loss":0.0,"damage_taken":0.0,"cards_obtained":["Burst"]},{"cards_removed":["Strike_G"],"damage_healed":0.0,"max_hp_gain":0.0,"max_hp_loss":0.0,"gold_gain":0.0,"event_name":"Designer","player_choice":"Upgrade and Remove","floor":20.0,"gold_loss":90.0,"damage_taken":0.0,"cards_upgraded":["Defend_G"]},{"damage_healed":0.0,"max_hp_gain":0.0,"max_hp_loss":0.0,"gold_gain":0.0,"event_name":"Back to Basics","player_choice":"Simplicity","floor":21.0,"gold_loss":0.0,"damage_taken":0.0,"cards_upgraded":["Strike_G","Strike_G","Strike_G","Strike_G","Defend_G","Defend_G"]},{"damage_healed":0.0,"max_hp_gain":0.0,"max_hp_loss":0.0,"gold_gain":0.0,"cards_transformed":["Strike_G","Defend_G"],"event_name":"Drug Dealer","player_choice":"Became Test Subject","floor":22.0,"gold_loss":0.0,"damage_taken":0.0,"cards_obtained":["Corpse Explosion","Underhanded Strike"]},{"damage_healed":0.0,"max_hp_gain":0.0,"max_hp_loss":0.0,"gold_gain":0.0,"event_name":"Winding Halls","player_choice":"Embrace Madness","floor":36.0,"gold_loss":0.0,"damage_taken":9.0,"cards_obtained":["Madness","Madness"]},{"damage_healed":0.0,"max_hp_gain":0.0,"max_hp_loss":0.0,"gold_gain":0.0,"event_name":"Lab","player_choice":"Got Potions","floor":37.0,"gold_loss":0.0,"damage_taken":0.0},{"damage_healed":24.0,"max_hp_gain":0.0,"max_hp_loss":0.0,"gold_gain":0.0,"event_name":"Wheel of Change","player_choice":"Full Heal","floor":38.0,"gold_loss":0.0,"damage_taken":0.0},{"damage_healed":0.0,"max_hp_gain":0.0,"max_hp_loss":0.0,"gold_gain":0.0,"event_name":"Tomb of Lord Red Mask","player_choice":"Ignored","floor":41.0,"gold_loss":0.0,"damage_taken":0.0}],"is_beta":false,"boss_relics":[{"not_picked":["Philosopher\u0027s Stone","Runic Pyramid"],"picked":"HoveringKite"},{"not_picked":["SacredBark","Tiny House"],"picked":"Cursed Key"}],"items_purged_floors":[42],"is_endless":false,"potions_floor_spawned":[3,7,8,14,18,30,40,44,48],"ascension_level":2}}