{"host":"b995t17pt6d05w8c","time":1610551661,"event":{"mods":["AchievementEnabler","BaseMod","Colored Map","Minty Spire (QoL Compilation)","SuperFastMode"],"gold_per_floor":[118,193,193,210,220,220,249,259,259,54,54,113,140,156,156,230,230,245,245,265,297,315,315,38,72,72,72,86,102,8,19,19,93,93,108,16,30,30,48,48,76,76,76,76,91,101,113,130,130,130],"floor_reached":51,"language":"KOR","playtime":1491,"items_purged":["Strike_G","Strike_G"],"score":1312,"play_id":"6dd9fb76-34e7-4f36-b280-c4ee2c6b2616","local_time":"20210114002741","is_ascension_mode":true,"campfire_choices":[{"data":"Glass Knife","floor":6.0,"key":"SMITH"},{"floor":15.0,"key":"REST"},{"floor":23.0,"key":"REST"},{"floor":27.0,"key":"REST"},{"floor":32.0,"key":"REST"},{"floor":40.0,"key":"REST"},{"data":"Terror","floor":42.0,"key":"SMITH"},{"data":"Neutralize","floor":44.0,"key":"SMITH"},{"floor":49,"key":"REST"}],"circlet_count":0,"master_deck":["AscendersBane","Strike_G","Defend_G","Defend_G","Defend_G","Survivor","Neutralize+1","Glass Knife+1","Dagger Throw","Backflip","Terror+1","Acrobatics","Crippling Poison","Corpse Explosion","Reflex","Deadly Poison","Catalyst+1","Wraith Form v2","Tactician+1","Infinite Blades","Blade Dance+1","After Image","Apotheosis+1","Acrobatics+1","Catalyst+1","Prepared+1","PiercingWail+1","Night Terror+1"],"relics":["Ring of the Snake","Bronze Scales","Snake Skull","Membership Card","FossilizedHelix","Pear","Odd Mushroom","Empty Cage","Red Mask","Kunai","Shuriken","Meat on the Bone","Toxic Egg 2","Sozu","Gambling Chip","Mercury Hourglass"],"acts_visited":["TheCity","TheBeyond"],"potions_floor_usage":[50],"damage_taken":[{"damage":0.0,"enemies":"Jaw Worm","floor":1.0,"turns":4.0},{"damage":0.0,"enemies":"Cultist","floor":4.0,"turns":3.0},{"damage":4.0,"enemies":"Small Slimes","floor":5.0,"turns":3.0},{"damage":16.0,"enemies":"Gremlin Nob","floor":7.0,"turns":3.0},{"damage":3.0,"enemies":"3 Louse","floor":8.0,"turns":3.0},{"damage":10.0,"enemies":"Gremlin Nob","floor":12.0,"turns":4.0},{"damage":15.0,"enemies":"The Mushroom Lair","floor":13.0,"turns":4.0},{"damage":0.0,"enemies":"Blue Slaver","floor":14.0,"turns":3.0},{"damage":13.0,"enemies":"The Guardian","floor":16.0,"turns":13.0},{"damage":0.0,"enemies":"3 Byrds","floor":18.0,"turns":2.0},{"damage":9.0,"enemies":"Spheric Guardian","floor":20.0,"turns":5.0},{"damage":4.0,"enemies":"Masked Bandits","floor":21.0,"turns":2.0},{"damage":13.0,"enemies":"Cultist and Chosen","floor":22.0,"turns":4.0},{"damage":26.0,"enemies":"Book of Stabbing","floor":25.0,"turns":5.0},{"damage":10.0,"enemies":"Centurion and Healer","floor":28.0,"turns":5.0},{"damage":11.0,"enemies":"Shelled Parasite and Fungi","floor":29.0,"turns":4.0},{"damage":12.0,"enemies":"Snake Plant","floor":31.0,"turns":3.0},{"damage":57.0,"enemies":"Automaton","floor":33.0,"turns":10.0},{"damage":0.0,"enemies":"Orb Walker","floor":35.0,"turns":3.0},{"damage":17.0,"enemies":"3 Shapes","floor":37.0,"turns":3.0},{"damage":6.0,"enemies":"Writhing Mass","floor":39.0,"turns":4.0},{"damage":0.0,"enemies":"Nemesis","floor":41.0,"turns":7.0},{"damage":0.0,"enemies":"Spire Growth","floor":45.0,"turns":4.0},{"damage":0.0,"enemies":"Sphere and 2 Shapes","floor":46.0,"turns":3.0},{"damage":0.0,"enemies":"3 Darklings","floor":47.0,"turns":2.0},{"damage":10,"enemies":"Jaw Worm Horde","floor":48,"turns":4},{"damage":40,"enemies":"Time Eater","floor":50,"turns":8}],"seed_played":"6087834988149712631","potions_obtained":[{"floor":5.0,"key":"FearPotion"},{"floor":7.0,"key":"BlessingOfTheForge"},{"floor":13.0,"key":"GamblersBrew"},{"floor":16.0,"key":"Explosive Potion"},{"floor":25.0,"key":"DistilledChaos"},{"floor":33.0,"key":"SneckoOil"}],"is_trial":false,"path_per_floor":["M","?","?","M","M","R","E","M","T","$","T","?","?","M","R","B",null,"M","?","M","?","M","R","$","E","T","R","M","M","$","M","R","B",null,"M","$","M","?","M","R","E","R","T","R","M","M","M","M","R","B",null],"character_chosen":"THE_SILENT","items_purchased":["Membership Card","Kunai","Shuriken","Infinite Blades","Apotheosis+1"],"campfire_rested":6,"item_purchase_floors":[10,24,24,30,36],"current_hp_per_floor":[59,48,48,48,44,44,28,25,25,25,25,25,10,10,32,19,62,62,40,31,27,14,38,38,12,12,36,38,39,39,39,63,18,65,65,65,48,48,42,66,66,66,66,66,66,66,66,56,80,52],"gold":130,"neow_bonus":"TRANSFORM_CARD","is_daily":false,"chose_seed":false,"campfire_upgraded":3,"win_rate":0.0,"timestamp":1610551661,"path_taken":["M","?","?","M","M","R","E","?","T","$","?","?","?","M","R","BOSS","M","?","M","?","M","R","$","E","T","R","M","M","$","M","R","BOSS","M","$","M","?","M","R","E","R","T","R","M","?","M","?","R","BOSS"],"items_purchased_type":["Relic","Relic","Relic","Card","Card"],"build_version":"2020-12-22","purchased_purges":2,"victory":true,"max_hp_per_floor":[66,66,66,66,66,66,66,66,66,66,66,76,76,76,76,76,76,76,81,81,81,81,81,81,81,81,81,81,81,81,81,81,81,81,81,81,81,81,81,81,81,81,81,81,81,81,81,81,81,81],"card_choices":[{"not_picked":["Underhanded Strike","Bane"],"picked":"Dagger Throw","floor":1.0},{"not_picked":["Deflect","Riddle With Holes"],"picked":"Backflip","floor":4.0},{"not_picked":["Choke","Dagger Throw","Quick Slash"],"picked":"SKIP","floor":5.0},{"not_picked":["Flying Knee","Catalyst","Bane"],"picked":"SKIP","floor":7.0},{"not_picked":["Slice","Bane"],"picked":"Terror","floor":8.0},{"not_picked":["Bane","Riddle With Holes"],"picked":"Acrobatics","floor":12.0},{"not_picked":["PiercingWail","Dagger Spray"],"picked":"Crippling Poison","floor":13.0},{"not_picked":["Caltrops","Prepared","Bane"],"picked":"SKIP","floor":14.0},{"not_picked":["Adrenaline","Wraith Form v2"],"picked":"Corpse Explosion","floor":16.0},{"not_picked":["Dodge and Roll+1","Blade Dance"],"picked":"Reflex","floor":18.0},{"not_picked":["Outmaneuver+1","Cloak And Dagger","Leg Sweep"],"picked":"SKIP","floor":20.0},{"not_picked":["Underhanded Strike","Blade Dance"],"picked":"Deadly Poison","floor":21.0},{"not_picked":["Leg Sweep+1","Blade Dance"],"picked":"Catalyst+1","floor":22.0},{"not_picked":["Distraction","Flying Knee","Wraith Form v2"],"picked":"SKIP","floor":25.0},{"not_picked":["Distraction","Flying Knee"],"picked":"Wraith Form v2","floor":25.0},{"not_picked":["Sucker Punch","Dodge and Roll+1","Bane"],"picked":"SKIP","floor":28.0},{"not_picked":["Flechettes+1","Acrobatics+1"],"picked":"Tactician+1","floor":29.0},{"not_picked":["Outmaneuver+1","PiercingWail+1"],"picked":"Blade Dance+1","floor":31.0},{"not_picked":["Doppelganger+1","Corpse Explosion+1"],"picked":"After Image","floor":33.0},{"not_picked":["Infinite Blades","Poisoned Stab","Slice"],"picked":"SKIP","floor":35.0},{"not_picked":["Finisher","Deflect+1","PiercingWail+1"],"picked":"SKIP","floor":37.0},{"not_picked":["Backflip+1","Masterful Stab"],"picked":"Catalyst+1","floor":39.0},{"not_picked":["Acrobatics+1","Deadly Poison+1","Reflex+1"],"picked":"SKIP","floor":41.0},{"not_picked":["Sucker Punch","Terror+1"],"picked":"Prepared+1","floor":45.0},{"not_picked":["Caltrops","Underhanded Strike+1","Quick Slash"],"picked":"SKIP","floor":46.0},{"not_picked":["Bouncing Flask+1","Deadly Poison+1"],"picked":"PiercingWail+1","floor":47.0},{"not_picked":["Setup+1","Sucker Punch"],"picked":"Night Terror+1","floor":48}],"player_experience":123574,"relics_obtained":[{"floor":7.0,"key":"Bronze Scales"},{"floor":9.0,"key":"Snake Skull"},{"floor":11.0,"key":"FossilizedHelix"},{"floor":12.0,"key":"Pear"},{"floor":13.0,"key":"Odd Mushroom"},{"floor":21.0,"key":"Red Mask"},{"floor":25.0,"key":"Meat on the Bone"},{"floor":26.0,"key":"Toxic Egg 2"},{"floor":41.0,"key":"Gambling Chip"},{"floor":43.0,"key":"Mercury Hourglass"}],"event_choices":[{"damage_healed":0.0,"max_hp_gain":0.0,"max_hp_loss":0.0,"gold_gain":75.0,"event_name":"World of Goop","player_choice":"Gather Gold","floor":2.0,"gold_loss":0.0,"damage_taken":11.0},{"cards_removed":["Defend_G"],"damage_healed":0.0,"max_hp_gain":0.0,"max_hp_loss":0.0,"gold_gain":0.0,"event_name":"Purifier","player_choice":"Purged","floor":3.0,"gold_loss":0.0,"damage_taken":0.0},{"damage_healed":0.0,"max_hp_gain":0.0,"max_hp_loss":0.0,"gold_gain":0.0,"event_name":"Dead Adventurer","player_choice":"Searched \u00271\u0027 times","floor":12.0,"gold_loss":0.0,"damage_taken":0.0},{"damage_healed":0.0,"max_hp_gain":0.0,"max_hp_loss":0.0,"gold_gain":0.0,"event_name":"Mushrooms","player_choice":"Fought Mushrooms","floor":13.0,"gold_loss":0.0,"damage_taken":0.0},{"damage_healed":0.0,"max_hp_gain":5.0,"max_hp_loss":0.0,"gold_gain":0.0,"event_name":"Forgotten Altar","player_choice":"Shed Blood","floor":19.0,"gold_loss":0.0,"damage_taken":27.0},{"damage_healed":0.0,"max_hp_gain":0.0,"max_hp_loss":0.0,"gold_gain":0.0,"event_name":"Masked Bandits","player_choice":"Fought Bandits","floor":21.0,"gold_loss":0.0,"damage_taken":0.0},{"damage_healed":0.0,"max_hp_gain":0.0,"max_hp_loss":0.0,"gold_gain":0.0,"event_name":"Duplicator","player_choice":"Copied","floor":38.0,"gold_loss":0.0,"damage_taken":0.0,"cards_obtained":["Acrobatics"]}],"is_beta":false,"boss_relics":[{"not_picked":["Ring of the Serpent","Coffee Dripper"],"picked":"Empty Cage"},{"not_picked":["WristBlade","Calling Bell"],"picked":"Sozu"}],"items_purged_floors":[10,30],"is_endless":false,"potions_floor_spawned":[5,7,13,16,18,25,28,33,39,45,46],"ascension_level":16}}