{"host":"f5n4tidiz2n5sooh","time":1610531870,"event":{"mods":["BaseMod","Colored Map","Minty Spire (QoL Compilation)","Relic Stats","Slay the Relics Exporter","StSLib"],"gold_per_floor":[117,128,141,52,17,17,34,34,34,63,81,112,112,37,37,114,114,130,142,57,57,57,57,68,68,68,98,98,98],"floor_reached":28,"language":"ENG","playtime":992,"items_purged":["Strike_G"],"score":492,"play_id":"04b4cad4-5a3f-4f4f-a09c-8246054e750f","local_time":"20210113035750","is_ascension_mode":true,"campfire_choices":[{"data":"Eviscerate","floor":6,"key":"SMITH"},{"data":"Die Die Die","floor":8,"key":"SMITH"},{"floor":15,"key":"REST"},{"data":"Noxious Fumes","floor":23,"key":"SMITH"},{"data":"Neutralize","floor":25,"key":"SMITH"}],"circlet_count":0,"master_deck":["AscendersBane","Strike_G","Strike_G","Strike_G","Defend_G","Defend_G","Defend_G","Defend_G","Defend_G","Survivor","Neutralize+1","Noxious Fumes+1","Sucker Punch","Slice","Eviscerate+1","Die Die Die+1","Bullet Time","Calculated Gamble","Bane+1","After Image","Blade Dance+1","Leg Sweep"],"relics":["Ring of the Snake","Oddly Smooth Stone","Molten Egg 2","Ornamental Fan","Pocketwatch","Coffee Dripper","Tiny Chest","Nunchaku","Bottled Flame"],"acts_visited":["Exordium","TheCity"],"potions_floor_usage":[10,16,16,19],"damage_taken":[{"damage":23,"enemies":"Jaw Worm","floor":1,"turns":6},{"damage":6,"enemies":"Small Slimes","floor":2,"turns":4},{"damage":0,"enemies":"2 Louse","floor":3,"turns":4},{"damage":2,"enemies":"Looter","floor":7,"turns":4},{"damage":9,"enemies":"Lagavulin","floor":10,"turns":5},{"damage":0,"enemies":"3 Louse","floor":11,"turns":3},{"damage":8,"enemies":"3 Sentries","floor":12,"turns":4},{"damage":19,"enemies":"Slime Boss","floor":16,"turns":6},{"damage":11,"enemies":"Chosen","floor":18,"turns":5},{"damage":8,"enemies":"3 Byrds","floor":19,"turns":4},{"damage":0,"enemies":"Snecko","floor":24,"turns":5},{"damage":43,"enemies":"Slavers","floor":27,"turns":6},{"damage":14,"enemies":"Sentry and Sphere","floor":28,"turns":3}],"seed_played":"-3127281064750303553","potions_obtained":[{"floor":2,"key":"BlessingOfTheForge"},{"floor":7,"key":"SteroidPotion"},{"floor":12,"key":"Strength Potion"},{"floor":18,"key":"BlessingOfTheForge"},{"floor":27,"key":"AttackPotion"}],"is_trial":false,"path_per_floor":["M","M","M","$","?","R","M","R","T","E","M","E","?","$","R","B",null,"M","M","?","?","?","R","M","R","T","E","M"],"character_chosen":"THE_SILENT","items_purchased":["Eviscerate"],"campfire_rested":1,"item_purchase_floors":[4],"current_hp_per_floor":[36,30,30,30,46,46,44,44,44,35,35,27,20,20,39,20,55,44,36,36,49,49,49,49,49,49,6,0,0],"gold":98,"neow_bonus":"RANDOM_COMMON_RELIC","is_daily":false,"chose_seed":false,"campfire_upgraded":4,"win_rate":0.0,"timestamp":1610531870,"path_taken":["M","M","M","$","?","R","M","R","T","E","M","E","?","?","R","BOSS","M","M","?","?","?","R","M","R","T","E","M"],"items_purchased_type":["Card"],"build_version":"2020-12-22","purchased_purges":1,"victory":false,"max_hp_per_floor":[66,66,66,66,66,66,66,66,66,66,66,66,66,66,66,66,66,66,66,66,66,66,66,66,66,66,66,66,66],"relic_stats":{"Nunchaku":[3],"counters":[13,59],"Ornamental Fan":[56],"Tiny Chest":0,"obtain_stats":[{"Nunchaku":26,"Bottled Flame":27,"Ornamental Fan":10,"Oddly Smooth Stone":0,"Molten Egg 2":9,"Tiny Chest":20,"Coffee Dripper":17,"Ring of the Snake":0,"Pocketwatch":12},{"Nunchaku":11,"Bottled Flame":12,"Ornamental Fan":5,"Oddly Smooth Stone":0,"Molten Egg 2":4,"Tiny Chest":10,"Coffee Dripper":8,"Ring of the Snake":0,"Pocketwatch":7},{"Nunchaku":50,"Bottled Flame":56,"Ornamental Fan":23,"Oddly Smooth Stone":0,"Molten Egg 2":18,"Tiny Chest":45,"Coffee Dripper":36,"Ring of the Snake":0,"Pocketwatch":30}],"Ring of the Snake":[26],"Pocketwatch":[21]},"card_choices":[{"not_picked":["Acrobatics","Backflip"],"picked":"Noxious Fumes","floor":1},{"not_picked":["Cloak And Dagger","Choke"],"picked":"Sucker Punch","floor":2},{"not_picked":["Backflip","PiercingWail"],"picked":"Slice","floor":3},{"not_picked":["Outmaneuver","Skewer"],"picked":"Die Die Die","floor":7},{"not_picked":["Tactician","Bane+1"],"picked":"Bullet Time","floor":10},{"not_picked":["Blade Dance","Backstab+1"],"picked":"Calculated Gamble","floor":11},{"not_picked":["Blur","Skewer+1"],"picked":"Bane+1","floor":12},{"not_picked":["Night Terror","Venomology"],"picked":"After Image","floor":16},{"not_picked":["Backstab+1","Prepared","Slice+1"],"picked":"SKIP","floor":18},{"not_picked":["Riddle With Holes+1","Skewer+1","Prepared"],"picked":"SKIP","floor":19},{"not_picked":["Dagger Spray+1","Cloak And Dagger"],"picked":"Blade Dance+1","floor":24},{"not_picked":["Setup","Doppelganger"],"picked":"Leg Sweep","floor":27}],"player_experience":2005579,"relics_obtained":[{"floor":9,"key":"Molten Egg 2"},{"floor":10,"key":"Ornamental Fan"},{"floor":12,"key":"Pocketwatch"},{"floor":26,"key":"Nunchaku"},{"floor":27,"key":"Bottled Flame"}],"event_choices":[{"damage_healed":16,"gold_gain":0,"player_choice":"Healed","damage_taken":0,"max_hp_gain":0,"max_hp_loss":0,"event_name":"The Cleric","floor":5,"gold_loss":35},{"cards_removed":["Strike_G"],"damage_healed":0,"gold_gain":0,"player_choice":"Card Removal","damage_taken":7,"max_hp_gain":0,"max_hp_loss":0,"event_name":"Golden Wing","floor":13,"gold_loss":0},{"damage_healed":0,"gold_gain":0,"player_choice":"Obtained Relic","damage_taken":0,"relics_obtained":["Tiny Chest"],"max_hp_gain":0,"max_hp_loss":0,"event_name":"Addict","floor":20,"gold_loss":85},{"damage_healed":13,"gold_gain":0,"player_choice":"Heal","damage_taken":0,"max_hp_gain":0,"max_hp_loss":0,"event_name":"The Library","floor":21,"gold_loss":0},{"damage_healed":0,"gold_gain":0,"player_choice":"Ignored","damage_taken":0,"max_hp_gain":0,"max_hp_loss":0,"event_name":"The Mausoleum","floor":22,"gold_loss":0}],"is_beta":false,"boss_relics":[{"not_picked":["Philosopher\u0027s Stone","Black Star"],"picked":"Coffee Dripper"}],"items_purged_floors":[14],"is_endless":false,"potions_floor_spawned":[2,7,12,18,27],"killed_by":"Sentry and Sphere","ascension_level":20}}