{"host":"miejrq8yypas90n2","time":1610539936,"event":{"mods":["100% Spire Juice","Act Like it!","BaseMod","Colored Powertips","Gensokyo","Marisa£®ÏF”Í°°ƒß¿Ì…≥£©","Minty Spire (QoL Compilation)","Reimu£®≤©¿ˆ¡È√Œ£©","StSLib","The Gatherer"],"gold_per_floor":[109,37,51,126,144,173,173,205,205,175,175,239,59,69,69,169,169,179,26,26,43,61,96,108,126,126,126,139,239,35,51,51,153,153,169,182,182,199,218,218,253,253,279,297,332,377,389,405,405,405],"floor_reached":51,"language":"ZHS","playtime":3305,"items_purged":["Defend_Lin:ReiMu","Strike_Lin:ReiMu"],"score":916,"play_id":"95868cad-6d44-46cb-afa0-63cda97ced90","local_time":"20210113201216","is_ascension_mode":false,"campfire_choices":[{"data":"OctopathSalyBorderN:ReiMu","floor":11.0,"key":"SMITH"},{"floor":15.0,"key":"REST"},{"data":"CareerPray:ReiMu","floor":27.0,"key":"SMITH"},{"data":"CardOfSanctity:ReiMu","floor":32.0,"key":"SMITH"},{"data":"MikOfLucky:ReiMu","floor":40.0,"key":"SMITH"},{"data":"DependentForm:ReiMu","floor":42.0,"key":"SMITH"},{"data":"Gathering:ReiMu","floor":49,"key":"SMITH"}],"circlet_count":0,"master_deck":["Strike_Lin:ReiMu","Strike_Lin:ReiMu","Defend_Lin:ReiMu","Defend_Lin:ReiMu","Defend_Lin:ReiMu","NB:ReiMu","Stagnation:ReiMu","FantasyBorder:ReiMu","Authority:ReiMu","SpiritualOutbreak2:ReiMu","CareerPray:ReiMu+1","SpreadBorder2:ReiMu","CardOfSanctity:ReiMu+1","OctopathSalyBorderN:ReiMu+1","Amulet:ReiMu","Amulet:ReiMu","Gathering:ReiMu+1","Determination:ReiMu","AirStrike:ReiMu+1","Amulet:ReiMu+1","SafetyPray:ReiMu+1","Free:ReiMu","AlertArray:ReiMu+1","OctopathBindingBorder2:ReiMu+1","Free:ReiMu","EmergencyTakeOff:ReiMu+1","MikOfLucky:ReiMu+1","SubAcupoint:ReiMu+1","YinYangSign:ReiMu+1","DependentForm:ReiMu+1","Parasite","TightArray:ReiMu+1","OctopathBindingBorder2:ReiMu+1","Amulet:ReiMu+1","PassingAway:ReiMu+1"],"relics":["FlyPower:ReiMu","NeowsBlessing","InkBottle","Letter Opener","Gremlin Horn","Lantern","RedLine:ReiMu","Toolbox","The Courier","Kunai","Bird Faced Urn","StrikeDummy","Chemical X","Philosopher\u0027s Stone","Vajra","Bow_fan:ReiMu","Gambling Chip","CatCart"],"acts_visited":["Exordium","TheCity","TheBeyond"],"potions_floor_usage":[50,50,50],"damage_taken":[{"damage":0.0,"enemies":"Cultist","floor":1.0,"turns":1.0},{"damage":0.0,"enemies":"Jaw Worm","floor":3.0,"turns":1.0},{"damage":0.0,"enemies":"2 Louse","floor":5.0,"turns":1.0},{"damage":36.0,"enemies":"Lagavulin","floor":6.0,"turns":8.0},{"damage":1.0,"enemies":"3 Sentries","floor":8.0,"turns":7.0},{"damage":0.0,"enemies":"Looter","floor":10.0,"turns":4.0},{"damage":25.0,"enemies":"Lagavulin Event","floor":12.0,"turns":7.0},{"damage":0.0,"enemies":"Blue Slaver","floor":14.0,"turns":2.0},{"damage":8.0,"enemies":"The Guardian","floor":16.0,"turns":8.0},{"damage":0.0,"enemies":"2 Thieves","floor":18.0,"turns":3.0},{"damage":0.0,"enemies":"Spheric Guardian","floor":21.0,"turns":3.0},{"damage":0.0,"enemies":"Snecko","floor":22.0,"turns":4.0},{"damage":0.0,"enemies":"Gremlin Leader","floor":23.0,"turns":4.0},{"damage":0.0,"enemies":"Chosen and Byrds","floor":24.0,"turns":2.0},{"damage":0.0,"enemies":"Snake Plant","floor":25.0,"turns":1.0},{"damage":0.0,"enemies":"Sentry and Sphere","floor":28.0,"turns":3.0},{"damage":0.0,"enemies":"Colosseum Slavers","floor":29.0,"turns":1.0},{"damage":15.0,"enemies":"Colosseum Nobs","floor":29.0,"turns":4.0},{"damage":0.0,"enemies":"Shelled Parasite and Fungi","floor":31.0,"turns":1.0},{"damage":0.0,"enemies":"Automaton","floor":33.0,"turns":7.0},{"damage":8.0,"enemies":"3 Darklings","floor":35.0,"turns":2.0},{"damage":0.0,"enemies":"3 Shapes","floor":36.0,"turns":1.0},{"damage":9.0,"enemies":"Transient","floor":38.0,"turns":5.0},{"damage":0.0,"enemies":"Maw","floor":39.0,"turns":8.0},{"damage":0.0,"enemies":"Reptomancer","floor":41.0,"turns":4.0},{"damage":0.0,"enemies":"Writhing Mass","floor":44.0,"turns":5.0},{"damage":0.0,"enemies":"Giant Head","floor":45.0,"turns":6.0},{"damage":0.0,"enemies":"Orin","floor":46.0,"turns":5.0},{"damage":0,"enemies":"Sphere and 2 Shapes","floor":47,"turns":2},{"damage":0,"enemies":"Jaw Worm Horde","floor":48,"turns":1},{"damage":32,"enemies":"Awakened One","floor":50,"turns":11}],"seed_played":"2662759722033881324","potions_obtained":[{"floor":1.0,"key":"ColorlessPotion"},{"floor":5.0,"key":"Dexterity Potion"},{"floor":6.0,"key":"FairyPotion"},{"floor":14.0,"key":"DistilledChaos"},{"floor":16.0,"key":"ColorlessPotion"},{"floor":24.0,"key":"Weak Potion"},{"floor":29.0,"key":"PinkPotion:ReiMu"},{"floor":31.0,"key":"Strength Potion"},{"floor":33.0,"key":"ZuzhouPotion:ReiMu"},{"floor":36.0,"key":"PinkPotion:ReiMu"},{"floor":44.0,"key":"PowerPotion"}],"is_trial":false,"path_per_floor":["M","$","M","?","M","E","?","E","T","M","R","?","$","M","R","B",null,"M","$","?","M","M","E","M","M","T","R","M","?","$","M","R","B",null,"M","M","?","M","M","R","E","R","T","M","E","?","M","M","R","B",null],"character_chosen":"REIMU","items_purchased":["Authority:ReiMu","Fruit Juice","Toolbox","Chemical X"],"campfire_rested":1,"item_purchase_floors":[2,13,19,30],"current_hp_per_floor":[65,65,65,54,54,18,18,17,17,17,17,11,16,16,37,29,70,70,70,70,70,70,70,70,70,70,70,70,55,55,55,55,61,70,62,62,62,59,67,67,70,70,70,70,70,70,70,70,70,46],"gold":405,"neow_bonus":"THREE_ENEMY_KILL","is_daily":false,"chose_seed":false,"campfire_upgraded":6,"win_rate":0.0,"timestamp":1610539936,"path_taken":["M","?","?","?","M","E","?","E","T","M","R","?","$","M","R","BOSS","M","$","?","?","M","E","M","M","T","R","M","?","$","M","R","BOSS","M","M","?","M","M","R","E","R","T","M","E","?","M","M","R","BOSS"],"items_purchased_type":["Card","Potion","Relic","Relic"],"build_version":"2020-12-22","purchased_purges":2,"victory":true,"max_hp_per_floor":[65,65,65,65,65,65,65,65,65,65,65,65,70,70,70,70,70,70,70,70,70,70,70,70,70,70,70,70,70,70,70,70,70,70,70,70,70,70,70,70,70,70,70,70,70,70,70,70,70,70],"card_choices":[{"not_picked":["Enchanting:ReiMu","TakeOff:ReiMu"],"picked":"FantasyBorder:ReiMu","floor":1.0},{"not_picked":["SubcavityInstant:ReiMu","PassingAway:ReiMu"],"picked":"SpiritualOutbreak2:ReiMu","floor":3.0},{"not_picked":["Meditation:ReiMu","SubAcupoint:ReiMu"],"picked":"CareerPray:ReiMu","floor":5.0},{"not_picked":["FineLineFantasy:ReiMu","CareerPray:ReiMu"],"picked":"SpreadBorder2:ReiMu","floor":6.0},{"not_picked":["AirStrike:ReiMu","PrepareRite:ReiMu"],"picked":"OctopathSalyBorderN:ReiMu","floor":8.0},{"not_picked":["SubcavityInstant:ReiMu","SpiritualOutbreak2:ReiMu"],"picked":"Amulet:ReiMu","floor":10.0},{"not_picked":["PayForSelf:ReiMu","SpreadBorder2:ReiMu"],"picked":"Amulet:ReiMu","floor":12.0},{"not_picked":["Amulet:ReiMu","CareerPray:ReiMu"],"picked":"Gathering:ReiMu","floor":14.0},{"not_picked":["CardOfSanctity:ReiMu","Free:ReiMu"],"picked":"Determination:ReiMu","floor":16.0},{"not_picked":["RainPray2:ReiMu","SafetyPray:ReiMu+1"],"picked":"AirStrike:ReiMu+1","floor":18.0},{"not_picked":["YinYangSange:ReiMu","SpreadBorder2:ReiMu"],"picked":"DoubleButterfly:ReiMu","floor":21.0},{"not_picked":["LearningPray:ReiMu","PassingAway:ReiMu"],"picked":"Amulet:ReiMu+1","floor":22.0},{"not_picked":["SealNeedle:ReiMu","PayForSelf:ReiMu","Crusade:ReiMu"],"picked":"SKIP","floor":23.0},{"not_picked":["RainPray2:ReiMu","AirStrike:ReiMu"],"picked":"SafetyPray:ReiMu+1","floor":24.0},{"not_picked":["AirStrike:ReiMu+1","PhosphorusFlame:ReiMu+1","Dreaming2:ReiMu+1"],"picked":"SKIP","floor":25.0},{"not_picked":["TightArray:ReiMu","Revelation:ReiMu"],"picked":"Free:ReiMu","floor":28.0},{"not_picked":["AirStrike:ReiMu+1","PayForSelf:ReiMu"],"picked":"AlertArray:ReiMu+1","floor":29.0},{"not_picked":["Intuition:ReiMu","SpiritualOutbreak2:ReiMu+1"],"picked":"OctopathBindingBorder2:ReiMu+1","floor":31.0},{"not_picked":["BlastKick2:ReiMu","Determination:ReiMu"],"picked":"Free:ReiMu","floor":33.0},{"not_picked":["AlertArray:ReiMu","SpringWay:ReiMu"],"picked":"EmergencyTakeOff:ReiMu+1","floor":35.0},{"not_picked":["Enchanting:ReiMu","OrbThrow:ReiMu"],"picked":"MikOfLucky:ReiMu","floor":36.0},{"not_picked":["Intuition:ReiMu+1","Amulet:ReiMu+1"],"picked":"SubAcupoint:ReiMu+1","floor":38.0},{"not_picked":["SubcavityInstant:ReiMu","PayForSelf:ReiMu"],"picked":"YinYangSign:ReiMu+1","floor":39.0},{"not_picked":["SealNeedle:ReiMu+1","YinYangSign:ReiMu+1"],"picked":"DependentForm:ReiMu","floor":41.0},{"not_picked":["UpKicking:ReiMu+1","Meditation:ReiMu"],"picked":"TightArray:ReiMu+1","floor":44.0},{"not_picked":["PrepareRite:ReiMu","RainPray2:ReiMu"],"picked":"OctopathBindingBorder2:ReiMu+1","floor":45.0},{"not_picked":["YinYangSign:ReiMu","FantasyMoon:ReiMu"],"picked":"Amulet:ReiMu+1","floor":46.0},{"not_picked":["SpringWay:ReiMu","SubAcupoint:ReiMu"],"picked":"PassingAway:ReiMu+1","floor":47},{"not_picked":["SafetyPray:ReiMu","OrbThrow:ReiMu","CareerPray:ReiMu+1"],"picked":"SKIP","floor":48}],"player_experience":241733,"relics_obtained":[{"floor":6.0,"key":"InkBottle"},{"floor":8.0,"key":"Letter Opener"},{"floor":9.0,"key":"Gremlin Horn"},{"floor":12.0,"key":"Lantern"},{"floor":23.0,"key":"The Courier"},{"floor":26.0,"key":"Kunai"},{"floor":29.0,"key":"Bird Faced Urn"},{"floor":29.0,"key":"StrikeDummy"},{"floor":41.0,"key":"Vajra"},{"floor":43.0,"key":"Bow_fan:ReiMu"},{"floor":45.0,"key":"Gambling Chip"},{"floor":46.0,"key":"CatCart"}],"event_choices":[{"damage_healed":0.0,"max_hp_gain":0.0,"max_hp_loss":0.0,"gold_gain":75.0,"event_name":"World of Goop","player_choice":"Gather Gold","floor":4.0,"gold_loss":0.0,"damage_taken":11.0},{"damage_healed":0.0,"max_hp_gain":0.0,"max_hp_loss":0.0,"gold_gain":0.0,"cards_transformed":["Strike_Lin:ReiMu"],"event_name":"Living Wall","player_choice":"Change","floor":7.0,"gold_loss":0.0,"damage_taken":0.0,"cards_obtained":["CardOfSanctity:ReiMu"]},{"damage_healed":0.0,"max_hp_gain":0.0,"max_hp_loss":0.0,"gold_gain":0.0,"event_name":"Dead Adventurer","player_choice":"Searched \u00272\u0027 times","floor":12.0,"gold_loss":0.0,"damage_taken":0.0},{"damage_healed":0.0,"max_hp_gain":0.0,"max_hp_loss":0.0,"gold_gain":0.0,"event_name":"N\u0027loth","player_choice":"Ignored","floor":20.0,"gold_loss":0.0,"damage_taken":0.0},{"damage_healed":0.0,"max_hp_gain":0.0,"max_hp_loss":0.0,"gold_gain":0.0,"event_name":"Colosseum","player_choice":"Fight","floor":29.0,"gold_loss":0.0,"damage_taken":0.0},{"damage_healed":0.0,"max_hp_gain":0.0,"max_hp_loss":0.0,"gold_gain":0.0,"event_name":"Colosseum","player_choice":"Fought Nobs","floor":29.0,"gold_loss":0.0,"damage_taken":0.0},{"cards_removed":["DoubleButterfly:ReiMu"],"damage_healed":0.0,"max_hp_gain":0.0,"max_hp_loss":0.0,"gold_gain":0.0,"event_name":"Falling","player_choice":"Removed Attack","floor":37.0,"gold_loss":0.0,"damage_taken":0.0},{"damage_healed":0.0,"max_hp_gain":0.0,"max_hp_loss":0.0,"gold_gain":0.0,"event_name":"OrinTheCat","player_choice":"Fight","floor":46.0,"gold_loss":0.0,"damage_taken":0.0}],"is_beta":false,"boss_relics":[{"not_picked":["Coffee Dripper","CrownOfHeavens:ReiMu"],"picked":"RedLine:ReiMu"},{"not_picked":["Tiny House","Pandora\u0027s Box"],"picked":"Philosopher\u0027s Stone"}],"items_purged_floors":[13,30],"is_endless":false,"potions_floor_spawned":[1,5,6,14,16,18,24,29,31,33,36,38,41,44,48],"ascension_level":0}}