{"host":"2yqfi47fogfu1ic4","time":1610534904,"event":{"mods":["AchievementEnabler","BaseMod","Colored Map","Colored Powertips","Highlight Path","Minty Spire (QoL Compilation)","Permanent Neow","Relic Stats","StSLib"],"gold_per_floor":[118,118,133,58,76,76,87,115,138,167,167,185,185,205,205,283,283,294,314,327,342,45,75,75,75,75,0,0,17,17,48,48,125,125,137,412,110,121,71,98,98,118,118,118,0,0,20,35,35,35],"floor_reached":51,"language":"DEU","playtime":3118,"items_purged":["Regret","Strike_G","Regret","Strike_G"],"score":1409,"play_id":"84229b93-a32a-49a5-8540-d391dd71067f","local_time":"20210113114824","is_ascension_mode":true,"campfire_choices":[{"data":"Predator","floor":6.0,"key":"SMITH"},{"data":"Noxious Fumes","floor":11.0,"key":"SMITH"},{"data":"Burst","floor":15.0,"key":"SMITH"},{"data":"Well Laid Plans","floor":24.0,"key":"SMITH"},{"data":"Catalyst","floor":30.0,"key":"SMITH"},{"data":"Malaise","floor":32.0,"key":"SMITH"},{"data":"Catalyst","floor":41.0,"key":"SMITH"},{"data":"Bouncing Flask","floor":49,"key":"SMITH"}],"circlet_count":0,"master_deck":["AscendersBane","Strike_G","Strike_G","Defend_G","Defend_G","Defend_G","Defend_G","Defend_G","Survivor","Neutralize","Backstab","Predator+1","Backflip","Noxious Fumes+1","Dagger Spray","Burst+1","Dagger Throw","Malaise+1","Bouncing Flask+1","Poisoned Stab","Well Laid Plans+1","Catalyst+1","Backflip","Doppelganger","Calculated Gamble+1","Catalyst+1","Blur"],"relics":["Velvet Choker","Centennial Puzzle","Regal Pillow","Smiling Mask","Gremlin Horn","FaceOfCleric","Coffee Dripper","Lee\u0027s Waffle","Bag of Marbles","HornCleat","Matryoshka","Runic Pyramid","Chemical X","Snake Skull","Toy Ornithopter","Mango","Red Mask"],"acts_visited":["Exordium","TheCity","TheBeyond"],"potions_floor_usage":[47],"damage_taken":[{"damage":2.0,"enemies":"Jaw Worm","floor":1.0,"turns":4.0},{"damage":1.0,"enemies":"Cultist","floor":3.0,"turns":4.0},{"damage":0.0,"enemies":"Small Slimes","floor":5.0,"turns":2.0},{"damage":1.0,"enemies":"Blue Slaver","floor":7.0,"turns":3.0},{"damage":10.0,"enemies":"Lagavulin","floor":8.0,"turns":6.0},{"damage":5.0,"enemies":"3 Sentries","floor":10.0,"turns":8.0},{"damage":0.0,"enemies":"Exordium Wildlife","floor":12.0,"turns":2.0},{"damage":4.0,"enemies":"Large Slime","floor":14.0,"turns":3.0},{"damage":42.0,"enemies":"Hexaghost","floor":16.0,"turns":10.0},{"damage":1.0,"enemies":"3 Byrds","floor":18.0,"turns":5.0},{"damage":14.0,"enemies":"2 Thieves","floor":19.0,"turns":4.0},{"damage":11.0,"enemies":"Centurion and Healer","floor":20.0,"turns":6.0},{"damage":24.0,"enemies":"Cultist and Chosen","floor":21.0,"turns":5.0},{"damage":11.0,"enemies":"Book of Stabbing","floor":23.0,"turns":6.0},{"damage":6.0,"enemies":"3 Cultists","floor":29.0,"turns":5.0},{"damage":2.0,"enemies":"Gremlin Leader","floor":31.0,"turns":7.0},{"damage":26.0,"enemies":"Automaton","floor":33.0,"turns":8.0},{"damage":1.0,"enemies":"Orb Walker","floor":35.0,"turns":2.0},{"damage":37.0,"enemies":"3 Darklings","floor":38.0,"turns":3.0},{"damage":3.0,"enemies":"Giant Head","floor":40.0,"turns":4.0},{"damage":12,"enemies":"Spire Growth","floor":42,"turns":4},{"damage":0,"enemies":"4 Shapes","floor":47,"turns":3},{"damage":0,"enemies":"Transient","floor":48,"turns":5},{"damage":1,"enemies":"Time Eater","floor":50,"turns":8}],"seed_played":"-7829062858499375492","potions_obtained":[{"floor":5.0,"key":"PowerPotion"},{"floor":7.0,"key":"DuplicationPotion"},{"floor":8.0,"key":"Weak Potion"},{"floor":14.0,"key":"Regen Potion"},{"floor":16.0,"key":"AttackPotion"},{"floor":19.0,"key":"BlessingOfTheForge"},{"floor":20.0,"key":"Fire Potion"},{"floor":23.0,"key":"Strength Potion"},{"floor":29.0,"key":"SpeedPotion"},{"floor":35.0,"key":"Energy Potion"},{"floor":40.0,"key":"Fire Potion"}],"is_trial":false,"path_per_floor":["M","?","M","$","M","R","M","E","T","E","R","M","?","M","R","B",null,"M","M","M","M","$","E","R","?","T","?","$","M","R","E","R","B",null,"M","?","$","M","$","E","R","M","T","?","?","$","M","M","R","B",null],"character_chosen":"THE_SILENT","items_purchased":["Lee\u0027s Waffle","Well Laid Plans","Chemical X","Catalyst"],"campfire_rested":0,"item_purchase_floors":[22,22,37,37],"current_hp_per_floor":[57,57,56,56,56,56,55,45,45,40,40,40,40,37,37,11,54,54,41,31,8,79,69,69,69,69,69,69,64,64,63,63,38,72,72,72,72,36,36,34,34,23,37,37,37,37,43,44,44,44],"gold":35,"neow_bonus":"BOSS_RELIC","is_daily":false,"chose_seed":false,"campfire_upgraded":8,"win_rate":0.0,"timestamp":1610534904,"path_taken":["M","?","M","$","M","R","M","E","T","E","R","M","?","M","R","BOSS","M","M","?","M","$","E","R","?","T","?","?","M","R","E","R","BOSS","M","?","$","?","$","E","R","M","T","?","?","?","M","M","R","BOSS"],"items_purchased_type":["Relic","Card","Relic","Card"],"build_version":"2020-12-22","purchased_purges":4,"victory":true,"max_hp_per_floor":[66,66,66,66,66,66,66,66,66,66,66,66,66,67,67,68,68,69,70,71,72,79,80,80,80,80,80,80,81,81,82,82,83,83,84,84,84,85,85,86,86,87,101,101,101,101,102,103,103,104],"relic_stats":{"Centennial Puzzle":[57],"Regal Pillow":0,"Lee\u0027s Waffle":71,"Gremlin Horn":[18,18],"FaceOfCleric":17,"counters":[24,117],"Snake Skull":[47],"Chemical X":[12],"Smiling Mask":225,"obtain_stats":[{"Regal Pillow":8,"Lee\u0027s Waffle":22,"Gremlin Horn":10,"Velvet Choker":0,"Mango":43,"Snake Skull":40,"Smiling Mask":9,"Centennial Puzzle":2,"HornCleat":26,"Matryoshka":31,"FaceOfCleric":13,"Coffee Dripper":17,"Bag of Marbles":23,"Red Mask":45,"Chemical X":37,"Toy Ornithopter":43,"Ring of the Snake":0,"Runic Pyramid":34},{"Regal Pillow":5,"Lee\u0027s Waffle":13,"Gremlin Horn":6,"Velvet Choker":0,"Mango":21,"Snake Skull":20,"Smiling Mask":5,"Centennial Puzzle":1,"HornCleat":14,"Matryoshka":16,"FaceOfCleric":7,"Coffee Dripper":9,"Bag of Marbles":14,"Red Mask":21,"Chemical X":18,"Toy Ornithopter":21,"Ring of the Snake":0,"Runic Pyramid":17},{"Regal Pillow":19,"Lee\u0027s Waffle":62,"Gremlin Horn":27,"Velvet Choker":0,"Mango":101,"Snake Skull":97,"Smiling Mask":19,"Centennial Puzzle":4,"HornCleat":68,"Matryoshka":80,"FaceOfCleric":29,"Coffee Dripper":42,"Bag of Marbles":68,"Red Mask":101,"Chemical X":90,"Toy Ornithopter":101,"Ring of the Snake":0,"Runic Pyramid":88}],"Toy Ornithopter":5},"card_choices":[{"not_picked":["Blade Dance","Underhanded Strike"],"picked":"Backstab","floor":1.0},{"not_picked":["Cloak And Dagger","Terror"],"picked":"Predator","floor":3.0},{"not_picked":["Cloak And Dagger","Dagger Throw"],"picked":"Backflip","floor":5.0},{"not_picked":["Infinite Blades","PiercingWail"],"picked":"Noxious Fumes","floor":7.0},{"not_picked":["Blade Dance","Quick Slash","Outmaneuver"],"picked":"SKIP","floor":8.0},{"not_picked":["Underhanded Strike","Accuracy"],"picked":"Dagger Spray","floor":10.0},{"not_picked":["Dash","Predator"],"picked":"Burst","floor":12.0},{"not_picked":["Flechettes","Dodge and Roll"],"picked":"Dagger Throw","floor":14.0},{"not_picked":["Night Terror","A Thousand Cuts"],"picked":"Malaise","floor":16.0},{"not_picked":["Bane","Choke+1"],"picked":"Bouncing Flask","floor":18.0},{"not_picked":["Deflect","Cloak And Dagger","Dagger Throw"],"picked":"SKIP","floor":19.0},{"not_picked":["Slice","Sucker Punch"],"picked":"Poisoned Stab","floor":20.0},{"not_picked":["Underhanded Strike","Sucker Punch","Outmaneuver"],"picked":"SKIP","floor":21.0},{"not_picked":["Accuracy+1","Dagger Throw"],"picked":"Catalyst","floor":23.0},{"not_picked":["Prepared","Bullet Time","Choke"],"picked":"SKIP","floor":29.0},{"not_picked":["Choke","Underhanded Strike"],"picked":"Backflip","floor":31.0},{"not_picked":["Bullet Time","A Thousand Cuts"],"picked":"Doppelganger","floor":33.0},{"not_picked":["Dagger Spray","Quick Slash"],"picked":"Calculated Gamble+1","floor":35.0},{"not_picked":["Distraction","Underhanded Strike"],"picked":"Blur","floor":38.0},{"not_picked":["Quick Slash","Dagger Spray","Prepared"],"picked":"SKIP","floor":40.0},{"not_picked":["Dodge and Roll","Cloak And Dagger","Deflect+1"],"picked":"SKIP","floor":42},{"not_picked":["All Out Attack","Deadly Poison","Dagger Spray"],"picked":"SKIP","floor":47},{"not_picked":["Distraction","Caltrops","Well Laid Plans+1"],"picked":"SKIP","floor":48}],"player_experience":1533748,"relics_obtained":[{"floor":8.0,"key":"Regal Pillow"},{"floor":9.0,"key":"Smiling Mask"},{"floor":10.0,"key":"Gremlin Horn"},{"floor":23.0,"key":"Bag of Marbles"},{"floor":26.0,"key":"HornCleat"},{"floor":31.0,"key":"Matryoshka"},{"floor":40.0,"key":"Snake Skull"},{"floor":43,"key":"Toy Ornithopter"},{"floor":43,"key":"Mango"}],"event_choices":[{"damage_healed":0.0,"max_hp_gain":0.0,"max_hp_loss":0.0,"gold_gain":0.0,"event_name":"Big Fish","player_choice":"Box","floor":2.0,"gold_loss":0.0,"damage_taken":0.0,"relics_obtained":["Centennial Puzzle"],"cards_obtained":["Regret"]},{"damage_healed":0.0,"max_hp_gain":0.0,"max_hp_loss":0.0,"gold_gain":0.0,"event_name":"FaceTrader","player_choice":"Trade","floor":13.0,"gold_loss":0.0,"damage_taken":0.0,"relics_obtained":["FaceOfCleric"]},{"damage_healed":0.0,"max_hp_gain":0.0,"max_hp_loss":0.0,"gold_gain":0.0,"event_name":"The Mausoleum","player_choice":"Ignored","floor":25.0,"gold_loss":0.0,"damage_taken":0.0},{"cards_removed":["Strike_G"],"damage_healed":0.0,"max_hp_gain":0.0,"max_hp_loss":0.0,"gold_gain":0.0,"event_name":"Beggar","player_choice":"Gave Gold","floor":27.0,"gold_loss":75.0,"damage_taken":0.0},{"damage_healed":0.0,"max_hp_gain":0.0,"max_hp_loss":0.0,"gold_gain":275.0,"event_name":"Golden Shrine","player_choice":"Desecrate","floor":36.0,"gold_loss":0.0,"damage_taken":0.0,"cards_obtained":["Regret"]},{"damage_healed":0,"gold_gain":0,"player_choice":"Ignored","damage_taken":0,"max_hp_gain":0,"max_hp_loss":0,"event_name":"Mysterious Sphere","floor":44,"gold_loss":0},{"damage_healed":0,"gold_gain":0,"player_choice":"Paid","damage_taken":0,"relics_obtained":["Red Mask"],"max_hp_gain":0,"max_hp_loss":0,"event_name":"Tomb of Lord Red Mask","floor":45,"gold_loss":118}],"is_beta":false,"boss_relics":[{"not_picked":["Sozu","Empty Cage"],"picked":"Coffee Dripper"},{"not_picked":["Calling Bell","HoveringKite"],"picked":"Runic Pyramid"}],"items_purged_floors":[4,22,37,39],"is_endless":false,"potions_floor_spawned":[5,7,8,14,16,19,20,23,29,35,40],"ascension_level":18}}