{"host":"Diee","time":1610561706,"event":{"mods":["BaseMod","Minty Spire (QoL Compilation)","Replay The Spire","StSLib"],"gold_per_floor":[18,31,44,62,80,80,95,128,128,154,164,197,197,209,209,309,309,309,309],"floor_reached":18,"language":"ZHS","playtime":1251,"items_purged":[],"score":261,"play_id":"65cd4f6f-010c-4c73-ba85-e0249078132a","local_time":"20210114021506","is_ascension_mode":false,"campfire_choices":[{"data":"Eruption","floor":6.0,"key":"SMITH"},{"data":"DevaForm","floor":13.0,"key":"SMITH"},{"data":"Crescendo","floor":15,"key":"SMITH"}],"circlet_count":0,"master_deck":["Strike_P","Strike_P","Strike_P","Strike_P","Defend_P","Defend_P","Defend_P","Defend_P","Eruption+1","Vigilance","FlurryOfBlows","Consecrate","Crescendo+1","Tantrum","DevaForm+1","DeusExMachina","AbeCurse"],"relics":["PureWater","Calipers","Blue Candle","ReplayTheSpireMod:Lightbulb","Gambling Chip","Vajra","Abe\u0027s Treasure"],"acts_visited":["Exordium","TheCity"],"potions_floor_usage":[16],"damage_taken":[{"damage":0.0,"enemies":"Cultist","floor":1.0,"turns":4.0},{"damage":2.0,"enemies":"Small Slimes","floor":2.0,"turns":5.0},{"damage":2.0,"enemies":"2 Louse","floor":3.0,"turns":2.0},{"damage":2.0,"enemies":"2 Fungi Beasts","floor":4.0,"turns":2.0},{"damage":13.0,"enemies":"Exordium Wildlife","floor":5.0,"turns":7.0},{"damage":0.0,"enemies":"3 Louse","floor":7.0,"turns":1.0},{"damage":8.0,"enemies":"Gremlin Nob","floor":8.0,"turns":3.0},{"damage":11.0,"enemies":"Lagavulin","floor":10.0,"turns":7.0},{"damage":0.0,"enemies":"Large Slime","floor":11.0,"turns":3.0},{"damage":0.0,"enemies":"Gremlin Nob","floor":12.0,"turns":2.0},{"damage":0,"enemies":"Exordium Wildlife","floor":14,"turns":3},{"damage":0,"enemies":"Slime Boss","floor":16,"turns":3},{"damage":0,"enemies":"Shell Parasite","floor":18,"turns":1}],"seed_played":"-1702619568590916505","potions_obtained":[{"floor":2.0,"key":"FearPotion"},{"floor":3.0,"key":"EssenceOfSteel"},{"floor":8.0,"key":"PowerPotion"},{"floor":11.0,"key":"DuplicationPotion"},{"floor":12.0,"key":"SteroidPotion"},{"floor":16,"key":"Reflective Coating"}],"is_trial":false,"path_per_floor":["M","M","M","M","M","R","M","E","T","E","M","E","R","M","R","B",null,"M"],"character_chosen":"WATCHER","items_purchased":[],"campfire_rested":0,"item_purchase_floors":[],"current_hp_per_floor":[72,70,68,66,53,53,53,45,45,34,34,34,34,34,34,34,72,72,72],"gold":309,"neow_bonus":"ONE_RARE_RELIC","is_daily":false,"chose_seed":false,"campfire_upgraded":3,"win_rate":0.0,"timestamp":1610561706,"path_taken":["M","M","M","M","M","R","M","E","T","E","M","E","R","?","R","BOSS","M"],"items_purchased_type":[],"build_version":"2020-12-18","purchased_purges":0,"victory":false,"max_hp_per_floor":[72,72,72,72,72,72,72,72,72,72,72,72,72,72,72,72,72,72,72],"card_choices":[{"not_picked":["BattleHymn","Replay:Battleflow"],"picked":"FlurryOfBlows","floor":1.0},{"not_picked":["ThirdEye","Halt"],"picked":"Consecrate","floor":2.0},{"not_picked":["Worship","ThirdEye","WindmillStrike"],"picked":"SKIP","floor":3.0},{"not_picked":["Worship","ThirdEye","WindmillStrike"],"picked":"SKIP","floor":3.0},{"not_picked":["TalkToTheHand","FlyingSleeves","FollowUp"],"picked":"SKIP","floor":4.0},{"not_picked":["CutThroughFate","Perseverance","Replay:AtTheReady"],"picked":"SKIP","floor":5.0},{"not_picked":["ThirdEye","Consecrate","Crescendo"],"picked":"SKIP","floor":7.0},{"not_picked":["ThirdEye","Consecrate"],"picked":"Crescendo","floor":7.0},{"not_picked":["FlyingSleeves","Conclude","Pray"],"picked":"SKIP","floor":8.0},{"not_picked":["Consecrate","Prostrate","Replay:DivineShield"],"picked":"SKIP","floor":10.0},{"not_picked":["Replay:AtTheReady","ReachHeaven"],"picked":"Tantrum","floor":11.0},{"not_picked":["Replay:Anticipation","Perseverance"],"picked":"DevaForm","floor":12.0},{"not_picked":["FlurryOfBlows","Crescendo","Wallop"],"picked":"SKIP","floor":14},{"not_picked":["Replay:AllIn","Omniscience"],"picked":"DeusExMachina","floor":16}],"player_experience":68483,"relics_obtained":[{"floor":8.0,"key":"Blue Candle"},{"floor":9.0,"key":"ReplayTheSpireMod:Lightbulb"},{"floor":10.0,"key":"Gambling Chip"},{"floor":12.0,"key":"Vajra"}],"event_choices":[],"is_beta":true,"boss_relics":[{"not_picked":["SacredBark","Tiny House"],"picked":"Abe\u0027s Treasure"}],"items_purged_floors":[],"is_endless":false,"potions_floor_spawned":[2,3,8,11,12,14,16],"killed_by":"Shell Parasite","ascension_level":0}}