{"host":"wwgjegxy0g4w5r8c","time":1610556041,"event":{"mods":["AchievementEnabler","BaseMod","Colored Map","Colored Powertips","DeckTracker","Minty Spire (QoL Compilation)","Quick Restart","StSLib","SuperFastMode"],"gold_per_floor":[115,134,151,163,16,16,44,60,60,60,123,137,137,156,156,256,256,272,28,47,47,47,47,66,99,123,123,141,153,185,95,95,192,192,203,218,74,94,94,94,125,125,176,176,190,201,213,227,227,227],"floor_reached":51,"language":"KOR","playtime":4940,"items_purged":["Defend_G","Strike_G"],"score":673,"play_id":"6115569b-6fae-46b5-89d2-d94449c452ec","local_time":"20210114014041","is_ascension_mode":false,"campfire_choices":[{"data":"Neutralize","floor":6.0,"key":"SMITH"},{"data":"Adrenaline","floor":10.0,"key":"SMITH"},{"data":"Quick Slash","floor":13.0,"key":"SMITH"},{"data":"Dagger Spray","floor":15.0,"key":"SMITH"},{"data":"Adrenaline","floor":23,"key":"SMITH"},{"data":"Calculated Gamble","floor":27,"key":"SMITH"},{"data":"Calculated Gamble","floor":32,"key":"SMITH"},{"data":"Bullet Time","floor":42,"key":"SMITH"},{"floor":49,"key":"REST"}],"circlet_count":0,"master_deck":["Defend_G","Defend_G","Defend_G","Survivor+1","Neutralize+1","Quick Slash+1","Well Laid Plans","Expertise","Adrenaline+1","Calculated Gamble+1","Calculated Gamble+1","Flying Knee","Dagger Spray+1","Adrenaline+1","Quick Slash+1","Crippling Poison+1","Distraction","Malaise","Prepared+1","Dash+1","Backflip+1","Corpse Explosion","After Image","Footwork+1","Bullet Time+1","Noxious Fumes+1","Adrenaline","Bouncing Flask"],"relics":["Ring of the Snake","Toy Ornithopter","Eternal Feather","Omamori","Ancient Tea Set","Calling Bell","Oddly Smooth Stone","Question Card","Girya","ClockworkSouvenir","Singing Bowl","MealTicket","StrikeDummy","Runic Pyramid","Happy Flower","Art of War"],"acts_visited":["Exordium","TheCity","TheBeyond"],"potions_floor_usage":[30,36,50,50],"damage_taken":[{"damage":1.0,"enemies":"Cultist","floor":1.0,"turns":4.0},{"damage":1.0,"enemies":"Jaw Worm","floor":2.0,"turns":5.0},{"damage":0.0,"enemies":"Small Slimes","floor":3.0,"turns":4.0},{"damage":4.0,"enemies":"Gremlin Gang","floor":4.0,"turns":7.0},{"damage":26.0,"enemies":"Gremlin Nob","floor":7.0,"turns":5.0},{"damage":0.0,"enemies":"Looter","floor":8.0,"turns":4.0},{"damage":10.0,"enemies":"Gremlin Nob","floor":11.0,"turns":4.0},{"damage":0.0,"enemies":"Lots of Slimes","floor":12.0,"turns":5.0},{"damage":0.0,"enemies":"Gremlin Gang","floor":14.0,"turns":5.0},{"damage":56.0,"enemies":"Hexaghost","floor":16.0,"turns":14.0},{"damage":9.0,"enemies":"2 Thieves","floor":18.0,"turns":3.0},{"damage":0.0,"enemies":"Spheric Guardian","floor":20.0,"turns":3.0},{"damage":0,"enemies":"3 Cultists","floor":24,"turns":3},{"damage":12,"enemies":"Gremlin Leader","floor":25,"turns":6},{"damage":3,"enemies":"Snake Plant","floor":28,"turns":4},{"damage":3,"enemies":"Centurion and Healer","floor":29,"turns":5},{"damage":17,"enemies":"Slavers","floor":30,"turns":3},{"damage":45,"enemies":"Automaton","floor":33,"turns":16},{"damage":0,"enemies":"3 Shapes","floor":35,"turns":2},{"damage":4,"enemies":"3 Darklings","floor":36,"turns":4},{"damage":15,"enemies":"Writhing Mass","floor":38,"turns":9},{"damage":27,"enemies":"Giant Head","floor":41,"turns":11},{"damage":0,"enemies":"Jaw Worm Horde","floor":45,"turns":2},{"damage":17,"enemies":"Spire Growth","floor":46,"turns":5},{"damage":0,"enemies":"Maw","floor":47,"turns":7},{"damage":0,"enemies":"Sphere and 2 Shapes","floor":48,"turns":1},{"damage":35,"enemies":"Time Eater","floor":50,"turns":12}],"seed_played":"-8194538174506810171","potions_obtained":[{"floor":3.0,"key":"LiquidMemories"},{"floor":7.0,"key":"Ancient Potion"},{"floor":11.0,"key":"DuplicationPotion"},{"floor":12.0,"key":"FairyPotion"},{"floor":14.0,"key":"Regen Potion"},{"floor":20,"key":"Poison Potion"},{"floor":28,"key":"GhostInAJar"},{"floor":33,"key":"Regen Potion"},{"floor":35,"key":"Block Potion"},{"floor":38,"key":"FearPotion"}],"is_trial":false,"path_per_floor":["M","M","M","M","$","R","E","M","T","R","?","M","R","M","R","B",null,"M","$","M","?","?","R","M","E","T","R","M","M","E","?","R","B",null,"M","M","$","M","?","$","E","R","T","?","M","M","M","M","R","B",null],"character_chosen":"THE_SILENT","items_purchased":["Expertise","ClockworkSouvenir","Bullet Time"],"campfire_rested":1,"item_purchase_floors":[5,19,37],"current_hp_per_floor":[69,68,68,64,64,64,38,38,38,47,42,42,51,51,60,29,70,61,61,61,61,61,70,70,60,60,72,69,66,54,54,66,21,72,72,74,74,61,61,76,49,64,64,64,64,47,49,51,80,55],"gold":227,"neow_bonus":"RANDOM_COMMON_RELIC","is_daily":false,"chose_seed":false,"campfire_upgraded":8,"win_rate":0.0,"timestamp":1610556041,"path_taken":["M","M","?","M","$","R","E","M","T","R","?","M","R","M","R","BOSS","M","$","M","?","?","R","M","E","T","R","M","M","E","?","R","BOSS","M","?","$","?","?","$","E","R","T","?","M","?","?","M","R","BOSS"],"items_purchased_type":["Card","Relic","Card"],"build_version":"2020-12-22","purchased_purges":2,"victory":true,"max_hp_per_floor":[70,70,70,70,70,70,70,70,70,70,70,70,70,70,70,70,70,70,70,70,70,70,70,70,72,72,72,72,72,72,72,72,72,72,72,74,74,76,76,76,76,76,76,76,76,76,78,80,80,80],"card_choices":[{"not_picked":["Acrobatics","Backflip"],"picked":"Quick Slash","floor":1.0},{"not_picked":["Accuracy","Sucker Punch","Dodge and Roll"],"picked":"SKIP","floor":2.0},{"not_picked":["Outmaneuver","Bane","Accuracy"],"picked":"SKIP","floor":3.0},{"not_picked":["Acrobatics","Predator"],"picked":"Well Laid Plans","floor":4.0},{"not_picked":["PiercingWail","Flechettes"],"picked":"Adrenaline","floor":7.0},{"not_picked":["Slice","Crippling Poison"],"picked":"Calculated Gamble","floor":8.0},{"not_picked":["Dodge and Roll","Bane"],"picked":"Calculated Gamble","floor":11.0},{"not_picked":["Accuracy","Setup"],"picked":"Flying Knee","floor":12.0},{"not_picked":["Outmaneuver","Cloak And Dagger"],"picked":"Dagger Spray","floor":14.0},{"not_picked":["Night Terror","Die Die Die"],"picked":"Adrenaline","floor":16.0},{"not_picked":["Sucker Punch","Endless Agony+1","Blur"],"picked":"Quick Slash+1","floor":18.0},{"not_picked":["All Out Attack","Sucker Punch","Eviscerate+1"],"picked":"Crippling Poison+1","floor":20},{"not_picked":["Slice","Leg Sweep","Underhanded Strike"],"picked":"Prepared+1","floor":24},{"not_picked":["Blur","Tools of the Trade","Underhanded Strike","Outmaneuver+1"],"picked":"Singing Bowl","floor":25},{"not_picked":["Dagger Spray","Flying Knee","Deflect+1"],"picked":"Dash+1","floor":28},{"not_picked":["Dagger Spray+1","Escape Plan+1","Deflect+1"],"picked":"Backflip+1","floor":29},{"not_picked":["Dash+1","Doppelganger","Footwork"],"picked":"Corpse Explosion","floor":30},{"not_picked":["Night Terror","Malaise","Phantasmal Killer"],"picked":"After Image","floor":33},{"not_picked":["Cloak And Dagger","Riddle With Holes","Quick Slash+1"],"picked":"Footwork+1","floor":35},{"not_picked":["Sucker Punch","Dodge and Roll","Quick Slash+1","Blade Dance"],"picked":"Singing Bowl","floor":36},{"not_picked":["Blur+1","Poisoned Stab+1","All Out Attack+1","Underhanded Strike+1"],"picked":"Singing Bowl","floor":38},{"not_picked":["Sucker Punch","Dagger Throw","Flying Knee"],"picked":"Noxious Fumes+1","floor":41},{"not_picked":["Blade Dance+1","Skewer+1","PiercingWail"],"picked":"Adrenaline","floor":45},{"not_picked":["Outmaneuver","Dodge and Roll","Underhanded Strike+1"],"picked":"Bouncing Flask","floor":46},{"not_picked":["All Out Attack+1","Predator+1","PiercingWail+1","Bane+1"],"picked":"Singing Bowl","floor":47},{"not_picked":["Dodge and Roll+1","Flechettes+1","PiercingWail+1","Sucker Punch+1"],"picked":"Singing Bowl","floor":48}],"player_experience":540568,"relics_obtained":[{"floor":7.0,"key":"Eternal Feather"},{"floor":9.0,"key":"Omamori"},{"floor":11.0,"key":"Ancient Tea Set"},{"floor":17.0,"key":"Oddly Smooth Stone"},{"floor":17.0,"key":"Question Card"},{"floor":17.0,"key":"Girya"},{"floor":25,"key":"Singing Bowl"},{"floor":26,"key":"MealTicket"},{"floor":30,"key":"StrikeDummy"},{"floor":41,"key":"Happy Flower"},{"floor":43,"key":"Art of War"}],"event_choices":[{"damage_healed":0.0,"max_hp_gain":0.0,"max_hp_loss":0.0,"gold_gain":0.0,"event_name":"Dead Adventurer","player_choice":"Searched \u00271\u0027 times","floor":11.0,"gold_loss":0.0,"damage_taken":0.0},{"damage_healed":0,"gold_gain":0,"cards_transformed":["Strike_G","Defend_G"],"player_choice":"Became Test Subject","damage_taken":0,"max_hp_gain":0,"max_hp_loss":0,"event_name":"Drug Dealer","floor":21,"gold_loss":0,"cards_obtained":["Distraction","Malaise"]},{"cards_removed":["Strike_G"],"damage_healed":0,"gold_gain":0,"player_choice":"Elegance","damage_taken":0,"max_hp_gain":0,"max_hp_loss":0,"event_name":"Back to Basics","floor":22,"gold_loss":0},{"cards_removed":["Strike_G"],"damage_healed":0,"gold_gain":0,"player_choice":"Upgrade and Remove","damage_taken":0,"max_hp_gain":0,"max_hp_loss":0,"event_name":"Designer","floor":31,"gold_loss":90,"cards_upgraded":["Survivor"]},{"damage_healed":0,"gold_gain":0,"player_choice":"Ignored","damage_taken":0,"max_hp_gain":0,"max_hp_loss":0,"event_name":"Tomb of Lord Red Mask","floor":39,"gold_loss":0},{"cards_removed":["Strike_G"],"damage_healed":0,"gold_gain":0,"player_choice":"Purged","damage_taken":0,"max_hp_gain":0,"max_hp_loss":0,"event_name":"Purifier","floor":44,"gold_loss":0}],"is_beta":false,"boss_relics":[{"not_picked":["Sozu","SlaversCollar"],"picked":"Calling Bell"},{"not_picked":["Ring of the Serpent","WristBlade"],"picked":"Runic Pyramid"}],"items_purged_floors":[5,19],"is_endless":false,"potions_floor_spawned":[3,7,11,12,14,20,28,29,33,35,38,41],"ascension_level":0}}