{"host":"ft2xazkv7v30fddt","time":1610555925,"event":{"mods":["AchievementEnabler","Act Like it!","Aspiration","Astrologer","Bard","BaseMod","Better Altar","Better Match","Better Note","Better Sensory Stone","Better Skull","CapriCore","Chen","Colored Powertips","Downfall","Energized Spire","Gensokyo","GifTheSpireLib","Gremlin Mod","Hermit","Hubris","Infinite Spire","KinomotoSakuraMod(????)","Koishi","Marisa????????","Minty Spire (QoL Compilation)","Pale of the Ancients","Permanent Neow","Potionbrewer","Prisma Mod","Replay The Spire","StSLib","Stuff the Spire","The Blackbeard","The Bladedancer","The Construct","The Cursed","The Forsaken","The Gatherer","The Hayseed","The Immortal","The Runesmith","The Servant 0.9.4","The Showman","The Vixen","TheArtist","TheSwordswoman","Wandering Minibosses","thorton","vexMod"],"gold_per_floor":[215,230,230,46,62,62,62,73,122,122,152,171,171,171,171],"floor_reached":14,"language":"ENG","playtime":662,"items_purged":[],"score":114,"play_id":"87f33fc4-3090-4a02-809d-1877b7da827b","local_time":"20210114003845","is_ascension_mode":true,"campfire_choices":[{"data":"astrologer:TheLovers","floor":6,"key":"SMITH"},{"floor":10,"key":"REST"},{"data":"astrologer:CosmicExpanse","floor":13,"key":"SMITH"}],"circlet_count":0,"master_deck":["astrologer:Strike","astrologer:Strike","astrologer:Strike","astrologer:Strike","astrologer:Defend","astrologer:Defend","astrologer:Defend","astrologer:Defend","astrologer:NorthStar+1","astrologer:TheFool+1","astrologer:Radiance","astrologer:Judgement","Pain","expansioncontent:DashGenerateEvil+1","astrologer:TheLovers+1","astrologer:CosmicExpanse+1"],"relics":["astrologer:SkyMirror","Gensokyo:LunaticRedEyes","Oddly Smooth Stone","StuffTheSpire:TintedRock"],"acts_visited":["Gensokyo:Gensokyo"],"potions_floor_usage":[11],"damage_taken":[{"damage":0,"enemies":"Gensokyo:3_Fairies","floor":1,"turns":4},{"damage":0,"enemies":"Gensokyo:Gryphon","floor":2,"turns":3},{"damage":3,"enemies":"Gensokyo:2_Kodama","floor":5,"turns":3},{"damage":2,"enemies":"Gensokyo:LivingMonolith","floor":8,"turns":3},{"damage":13,"enemies":"Gensokyo:Aya","floor":11,"turns":4},{"damage":0,"enemies":"Gensokyo:Python_and_Kodama","floor":12,"turns":2},{"damage":37,"enemies":"Gensokyo:Cirno","floor":14,"turns":8}],"seed_played":"6048436460480156785","potions_obtained":[{"floor":1,"key":"hexamod:EctoCoolerPotion"},{"floor":2,"key":"Weak Potion"}],"is_trial":false,"path_per_floor":["M","M","?","$","M","R","?","M","T","R","E","M","R","E"],"character_chosen":"ASTROLOGER","items_purchased":["expansioncontent:DashGenerateEvil"],"campfire_rested":1,"item_purchase_floors":[4],"current_hp_per_floor":[63,63,63,63,68,68,28,26,26,47,34,34,34,0,0],"gold":171,"neow_bonus":"HUNDRED_GOLD","is_daily":false,"chose_seed":false,"campfire_upgraded":2,"win_rate":0.0,"timestamp":1610555925,"path_taken":["M","?","?","$","M","R","?","M","T","R","E","?","R","E"],"items_purchased_type":["Card"],"build_version":"2020-12-22","purchased_purges":0,"victory":false,"max_hp_per_floor":[70,70,70,70,70,70,70,70,70,70,70,70,70,70,70],"card_choices":[{"not_picked":["astrologer:SpaceDust","astrologer:Glimpse"],"picked":"astrologer:Radiance","floor":1},{"not_picked":["astrologer:SpaceDust","astrologer:StarOfRegret"],"picked":"astrologer:Judgement","floor":2},{"not_picked":["astrologer:Opposition","astrologer:Eclipse"],"picked":"astrologer:TheLovers","floor":5},{"not_picked":["astrologer:FrozenStar","astrologer:Conjunction"],"picked":"astrologer:CosmicExpanse","floor":8},{"not_picked":["astrologer:Moonlight","astrologer:Stardust","astrologer:Conjunction"],"picked":"SKIP","floor":11},{"not_picked":["astrologer:Moonlight","astrologer:Opposition","astrologer:MeteorShower"],"picked":"SKIP","floor":12}],"player_experience":1680141,"relics_obtained":[{"floor":9,"key":"Oddly Smooth Stone"},{"floor":11,"key":"StuffTheSpire:TintedRock"}],"event_choices":[{"damage_healed":0,"gold_gain":0,"player_choice":"UP UP UP ","damage_taken":46,"relics_obtained":[],"max_hp_gain":0,"max_hp_loss":0,"event_name":"betterSkull:BetterSkull","floor":7,"gold_loss":0,"cards_upgraded":["astrologer:NorthStar","astrologer:TheFool","expansioncontent:DashGenerateEvil"]}],"is_beta":false,"boss_relics":[],"items_purged_floors":[],"is_endless":false,"potions_floor_spawned":[1,2],"killed_by":"Gensokyo:Cirno","ascension_level":6}}