{"host":"mai03x2ekbjy4059","time":1610519621,"event":{"mods":["2.2 Compatiblity","BaseMod","DeckTracker","Highlight Path","Keyboard Shortcuts","Minty Spire (QoL Compilation)","Permanent Neow","Quick Restart","SuperFastMode","everything is the same but u backflip on backflip"],"gold_per_floor":[117,117,117,0,0,0,31,46,46,121,162,182,182,218,218,307,307,330,364,364,364,378,409,409,409,409],"floor_reached":25,"language":"KOR","playtime":850,"items_purged":[],"score":480,"play_id":"fa30b9a3-63f9-4bd6-878d-c8704d919ca7","local_time":"20210113153341","is_ascension_mode":true,"campfire_choices":[{"data":"Eruption","floor":6.0,"key":"SMITH"},{"floor":13.0,"key":"REST"},{"data":"MentalFortress","floor":15.0,"key":"SMITH"},{"floor":24.0,"key":"REST"}],"circlet_count":0,"master_deck":["AscendersBane","Eruption+1","Vigilance","FlurryOfBlows","Adaptation","FearNoEvil","MentalFortress+1","FlurryOfBlows","Sanctity","Meditate","JustLucky","FlurryOfBlows","FollowUp","Wish","FlurryOfBlows"],"relics":["PureWater","Turnip","Golden Idol","Tiny Chest","Art of War","StrikeDummy","Regal Pillow","Pandora\u0027s Box","Red Mask","Nunchaku","Ice Cream"],"acts_visited":["Exordium","TheCity"],"potions_floor_usage":[25],"damage_taken":[{"damage":0.0,"enemies":"Small Slimes","floor":1.0,"turns":2.0},{"damage":26.0,"enemies":"Lagavulin","floor":7.0,"turns":7.0},{"damage":7.0,"enemies":"2 Louse","floor":8.0,"turns":2.0},{"damage":0.0,"enemies":"3 Sentries","floor":11.0,"turns":7.0},{"damage":0.0,"enemies":"Jaw Worm","floor":12.0,"turns":2.0},{"damage":10.0,"enemies":"Lagavulin","floor":14.0,"turns":7.0},{"damage":7.0,"enemies":"Hexaghost","floor":16.0,"turns":9.0},{"damage":0.0,"enemies":"Spheric Guardian","floor":18.0,"turns":3.0},{"damage":0.0,"enemies":"Masked Bandits","floor":19.0,"turns":2.0},{"damage":2.0,"enemies":"Shell Parasite","floor":22.0,"turns":4.0},{"damage":26.0,"enemies":"Book of Stabbing","floor":23.0,"turns":4.0},{"damage":67,"enemies":"Slavers","floor":25,"turns":4}],"seed_played":"-9008148030706254485","potions_obtained":[{"floor":1.0,"key":"FearPotion"},{"floor":8.0,"key":"Weak Potion"},{"floor":14.0,"key":"SkillPotion"},{"floor":18.0,"key":"SkillPotion"},{"floor":23.0,"key":"Strength Potion"}],"is_trial":false,"path_per_floor":["M","?","?","$","T","R","E","M","T","?","E","M","R","E","R","B",null,"M","?","?","T","M","E","R","E"],"character_chosen":"WATCHER","items_purchased":["Adaptation","FearNoEvil"],"campfire_rested":2,"item_purchase_floors":[4,4],"current_hp_per_floor":[61,40,45,45,45,45,19,12,12,1,1,1,21,11,11,4,51,51,51,51,51,49,23,58,0,0],"gold":409,"neow_bonus":"ONE_RARE_RELIC","is_daily":false,"chose_seed":false,"campfire_upgraded":2,"win_rate":0.0,"timestamp":1610519621,"path_taken":["M","?","?","$","?","R","E","M","T","?","E","M","R","E","R","BOSS","M","?","?","?","M","E","R","E"],"items_purchased_type":["Card","Card"],"build_version":"2020-12-22","purchased_purges":0,"victory":false,"max_hp_per_floor":[62,62,67,67,67,67,67,67,67,67,67,67,67,67,67,67,67,67,67,67,67,67,67,67,67,67],"card_choices":[{"not_picked":["Vengeance","Consecrate"],"picked":"FlurryOfBlows","floor":1.0},{"not_picked":["PathToVictory","EmptyBody","ForeignInfluence"],"picked":"SKIP","floor":7.0},{"not_picked":["Meditate","BattleHymn","PathToVictory"],"picked":"SKIP","floor":8.0},{"not_picked":["ThirdEye","BowlingBash","Sanctity"],"picked":"SKIP","floor":11.0},{"not_picked":["Wallop","FlyingSleeves"],"picked":"MentalFortress","floor":12.0},{"not_picked":["FlyingSleeves","JustLucky","Brilliance"],"picked":"SKIP","floor":14.0},{"not_picked":["CutThroughFate","FlyingSleeves","ClearTheMind"],"picked":"SKIP","floor":18.0},{"not_picked":["FlurryOfBlows","Perseverance","DeceiveReality+1"],"picked":"SKIP","floor":22.0},{"not_picked":["Study","Vault","MentalFortress"],"picked":"SKIP","floor":23.0}],"player_experience":1076856,"relics_obtained":[{"floor":5.0,"key":"Tiny Chest"},{"floor":7.0,"key":"Art of War"},{"floor":11.0,"key":"StrikeDummy"},{"floor":14.0,"key":"Regal Pillow"},{"floor":19.0,"key":"Red Mask"},{"floor":21.0,"key":"Nunchaku"},{"floor":23.0,"key":"Ice Cream"}],"event_choices":[{"damage_healed":0.0,"max_hp_gain":0.0,"max_hp_loss":0.0,"gold_gain":0.0,"event_name":"Golden Idol","player_choice":"Take Damage","floor":2.0,"gold_loss":0.0,"damage_taken":21.0,"relics_obtained":["Golden Idol"]},{"damage_healed":0.0,"max_hp_gain":5.0,"max_hp_loss":0.0,"gold_gain":0.0,"event_name":"Big Fish","player_choice":"Donut","floor":3.0,"gold_loss":0.0,"damage_taken":0.0},{"damage_healed":0.0,"max_hp_gain":0.0,"max_hp_loss":0.0,"gold_gain":75.0,"event_name":"World of Goop","player_choice":"Gather Gold","floor":10.0,"gold_loss":0.0,"damage_taken":11.0},{"damage_healed":0.0,"max_hp_gain":0.0,"max_hp_loss":0.0,"gold_gain":0.0,"event_name":"Masked Bandits","player_choice":"Fought Bandits","floor":19.0,"gold_loss":0.0,"damage_taken":0.0},{"damage_healed":0.0,"max_hp_gain":0.0,"max_hp_loss":0.0,"gold_gain":0.0,"event_name":"N\u0027loth","player_choice":"Ignored","floor":20.0,"gold_loss":0.0,"damage_taken":0.0}],"is_beta":false,"boss_relics":[{"not_picked":["Coffee Dripper","Astrolabe"],"picked":"Pandora\u0027s Box"}],"items_purged_floors":[],"is_endless":false,"potions_floor_spawned":[1,8,14,18,23],"killed_by":"Slavers","ascension_level":15}}