{"host":"fq1bpa5mgr3rtgnr","time":1610526732,"event":{"mods":["AchievementEnabler","BaseMod","Colored Map","Colored Powertips","Highlight Path","Minty Spire (QoL Compilation)","Relic Stats","StSLib","The Animator"],"gold_per_floor":[362,362,395,16,91,134,171,196,196,211,224,224,240,254,254,374,374,390,433,447,492,508,543,643,686,709,750,750,769,783,153,153,284,284,297,29,29,45,66,66,114,172,172,195,195,216,254,27,27,27,27,27,27,552,602,657,730,580,90,90,90],"floor_reached":60,"language":"ENG","playtime":7929,"items_purged":["animator:Strike","animator:Strike","animator:Defend"],"score":874,"play_id":"c129829c-5b74-4929-8949-ad379e825422","local_time":"20210113033212","is_ascension_mode":false,"campfire_choices":[{"floor":15.0,"key":"REST"},{"data":"animator:Shuna","floor":28.0,"key":"SMITH"},{"floor":32.0,"key":"RECALL"},{"data":"animator:Nanami","floor":40.0,"key":"SMITH"},{"data":"animator:Kaijin","floor":53.0,"key":"SMITH"}],"circlet_count":0,"master_deck":["animator:Strike_OwariNoSeraph","animator:Defend_OwariNoSeraph","animator:Strike","animator:Defend+1","animator:Defend+1","animator:Shinoa","animator:Mikaela","animator:Emonzaemon","animator:KrulTepes+1","animator:Albedo+1","animator:Shigure+1","animator:Mitsuba","animator:Shuna","animator:Demiurge","animator:Nanami","animator:Yuuichirou+1","animator:Kaijin","animator:Saitama+1","animator:Sonic+1","animator:HiiragiShinya","animator:Azekura+1","animator:UneriGinkaku","animator:Konayuki+1","animator:Shinoa","animator:HiiragiShinya","animator:Konayuki+1","animator:Sebas","animator:Albedo+1","animator:Demiurge","animator:Genos+1","animator:Verdia+1","animator:Mitsuba+1","Parasite","animator:Verdia+1","animator:Demiurge+1","animator:Eris+1","animator:HigakiRinne+1"],"relics":["animator:TheWolleyCore","animator:AncientMedallion"],"acts_visited":["Exordium","TheCity","TheBeyond","TheEnding","EYB:TheUnnamedReign"],"potions_floor_usage":[60],"damage_taken":[{"damage":1.0,"enemies":"Jaw Worm","floor":1.0,"turns":6.0},{"damage":1.0,"enemies":"Small Slimes","floor":3.0,"turns":4.0},{"damage":21.0,"enemies":"Gremlin Nob","floor":6.0,"turns":6.0},{"damage":6.0,"enemies":"2 Louse","floor":7.0,"turns":2.0},{"damage":0.0,"enemies":"Looter","floor":8.0,"turns":3.0},{"damage":0.0,"enemies":"Gremlin Gang","floor":10.0,"turns":6.0},{"damage":0.0,"enemies":"Large Slime","floor":11.0,"turns":5.0},{"damage":0.0,"enemies":"Red Slaver","floor":13.0,"turns":3.0},{"damage":10.0,"enemies":"Exordium Thugs","floor":14.0,"turns":5.0},{"damage":5.0,"enemies":"The Guardian","floor":16.0,"turns":10.0},{"damage":2.0,"enemies":"Chosen","floor":18.0,"turns":7.0},{"damage":34.0,"enemies":"Masked Bandits","floor":19.0,"turns":7.0},{"damage":3.0,"enemies":"Spheric Guardian","floor":20.0,"turns":4.0},{"damage":0.0,"enemies":"Centurion and Healer","floor":21.0,"turns":11.0},{"damage":19.0,"enemies":"Snecko","floor":22.0,"turns":6.0},{"damage":34.0,"enemies":"Gremlin Leader","floor":23.0,"turns":8.0},{"damage":5.0,"enemies":"Slavers","floor":25.0,"turns":9.0},{"damage":20.0,"enemies":"Book of Stabbing","floor":27.0,"turns":6.0},{"damage":0.0,"enemies":"Cultist and Chosen","floor":29.0,"turns":6.0},{"damage":1.0,"enemies":"Centurion and Healer","floor":30.0,"turns":10.0},{"damage":3.0,"enemies":"Champ","floor":33.0,"turns":17.0},{"damage":20.0,"enemies":"3 Shapes","floor":35.0,"turns":8.0},{"damage":12.0,"enemies":"Orb Walker","floor":38.0,"turns":3.0},{"damage":7.0,"enemies":"Transient","floor":39.0,"turns":5.0},{"damage":66.0,"enemies":"Reptomancer","floor":41.0,"turns":11.0},{"damage":37.0,"enemies":"2 Orb Walkers","floor":42.0,"turns":6.0},{"damage":4.0,"enemies":"Writhing Mass","floor":44.0,"turns":9.0},{"damage":25.0,"enemies":"Jaw Worm Horde","floor":46.0,"turns":5.0},{"damage":12.0,"enemies":"Giant Head","floor":47.0,"turns":10.0},{"damage":2.0,"enemies":"animator:KrulTepes","floor":50.0,"turns":8.0},{"damage":29.0,"enemies":"Time Eater","floor":51.0,"turns":17.0},{"damage":48.0,"enemies":"animator:UNNAMED_HAT","floor":55.0,"turns":17.0},{"damage":36.0,"enemies":"animator:UNNAMED_CULTIST_1","floor":56.0,"turns":13.0},{"damage":46,"enemies":"animator:UNNAMED_CULTIST_2","floor":60,"turns":6}],"seed_played":"-3277570452418413684","potions_obtained":[{"floor":3.0,"key":"DuplicationPotion"},{"floor":7.0,"key":"Fruit Juice"},{"floor":10.0,"key":"Fruit Juice"},{"floor":13.0,"key":"Swift Potion"},{"floor":14.0,"key":"Explosive Potion"},{"floor":18.0,"key":"Fruit Juice"},{"floor":22.0,"key":"LiquidBronze"},{"floor":25.0,"key":"AttackPotion"},{"floor":29.0,"key":"LiquidMemories"},{"floor":30.0,"key":"EssenceOfSteel"},{"floor":33.0,"key":"Fruit Juice"},{"floor":35.0,"key":"DuplicationPotion"},{"floor":37.0,"key":"Energy Potion"},{"floor":37.0,"key":"CultistPotion"},{"floor":41.0,"key":"SneckoOil"},{"floor":44.0,"key":"SteroidPotion"},{"floor":47.0,"key":"BlessingOfTheForge"},{"floor":55.0,"key":"animator:FalseLifePotion"},{"floor":56.0,"key":"animator:FalseLifePotion"}],"is_trial":false,"path_per_floor":["M","?","M","$","?","E","M","M","T","M","M","?","M","M","R","B",null,"M","?","M","M","M","E","?","E","T","E","R","M","M","$","R","B",null,"M","$","?","M","M","R","E","?","T","M","?","M","E","$","R","M","B",null,"R","??","M","M","T","?","$","M"],"character_chosen":"THE_ANIMATOR","items_purchased":["animator:Albedo","Art of War","Pantograph","Chemical X","animator:Konayuki","animator:Sebas","DollysMirror","Whetstone","LiquidMemories","animator:AncientMedallion","animator:AncientMedallion"],"campfire_rested":1,"item_purchase_floors":[4,4,31,31,31,31,36,48,48,59,59],"current_hp_per_floor":[59,44,43,43,32,12,8,10,10,12,14,7,10,8,28,25,76,76,46,49,55,42,14,14,15,15,8,8,18,27,27,27,59,98,80,80,90,88,91,91,35,10,10,22,22,9,13,13,13,52,71,130,130,98,51,22,22,22,22,0,0],"gold":90,"neow_bonus":"TWO_FIFTY_GOLD","is_daily":false,"chose_seed":false,"campfire_upgraded":3,"win_rate":0.0,"timestamp":1610526732,"path_taken":["M","?","M","$","?","E","M","M","T","M","M","?","M","M","R","BOSS","M","?","M","M","M","E","?","E","T","E","R","?","M","$","R","BOSS","M","$","?","M","?","R","E","?","T","M","?","?","E","?","R","BOSS","R","??","M","M","T","?","$","M"],"items_purchased_type":["Card","Relic","Relic","Relic","Card","Card","Relic","Relic","Potion","Relic","Relic"],"build_version":"2020-12-22","purchased_purges":3,"victory":false,"max_hp_per_floor":[60,60,60,60,60,61,61,61,61,61,61,61,62,68,68,68,76,78,80,82,84,86,88,88,85,85,92,92,94,96,96,96,98,98,100,100,110,112,114,114,116,118,118,120,120,122,124,124,124,126,130,130,130,98,99,99,99,99,99,99,99],"relic_stats":{"counters":[34,259],"obtain_stats":[{"animator:TheMissingPiece":0,"Vajra":47,"CloakClasp":9,"Whetstone":48,"Blood Vial":6,"Centennial Puzzle":43,"animator:AncientMedallion":54,"DollysMirror":36,"Pantograph":31,"Red Mask":19,"Chemical X":31,"animator:VividPicture":34,"Potion Belt":12,"animator:TheWolleyCore":54,"Golden Idol":2,"PreservedInsect":23,"Orichalcum":27,"animator:HolyGrailRelic":17,"Bottled Flame":25,"animator:ExquisiteBloodVial":47,"Bird Faced Urn":42,"animator:LivingPicture":0,"Art of War":4,"Bag of Marbles":6,"animator:OldCoffin":41},{"animator:TheMissingPiece":0,"Vajra":29,"CloakClasp":5,"Whetstone":29,"Blood Vial":3,"Centennial Puzzle":26,"animator:AncientMedallion":31,"DollysMirror":22,"Pantograph":20,"Red Mask":12,"Chemical X":20,"animator:VividPicture":21,"Potion Belt":7,"animator:TheWolleyCore":31,"Golden Idol":1,"PreservedInsect":16,"Orichalcum":18,"animator:HolyGrailRelic":10,"Bottled Flame":17,"animator:ExquisiteBloodVial":29,"Bird Faced Urn":26,"animator:LivingPicture":0,"Art of War":2,"Bag of Marbles":3,"animator:OldCoffin":25},{"animator:TheMissingPiece":0,"Vajra":198,"CloakClasp":21,"Whetstone":198,"Blood Vial":16,"Centennial Puzzle":174,"animator:AncientMedallion":223,"DollysMirror":149,"Pantograph":124,"Red Mask":64,"Chemical X":124,"animator:VividPicture":141,"Potion Belt":32,"animator:TheWolleyCore":223,"Golden Idol":6,"PreservedInsect":93,"Orichalcum":108,"animator:HolyGrailRelic":50,"Bottled Flame":102,"animator:ExquisiteBloodVial":198,"Bird Faced Urn":174,"animator:LivingPicture":0,"Art of War":10,"Bag of Marbles":16,"animator:OldCoffin":168}]},"card_choices":[{"not_picked":["animator:MaesHughes","animator:Shinoa"],"picked":"animator:Emonzaemon","floor":1.0},{"not_picked":["animator:Hitei","animator:Mitsurugi"],"picked":"animator:KrulTepes","floor":3.0},{"not_picked":["animator:MumenRider","animator:Megumin"],"picked":"animator:Shigure","floor":6.0},{"not_picked":["animator:Shinoa","animator:Mikaela"],"picked":"animator:Mitsuba","floor":7.0},{"not_picked":["animator:Hakurou","animator:Emonzaemon"],"picked":"animator:Shuna","floor":8.0},{"not_picked":["animator:MaesHughes","animator:PandorasActor"],"picked":"animator:Demiurge","floor":10.0},{"not_picked":["animator:MaesHughes","animator:ZankiKiguchi"],"picked":"animator:Nanami","floor":11.0},{"not_picked":["animator:Yoichi","animator:Shinoa"],"picked":"animator:Yuuichirou","floor":13.0},{"not_picked":["animator:UneriGinkaku","animator:Kazuma"],"picked":"animator:Kaijin","floor":14.0},{"not_picked":["animator:Guren","animator:Envy"],"picked":"animator:Saitama","floor":16.0},{"not_picked":["animator:Millim","animator:ElricAlphonse","animator:Pride"],"picked":"SKIP","floor":18.0},{"not_picked":["animator:Shalltear","animator:Chris"],"picked":"animator:Sonic+1","floor":19.0},{"not_picked":["animator:Vanir","animator:NarberalGamma"],"picked":"animator:MumenRider","floor":20.0},{"not_picked":["animator:CrowleyEusford","animator:Mitsuba"],"picked":"animator:HiiragiShinya","floor":21.0},{"not_picked":["animator:SilverFang","animator:Shalltear"],"picked":"animator:Azekura+1","floor":22.0},{"not_picked":["animator:Demiurge","animator:Sloth"],"picked":"animator:UneriGinkaku","floor":23.0},{"not_picked":["animator:Tatsumaki+1","animator:Gluttony"],"picked":"animator:Konayuki","floor":25.0},{"not_picked":["animator:Mitsuba","animator:KrulTepes"],"picked":"animator:Shinoa","floor":27.0},{"not_picked":["animator:NarberalGamma+1","animator:Azekura+1","animator:Pride+1"],"picked":"SKIP","floor":29.0},{"not_picked":["animator:Scar","animator:PandorasActor"],"picked":"animator:HiiragiShinya","floor":30.0},{"not_picked":["animator:Hans","animator:Father"],"picked":"animator:Albedo","floor":33.0},{"not_picked":["animator:Millim","animator:RoyMustang+1","animator:Sebas"],"picked":"SKIP","floor":35.0},{"not_picked":["animator:SilverFang","animator:Tatsumaki"],"picked":"animator:Genos","floor":38.0},{"not_picked":["animator:Hans","animator:ZankiKiguchi","animator:SilverFang"],"picked":"SKIP","floor":39.0},{"not_picked":["animator:Hakurou","animator:MaesHughes"],"picked":"animator:Verdia","floor":41.0},{"not_picked":["animator:Sebas+1","animator:Entoma"],"picked":"animator:Mitsuba","floor":42.0},{"not_picked":["animator:Greed","animator:Benimaru"],"picked":"animator:Verdia+1","floor":44.0},{"not_picked":["animator:Cocytus","animator:NarberalGamma"],"picked":"animator:Demiurge","floor":46.0},{"not_picked":["animator:Cocytus+1","animator:CrowleyEusford+1","animator:ZankiKiguchi"],"picked":"SKIP","floor":47.0},{"not_picked":["animator:Demiurge","animator:Chris"],"picked":"animator:Eris","floor":55.0},{"not_picked":["animator:Hitei","animator:Darkness","animator:SilverFang"],"picked":"SKIP","floor":56.0},{"not_picked":["animator:Biyorigo+1","animator:FeridBathory+1"],"picked":"animator:HigakiRinne+1","floor":58.0}],"player_experience":398292,"relics_obtained":[{"floor":6.0,"key":"Blood Vial"},{"floor":6.0,"key":"Bag of Marbles"},{"floor":9.0,"key":"CloakClasp"},{"floor":16.0,"key":"Blood Vial"},{"floor":19.0,"key":"Red Mask"},{"floor":23.0,"key":"Blood Vial"},{"floor":23.0,"key":"PreservedInsect"},{"floor":25.0,"key":"Bottled Flame"},{"floor":27.0,"key":"Blood Vial"},{"floor":27.0,"key":"Orichalcum"},{"floor":41.0,"key":"Blood Vial"},{"floor":41.0,"key":"animator:OldCoffin"},{"floor":42.0,"key":"Bird Faced Urn"},{"floor":43.0,"key":"Centennial Puzzle"},{"floor":47.0,"key":"animator:ExquisiteBloodVial"},{"floor":47.0,"key":"Vajra"},{"floor":54.0,"key":"animator:TheWolleyCore"},{"floor":54.0,"key":"animator:AncientMedallion"},{"floor":57.0,"key":"animator:AncientMedallion"}],"event_choices":[{"damage_healed":0.0,"max_hp_gain":0.0,"max_hp_loss":0.0,"gold_gain":0.0,"event_name":"Golden Idol","player_choice":"Take Damage","floor":2.0,"gold_loss":0.0,"damage_taken":15.0,"relics_obtained":["Golden Idol"]},{"damage_healed":0.0,"max_hp_gain":0.0,"max_hp_loss":0.0,"gold_gain":75.0,"event_name":"World of Goop","player_choice":"Gather Gold","floor":5.0,"gold_loss":0.0,"damage_taken":11.0},{"damage_healed":0.0,"max_hp_gain":0.0,"max_hp_loss":0.0,"gold_gain":0.0,"event_name":"Scrap Ooze","player_choice":"Success","floor":12.0,"gold_loss":0.0,"damage_taken":7.0,"relics_obtained":["Potion Belt"]},{"damage_healed":0.0,"max_hp_gain":0.0,"max_hp_loss":0.0,"gold_gain":0.0,"event_name":"Masked Bandits","player_choice":"Fought Bandits","floor":19.0,"gold_loss":0.0,"damage_taken":0.0},{"damage_healed":0.0,"max_hp_gain":0.0,"max_hp_loss":0.0,"gold_gain":100.0,"event_name":"Golden Shrine","player_choice":"Pray","floor":24.0,"gold_loss":0.0,"damage_taken":0.0},{"damage_healed":0.0,"max_hp_gain":0.0,"max_hp_loss":0.0,"gold_gain":0.0,"event_name":"Lab","player_choice":"Got Potions","floor":37.0,"gold_loss":0.0,"damage_taken":0.0},{"damage_healed":0.0,"max_hp_gain":0.0,"max_hp_loss":0.0,"gold_gain":0.0,"event_name":"Mysterious Sphere","player_choice":"Fight","floor":42.0,"gold_loss":0.0,"damage_taken":0.0},{"cards_removed":["animator:MumenRider"],"damage_healed":0.0,"max_hp_gain":0.0,"max_hp_loss":0.0,"gold_gain":0.0,"event_name":"Falling","player_choice":"Removed Attack","floor":45.0,"gold_loss":0.0,"damage_taken":0.0}],"is_beta":false,"boss_relics":[{"not_picked":["Empty Cage","Sozu"],"picked":"animator:HolyGrailRelic"},{"not_picked":["Velvet Choker","SacredBark"],"picked":"animator:VividPicture"}],"items_purged_floors":[4,31,36],"is_endless":false,"potions_floor_spawned":[3,7,10,13,14,18,22,25,29,30,33,35,41,44,47],"killed_by":"animator:UNNAMED_CULTIST_2","ascension_level":0}}