{"host":"utcbn1j9ebmpc40m","time":1610560891,"event":{"mods":["BaseMod","Better Match","Minty Spire (QoL Compilation)","Poor People Problems","StSLib","SuperFastMode","The IronCluck"],"gold_per_floor":[112,112,3,3,3,43,43,43,43,43,59,84,84,98,98,98,98],"floor_reached":16,"language":"ENG","playtime":209,"items_purged":["Regret"],"score":172,"play_id":"5b458948-728b-43c0-a6f2-caf3c4ebd8e8","local_time":"20210113130131","is_ascension_mode":true,"campfire_choices":[{"data":"Cleave","floor":7,"key":"SMITH"},{"data":"Feel No Pain","floor":13,"key":"SMITH"},{"data":"Fire Breathing","floor":15,"key":"SMITH"}],"circlet_count":0,"master_deck":["Strike_R","Strike_R","Strike_R","Strike_R","Strike_R","Defend_R","Defend_R","Defend_R","Defend_R","Bash","Heavy Blade","Fire Breathing","Injury","Cleave+1","Flex","Feel No Pain+1","Fire Breathing+1"],"relics":["Burning Blood","NeowsBlessing","Ginger","Golden Idol","Paper Frog","Matryoshka","Mummified Hand"],"acts_visited":["Exordium"],"potions_floor_usage":[],"damage_taken":[{"damage":0,"enemies":"Small Slimes","floor":1,"turns":1},{"damage":0,"enemies":"3 Sentries","floor":6,"turns":2},{"damage":0,"enemies":"Jaw Worm","floor":11,"turns":1},{"damage":0,"enemies":"Cultist","floor":12,"turns":2},{"damage":6,"enemies":"3 Louse","floor":14,"turns":3},{"damage":84,"enemies":"The Guardian","floor":16,"turns":13}],"seed_played":"-8848206487652268196","potions_obtained":[{"floor":1,"key":"Block Potion"}],"is_trial":false,"path_per_floor":["M","?","$","?","$","E","R","$","T","?","M","M","R","M","R","B"],"character_chosen":"IRONCLAD","items_purchased":["Fire Breathing"],"campfire_rested":0,"item_purchase_floors":[3],"current_hp_per_floor":[78,78,78,78,78,80,80,80,80,80,80,80,80,80,80,0,0],"gold":98,"neow_bonus":"THREE_ENEMY_KILL","is_daily":false,"chose_seed":false,"campfire_upgraded":3,"win_rate":0.0,"timestamp":1610560891,"path_taken":["M","?","$","?","$","E","R","?","T","?","M","?","R","M","R","BOSS"],"items_purchased_type":["Card"],"build_version":"2020-12-22","purchased_purges":1,"victory":false,"max_hp_per_floor":[80,80,80,80,80,80,80,80,80,80,80,80,80,80,80,80,80],"card_choices":[{"not_picked":["Combust","Headbutt"],"picked":"Heavy Blade","floor":1},{"not_picked":["Entrench","Thunderclap"],"picked":"Cleave","floor":6},{"not_picked":["Twin Strike","Intimidate"],"picked":"Flex","floor":11},{"not_picked":["Iron Wave","Searing Blow"],"picked":"Feel No Pain","floor":12},{"not_picked":["Metallicize","Anger"],"picked":"Fire Breathing","floor":14}],"player_experience":466767,"relics_obtained":[{"floor":6,"key":"Paper Frog"},{"floor":9,"key":"Matryoshka"}],"event_choices":[{"damage_healed":0,"gold_gain":0,"player_choice":"Box","damage_taken":0,"relics_obtained":["Ginger"],"max_hp_gain":0,"max_hp_loss":0,"event_name":"Big Fish","floor":2,"gold_loss":0,"cards_obtained":["Regret"]},{"damage_healed":0,"gold_gain":0,"player_choice":"Take Wound","damage_taken":0,"relics_obtained":["Golden Idol"],"max_hp_gain":0,"max_hp_loss":0,"event_name":"Golden Idol","floor":4,"gold_loss":0,"cards_obtained":["Injury"]},{"damage_healed":0,"gold_gain":0,"player_choice":"Gave Potion","damage_taken":0,"relics_obtained":["Mummified Hand"],"max_hp_gain":0,"max_hp_loss":0,"event_name":"WeMeetAgain","floor":10,"gold_loss":0}],"is_beta":false,"boss_relics":[],"items_purged_floors":[3],"is_endless":false,"potions_floor_spawned":[1],"killed_by":"The Guardian","ascension_level":8}}