{"host":"95i1gxnztdrdyvhi","time":1610534821,"event":{"mods":["100% Spire Juice","AchievementEnabler","Act Like it!","BaseMod","Minty Spire (QoL Compilation)","Quick Restart","StSLib"],"gold_per_floor":[112,124,299,299,317,317,349,361,361,373,5,5,5,19,19,114,114,134,34,34,53,67,102,102,7,34,62,62,81,81,93,93,197,197,211,222,222,222,222],"floor_reached":38,"language":"ENG","playtime":2214,"items_purged":["Doubt","Moonworks:Strike"],"score":436,"play_id":"1f13275b-3321-4811-bcd3-f5c7b234a8c3","local_time":"20210113104701","is_ascension_mode":false,"campfire_choices":[{"data":"Moonworks:Ambush","floor":6,"key":"SMITH"},{"data":"Moonworks:UnpaidWork","floor":12,"key":"SMITH"},{"data":"Moonworks:RocketCannon","floor":15,"key":"SMITH"},{"data":"Moonworks:AccelHyper","floor":28,"key":"SMITH"},{"data":"Moonworks:Accelerator","floor":30,"key":"SMITH"},{"data":"Moonworks:IntelligenceOfficer","floor":32,"key":"SMITH"}],"circlet_count":0,"master_deck":["Moonworks:Defend","Moonworks:Defend","Moonworks:Defend","Moonworks:Defend","Moonworks:Ambush+1","Moonworks:LongDistanceShot","Moonworks:MiracleRedBeanIceCream","Moonworks:UnpaidWork+1","Moonworks:Poppoformation","Moonworks:AngelHand","Moonworks:RocketCannon+1","Moonworks:StarBlastingFuse","Moonworks:AccelHyper+1","Moonworks:IntelligenceOfficer+1","Moonworks:Accelerator+1","Moonworks:MetallicMonocoque"],"relics":["Moonworks:BrokenBomb","Moonworks:Homemark","StoneCalendar","Oddly Smooth Stone","Boot","Blood Vial","Meat on the Bone","SlaversCollar","Shuriken","Eternal Feather","The Courier","Sozu"],"acts_visited":["Exordium","TheCity","TheBeyond"],"potions_floor_usage":[7,23,23,38],"damage_taken":[{"damage":7,"enemies":"Jaw Worm","floor":1,"turns":5},{"damage":3,"enemies":"Small Slimes","floor":2,"turns":3},{"damage":0,"enemies":"Cultist","floor":5,"turns":4},{"damage":4,"enemies":"3 Sentries","floor":7,"turns":7},{"damage":1,"enemies":"Lots of Slimes","floor":8,"turns":4},{"damage":0,"enemies":"Blue Slaver","floor":10,"turns":5},{"damage":1,"enemies":"Exordium Thugs","floor":14,"turns":4},{"damage":32,"enemies":"Hexaghost","floor":16,"turns":7},{"damage":8,"enemies":"3 Byrds","floor":18,"turns":6},{"damage":0,"enemies":"Spheric Guardian","floor":21,"turns":2},{"damage":7,"enemies":"Shelled Parasite and Fungi","floor":22,"turns":7},{"damage":15,"enemies":"Slavers","floor":23,"turns":4},{"damage":39,"enemies":"Gremlin Leader","floor":25,"turns":5},{"damage":5,"enemies":"Book of Stabbing","floor":27,"turns":4},{"damage":2,"enemies":"Snake Plant","floor":29,"turns":4},{"damage":13,"enemies":"Sentry and Sphere","floor":31,"turns":4},{"damage":27,"enemies":"Champ","floor":33,"turns":7},{"damage":17,"enemies":"Orb Walker","floor":35,"turns":6},{"damage":18,"enemies":"3 Darklings","floor":36,"turns":4},{"damage":30,"enemies":"2 Orb Walkers","floor":38,"turns":3}],"seed_played":"-8236491036106408579","potions_obtained":[{"floor":1,"key":"Block Potion"},{"floor":8,"key":"FearPotion"},{"floor":10,"key":"LiquidMemories"},{"floor":14,"key":"SmokeBomb"},{"floor":16,"key":"Dexterity Potion"},{"floor":22,"key":"LiquidMemories"},{"floor":25,"key":"Weak Potion"},{"floor":27,"key":"Dexterity Potion"}],"is_trial":false,"path_per_floor":["M","M","?","?","M","R","E","M","T","M","$","R","?","M","R","B",null,"M","$","?","M","M","E","?","E","T","E","R","M","R","M","R","B",null,"M","M","?","?"],"character_chosen":"THE_STARBREAKER","items_purchased":["Moonworks:RocketCannon","Blood Vial"],"campfire_rested":0,"item_purchase_floors":[11,11],"current_hp_per_floor":[35,37,37,37,42,42,43,47,47,52,52,52,52,58,58,33,60,56,56,56,60,57,49,49,29,29,38,47,52,60,52,60,38,60,44,33,33,5,5],"gold":222,"neow_bonus":"ONE_RARE_RELIC","is_daily":false,"chose_seed":false,"campfire_upgraded":6,"win_rate":0.0,"timestamp":1610534821,"path_taken":["M","M","?","?","?","R","E","M","T","M","?","R","?","?","R","BOSS","M","$","?","?","M","E","?","E","T","E","R","M","R","?","R","BOSS","M","M","?","?"],"items_purchased_type":["Card","Relic"],"build_version":"2020-12-22","purchased_purges":2,"victory":false,"max_hp_per_floor":[60,60,60,60,60,60,60,60,60,60,60,60,60,60,60,60,60,60,60,60,60,60,60,60,60,60,60,60,60,60,60,60,60,60,60,60,57,57,57],"card_choices":[{"not_picked":["Moonworks:NicePresent","Moonworks:LulusLuckyEgg"],"picked":"Moonworks:MiracleRedBeanIceCream","floor":1},{"not_picked":["Moonworks:SakisCookie","Moonworks:CloudOfSeagulls","Moonworks:NicePresent"],"picked":"SKIP","floor":2},{"not_picked":["Moonworks:EvilSpyWorkPreparation","Moonworks:RedAndBlue"],"picked":"Moonworks:Poppoformation","floor":5},{"not_picked":["Moonworks:ImmovableObject","Moonworks:LulusLuckyEgg"],"picked":"Moonworks:AngelHand","floor":7},{"not_picked":["Moonworks:BigMagnum","Moonworks:CloudOfSeagulls","Moonworks:Assault"],"picked":"SKIP","floor":8},{"not_picked":["Moonworks:FinalSurgery","Moonworks:JonathanRush","Moonworks:Heat300Percent"],"picked":"SKIP","floor":10},{"not_picked":["Moonworks:DeployBits","Moonworks:ReproductionOfRecords"],"picked":"Moonworks:StarBlastingFuse","floor":14},{"not_picked":["Moonworks:WeAreWaruda","Moonworks:LeapThroughSpace"],"picked":"Moonworks:AccelHyper","floor":16},{"not_picked":["Moonworks:ImOnFire","Moonworks:SweetBattle+1","Moonworks:EvilSpyWorkPreparation"],"picked":"SKIP","floor":18},{"not_picked":["Moonworks:EvilSpyWorkPreparation","Moonworks:IntelligenceOfficer","Moonworks:BigMagnum+1"],"picked":"SKIP","floor":21},{"not_picked":["Moonworks:ImOnFire","Moonworks:NicePresent","Moonworks:CookingTime"],"picked":"SKIP","floor":22},{"not_picked":["Moonworks:NicePresent+1","Moonworks:ExtendedPhotonRifle+1","Moonworks:ReproductionOfRecords+1"],"picked":"SKIP","floor":23},{"not_picked":["Moonworks:SinkOrSwim","Moonworks:LulusLuckyEgg+1"],"picked":"Moonworks:IntelligenceOfficer","floor":25},{"not_picked":["Moonworks:IndiscriminateFireSupport","Moonworks:FinalSurgery"],"picked":"Moonworks:Accelerator","floor":27},{"not_picked":["Moonworks:JonathanRush","Moonworks:BeyondHell","Moonworks:ImOnFire"],"picked":"SKIP","floor":29},{"not_picked":["Moonworks:SakisCookie","Moonworks:x16BigRocket","Moonworks:EvilSpyWorkPreparation"],"picked":"SKIP","floor":31},{"not_picked":["Moonworks:Wanted","Moonworks:OutOfAmmo"],"picked":"Moonworks:MetallicMonocoque","floor":33},{"not_picked":["Moonworks:Flamethrower","Moonworks:Assault+1","Moonworks:SakisCookie"],"picked":"SKIP","floor":35},{"not_picked":["Moonworks:NicePresent+1","Moonworks:RagingMadness","Moonworks:Assault"],"picked":"SKIP","floor":36}],"player_experience":643106,"relics_obtained":[{"floor":7,"key":"Oddly Smooth Stone"},{"floor":9,"key":"Boot"},{"floor":23,"key":"Shuriken"},{"floor":25,"key":"Eternal Feather"},{"floor":27,"key":"The Courier"}],"event_choices":[{"damage_healed":0,"gold_gain":175,"player_choice":"AGREE","damage_taken":0,"max_hp_gain":0,"max_hp_loss":0,"event_name":"Liars Game","floor":3,"gold_loss":0,"cards_obtained":["Doubt"]},{"damage_healed":0,"gold_gain":0,"cards_transformed":["Moonworks:Strike"],"player_choice":"Transformed","damage_taken":0,"max_hp_gain":0,"max_hp_loss":0,"event_name":"Transmorgrifier","floor":4,"gold_loss":0,"cards_obtained":["Moonworks:UnpaidWork"]},{"damage_healed":0,"gold_gain":0,"player_choice":"Gave Potion","damage_taken":0,"relics_obtained":["Meat on the Bone"],"max_hp_gain":0,"max_hp_loss":0,"event_name":"WeMeetAgain","floor":13,"gold_loss":0},{"cards_removed":["Moonworks:Strike"],"damage_healed":0,"gold_gain":0,"player_choice":"Offered Basic","damage_taken":0,"max_hp_gain":0,"max_hp_loss":0,"event_name":"Bonfire Elementals","floor":20,"gold_loss":0},{"cards_removed":["Moonworks:Strike"],"damage_healed":0,"gold_gain":0,"player_choice":"Purged","damage_taken":0,"max_hp_gain":0,"max_hp_loss":0,"event_name":"Purifier","floor":24,"gold_loss":0},{"damage_healed":0,"gold_gain":0,"player_choice":"Max HP","damage_taken":0,"max_hp_gain":0,"max_hp_loss":3,"event_name":"Winding Halls","floor":37,"gold_loss":0},{"damage_healed":0,"gold_gain":0,"player_choice":"Fight","damage_taken":0,"max_hp_gain":0,"max_hp_loss":0,"event_name":"Mysterious Sphere","floor":38,"gold_loss":0}],"is_beta":false,"boss_relics":[{"not_picked":["Coffee Dripper","Runic Dome"],"picked":"SlaversCollar"},{"not_picked":["Astrolabe","Calling Bell"],"picked":"Sozu"}],"items_purged_floors":[11,19],"is_endless":false,"potions_floor_spawned":[1,8,10,14,16,22,25,27,31],"killed_by":"2 Orb Walkers","ascension_level":0}}