{"host":"6hzrz31j95f2y1pa","time":1610512239,"event":{"mods":["BaseMod","Colored Map","Duelist Mod","Marisa????????","Minty Spire (QoL Compilation)","StSLib","The Necromancer","The Senshi"],"gold_per_floor":[143,160,160,178,188,223,236,246,300,300,320,349,362,374,374,471,471,481,120,120,134,150,176,176,189,189,199,0,35,35,35,35,132,132,148,148,160,173,219,253,269,297,297,126,126,126,144,160,160,160,160,160,110,144,144],"floor_reached":56,"language":"ENG","playtime":5988,"items_purged":["theDuelist:CastleWalls","theDuelist:Sparks","theDuelist:BeaverWarrior"],"score":1465,"play_id":"d10519fe-95ac-4efe-bc06-e54f486f2eb3","local_time":"20210112233039","is_ascension_mode":false,"campfire_choices":[{"data":"theDuelist:RainbowNeos","floor":10,"key":"SMITH"},{"data":"theDuelist:ScrapFactory","floor":15,"key":"SMITH"},{"data":"theDuelist:LegendarySword+1","floor":24,"key":"SMITH"},{"data":"theDuelist:LegendarySword+2","floor":30,"key":"SMITH"},{"floor":32,"key":"RECALL"},{"data":"1","floor":46,"key":"LIFT"},{"data":"2","floor":49,"key":"LIFT"},{"data":"3","floor":52,"key":"LIFT"}],"circlet_count":0,"master_deck":["theDuelist:Reinforcements+1","theDuelist:DarkSparks+1","theDuelist:HaneHane+1","theDuelist:CastleWalls+1","theDuelist:KamionTimelord+1","CurseOfTheBell","theDuelist:RainbowNeos+1","theDuelist:GridRod+1","theDuelist:KamionTimelord","theDuelist:FinalFlame+1","theDuelist:GiantSoldier+1","theDuelist:ScrapFactory+1","theDuelist:BeaverWarrior","theDuelist:CombinationAttack+2","theDuelist:Tuningware+1","theDuelist:LegendarySword+3","theDuelist:CoreBlaster+2","theDuelist:FrontierWiseman+1","theDuelist:MirrorForce+1","theDuelist:BigKoala","theDuelist:GiantSoldier","theDuelist:GravityAxe+1","theDuelist:PowerWall","theDuelist:HappyLover+1"],"relics":["theDuelist:MillenniumPuzzle","theDuelist:CardPoolRelic","theDuelist:CardPoolBasicRelic","theDuelist:BoosterPackPoolRelic","theDuelist:CardPoolAddRelic","theDuelist:CardPoolMinusRelic","theDuelist:CardPoolSaveRelic","theDuelist:CardPoolOptionsRelic","Singing Bowl","Smiling Mask","Cables","Calling Bell","Snake Skull","Magic Flower","theDuelist:MerchantNecklace","Happy Flower","Bronze Scales","Paper Crane","Bronze Scales","Orichalcum","Sozu","Girya","Torii","Tough Bandages","theDuelist:MillenniumPrayerbook","theDuelist:DuelistOrichalcum","Eternal Feather","Lee\u0027s Waffle","theDuelist:ZoneToken"],"acts_visited":["Exordium","TheCity","TheBeyond","TheEnding"],"potions_floor_usage":[16,18,27,29,33,39,55],"damage_taken":[{"damage":0,"enemies":"Cultist","floor":1,"turns":3},{"damage":0,"enemies":"Small Slimes","floor":2,"turns":6},{"damage":0,"enemies":"Jaw Worm","floor":4,"turns":5},{"damage":0,"enemies":"Looter","floor":5,"turns":2},{"damage":14,"enemies":"Gremlin Nob","floor":6,"turns":4},{"damage":0,"enemies":"Blue Slaver","floor":7,"turns":4},{"damage":0,"enemies":"Exordium Wildlife","floor":8,"turns":5},{"damage":0,"enemies":"3 Louse","floor":11,"turns":5},{"damage":0,"enemies":"3 Sentries","floor":12,"turns":4},{"damage":0,"enemies":"Red Slaver","floor":13,"turns":3},{"damage":0,"enemies":"Gremlin Gang","floor":14,"turns":4},{"damage":13,"enemies":"Hexaghost","floor":16,"turns":11},{"damage":19,"enemies":"2 Thieves","floor":18,"turns":4},{"damage":3,"enemies":"Shell Parasite","floor":21,"turns":5},{"damage":13,"enemies":"Centurion and Healer","floor":22,"turns":5},{"damage":0,"enemies":"theDuelist:KaibaA2","floor":23,"turns":4},{"damage":0,"enemies":"Snecko","floor":25,"turns":4},{"damage":0,"enemies":"Sentry and Sphere","floor":27,"turns":5},{"damage":3,"enemies":"Gremlin Leader","floor":29,"turns":6},{"damage":0,"enemies":"Collector","floor":33,"turns":6},{"damage":0,"enemies":"Orb Walker","floor":35,"turns":4},{"damage":17,"enemies":"3 Shapes","floor":37,"turns":4},{"damage":0,"enemies":"Spire Growth","floor":38,"turns":5},{"damage":2,"enemies":"Spire Growth","floor":39,"turns":8},{"damage":10,"enemies":"Reptomancer","floor":40,"turns":4},{"damage":19,"enemies":"Transient","floor":41,"turns":5},{"damage":0,"enemies":"Giant Head","floor":42,"turns":5},{"damage":12,"enemies":"4 Shapes","floor":47,"turns":3},{"damage":1,"enemies":"Jaw Worm Horde","floor":48,"turns":2},{"damage":0,"enemies":"Donu and Deca","floor":50,"turns":4},{"damage":36,"enemies":"Shield and Spear","floor":54,"turns":4},{"damage":72,"enemies":"The Heart","floor":55,"turns":9}],"seed_played":"4631345779278946399","potions_obtained":[{"floor":2,"key":"Fire Potion"},{"floor":5,"key":"theDuelist:FlamingBottle"},{"floor":7,"key":"SteroidPotion"},{"floor":11,"key":"theDuelist:SealedPack"},{"floor":21,"key":"SkillPotion"},{"floor":25,"key":"theDuelist:ExtraOrbsBottle"},{"floor":27,"key":"PowerPotion"},{"floor":29,"key":"theDuelist:TokenPotion"}],"is_trial":false,"path_per_floor":["M","M","?","M","M","E","M","M","T","R","M","E","M","M","R","B",null,"M","$","?","M","M","E","R","M","T","M","?","E","R","$","R","B",null,"M","?","M","M","?","E","M","E","T","$","?","R","M","M","R","B",null,"R","$","E","B",null],"character_chosen":"THE_DUELIST","items_purchased":["Happy Flower","Bronze Scales","Lee\u0027s Waffle"],"campfire_rested":0,"item_purchase_floors":[19,19,44],"current_hp_per_floor":[80,80,85,85,85,73,75,75,75,75,77,77,77,79,79,66,93,74,74,74,73,60,62,62,64,64,66,66,65,65,65,65,67,105,105,105,88,88,88,78,61,63,63,118,118,118,108,109,122,122,122,122,122,88,16],"gold":144,"neow_bonus":"THREE_CARDS","is_daily":false,"chose_seed":false,"campfire_upgraded":4,"win_rate":0.0,"timestamp":1610512239,"path_taken":["M","?","?","M","M","E","M","M","T","R","M","E","M","M","R","BOSS","M","$","?","?","M","E","R","M","T","M","?","E","R","$","R","BOSS","M","?","M","M","?","E","M","E","T","$","?","R","?","M","R","BOSS","R","$","E","BOSS"],"items_purchased_type":["Relic","Relic","Relic"],"build_version":"2020-12-22","purchased_purges":3,"victory":true,"max_hp_per_floor":[80,80,85,85,85,87,89,89,89,89,91,91,91,93,93,93,93,93,93,93,95,95,97,97,99,99,101,101,103,103,103,103,105,105,105,105,105,105,107,107,109,111,111,118,118,118,120,122,122,122,122,122,122,124,124],"card_choices":[{"not_picked":["theDuelist:Hinotama","theDuelist:ScrapFactory"],"picked":"theDuelist:CoreBlaster","floor":0},{"not_picked":["theDuelist:KamionTimelord","theDuelist:HappyLover","theDuelist:Eva","theDuelist:RainbowOverdragon"],"picked":"theDuelist:RainbowNeos","floor":1},{"not_picked":["theDuelist:Hinotama","theDuelist:DoubleTool","theDuelist:BigFire","theDuelist:SpiralSpearStrike"],"picked":"theDuelist:CombinationAttack","floor":2},{"not_picked":["theDuelist:RainbowNeos","theDuelist:HappyLover","theDuelist:Eva","theDuelist:RainbowOverdragon"],"picked":"theDuelist:RainbowKuriboh","floor":4},{"not_picked":["theDuelist:WhiteHowling","theDuelist:ElectromagneticShield","theDuelist:MiraculousDescent"],"picked":"theDuelist:GravityAxe","floor":5},{"not_picked":["theDuelist:DoubleTool","theDuelist:CoreBlaster","theDuelist:CombinationAttack","theDuelist:RainbowNeos","theDuelist:VenomShot"],"picked":"Singing Bowl","floor":6},{"not_picked":["theDuelist:SpiritHarp","theDuelist:FluteKuriboh","theDuelist:DarkBurningMagic","theDuelist:AfterGenocide","theDuelist:OnslaughtFireKings"],"picked":"Singing Bowl","floor":7},{"not_picked":["theDuelist:RainbowNeos","theDuelist:HappyLover","theDuelist:Eva","theDuelist:YellowBelliedOni"],"picked":"theDuelist:KamionTimelord","floor":8},{"not_picked":["theDuelist:SangaEarth","theDuelist:RainbowNeos","theDuelist:FrontierWiseman","theDuelist:PreventRat","theDuelist:MythicalBeast"],"picked":"Singing Bowl","floor":11},{"not_picked":["theDuelist:BigFire","theDuelist:WormApocalypse","theDuelist:CombinationAttack","theDuelist:Sangan"],"picked":"theDuelist:PowerWall","floor":12},{"not_picked":["theDuelist:Sangan","theDuelist:MythicalBeast","theDuelist:SpiritHarp","theDuelist:PreventRat"],"picked":"theDuelist:Tuningware","floor":13},{"not_picked":["theDuelist:MeteorDestruction","theDuelist:Hinotama","theDuelist:PowerKaishin","theDuelist:OnslaughtFireKings","theDuelist:DarkBurningAttack"],"picked":"Singing Bowl","floor":14},{"not_picked":["theDuelist:Wildfire","theDuelist:SwordsRevealing","theDuelist:LightLaser","theDuelist:FeatherShot"],"picked":"theDuelist:GridRod","floor":16},{"not_picked":["theDuelist:AfterTheStorm","theDuelist:Eva","theDuelist:CircleFireKings","theDuelist:SparkBlaster"],"picked":"theDuelist:LegendarySword+1","floor":18},{"not_picked":["theDuelist:Hinotama","theDuelist:CombinationAttack","theDuelist:BigFire","theDuelist:RainbowNeos","theDuelist:BreakDraw"],"picked":"Singing Bowl","floor":21},{"not_picked":["theDuelist:RainbowNeos","theDuelist:Eva+1","theDuelist:RainbowKuriboh","theDuelist:RainbowOverdragon"],"picked":"theDuelist:HappyLover+1","floor":22},{"not_picked":["theDuelist:DarklordSuperbia","theDuelist:EvilswarmHeliotrope","theDuelist:MillenniumGolem","theDuelist:HammerShot","theDuelist:MudGolem"],"picked":"Singing Bowl","floor":23},{"not_picked":["theDuelist:MeteorDestruction","theDuelist:MagnumShield","theDuelist:RainbowNeos","theDuelist:PowerKaishin","theDuelist:ScrapFactory"],"picked":"Singing Bowl","floor":25},{"not_picked":["theDuelist:CrystalRaigeki","theDuelist:CharcoalInpachi","theDuelist:WormApocalypse","theDuelist:FusionWeapon+1","theDuelist:ImperialOrder"],"picked":"Singing Bowl","floor":27},{"not_picked":["theDuelist:RainbowNeos","theDuelist:KamionTimelord","theDuelist:HappyLover","theDuelist:RainbowKuriboh","theDuelist:RainbowOverdragon"],"picked":"Singing Bowl","floor":29},{"not_picked":["theDuelist:SwordsConcealing","theDuelist:PineappleBlast+1","theDuelist:ForbiddenLance","theDuelist:MillenniumShield+1","theDuelist:Mathematician+1"],"picked":"Singing Bowl","floor":33},{"not_picked":["theDuelist:MudragonSwamp+1","theDuelist:MudGolem","theDuelist:JamBreeding","theDuelist:EvilswarmHeliotrope+1"],"picked":"theDuelist:HaneHane+1","floor":35},{"not_picked":["theDuelist:RainbowNeos+1","theDuelist:HappyLover","theDuelist:Eva+1","theDuelist:RainbowKuriboh+1"],"picked":"theDuelist:KamionTimelord+1","floor":37},{"not_picked":["theDuelist:BlackPendant","theDuelist:Tuningware","theDuelist:PreventRat+1","theDuelist:GilfordLegend+1"],"picked":"theDuelist:FrontierWiseman+1","floor":38},{"not_picked":["theDuelist:LegendarySword+2","theDuelist:BlackPendant+1","theDuelist:SolarWindJammer+1","theDuelist:WhiteNinja+1","theDuelist:Raigeki"],"picked":"Singing Bowl","floor":39},{"not_picked":["theDuelist:DestroyerGolem","theDuelist:LightningDarts","theDuelist:RainbowGravity+1","theDuelist:RainbowLife+1"],"picked":"theDuelist:MirrorForce+1","floor":40},{"not_picked":["theDuelist:RainbowNeos+1","theDuelist:SpiritHarp+1","theDuelist:Eva","theDuelist:PowerWall","theDuelist:DarkFactory"],"picked":"Singing Bowl","floor":41},{"not_picked":["theDuelist:RainbowNeos+1","theDuelist:KamionTimelord+1","theDuelist:HappyLover","theDuelist:Eva","theDuelist:RainbowKuriboh+1"],"picked":"Singing Bowl","floor":42},{"not_picked":["theDuelist:WhiteHowling","theDuelist:Graverobber+1","theDuelist:SilverApples+1","theDuelist:CrystalRaigeki"],"picked":"theDuelist:Reinforcements+1","floor":45},{"not_picked":["theDuelist:WhiteHowling+1","theDuelist:ImperialOrder+1","theDuelist:SilverApples","theDuelist:PsychicShockwave+1","theDuelist:PineappleBlast"],"picked":"Singing Bowl","floor":47},{"not_picked":["theDuelist:MythicalBeast+1","theDuelist:AncientGearFist","theDuelist:KamionTimelord"],"picked":"Singing Bowl","floor":48},{"not_picked":["theDuelist:RainbowNeos+1","theDuelist:GreenGraveOni+1","theDuelist:GreyGreedOni+1","theDuelist:RainbowKuriboh+1","theDuelist:RainbowOverdragon+1"],"picked":"Singing Bowl","floor":54}],"player_experience":1034648,"relics_obtained":[{"floor":6,"key":"Singing Bowl"},{"floor":9,"key":"Smiling Mask"},{"floor":12,"key":"Cables"},{"floor":17,"key":"Snake Skull"},{"floor":17,"key":"Magic Flower"},{"floor":17,"key":"theDuelist:MerchantNecklace"},{"floor":23,"key":"Paper Crane"},{"floor":29,"key":"Orichalcum"},{"floor":39,"key":"Girya"},{"floor":39,"key":"Torii"},{"floor":39,"key":"Tough Bandages"},{"floor":40,"key":"theDuelist:MillenniumPrayerbook"},{"floor":42,"key":"theDuelist:DuelistOrichalcum"},{"floor":43,"key":"Eternal Feather"},{"floor":54,"key":"theDuelist:ZoneToken"}],"event_choices":[{"damage_healed":0,"gold_gain":0,"player_choice":"Donut","damage_taken":0,"max_hp_gain":5,"max_hp_loss":0,"event_name":"Big Fish","floor":3,"gold_loss":0},{"damage_healed":0,"gold_gain":0,"player_choice":"Traded Rainbow Kuriboh for Big Koala","duelist":true,"damage_taken":0,"max_hp_gain":0,"max_hp_loss":0,"event_name":"Card Trader","floor":20,"gold_loss":0},{"damage_healed":0,"gold_gain":0,"player_choice":"Duplicated Relic - Bronze Scales","duelist":true,"damage_taken":0,"max_hp_gain":0,"max_hp_loss":0,"event_name":"Relic Duplicator","floor":28,"gold_loss":0},{"damage_healed":0,"gold_gain":0,"player_choice":"Leave","duelist":true,"damage_taken":0,"max_hp_gain":0,"max_hp_loss":0,"event_name":"Millennium Items","floor":36,"gold_loss":0},{"damage_healed":0,"gold_gain":0,"player_choice":"Fight","duelist":true,"damage_taken":0,"max_hp_gain":0,"max_hp_loss":0,"event_name":"Battle City","floor":39,"gold_loss":0},{"damage_healed":0,"gold_gain":0,"player_choice":"Memory 1","damage_taken":0,"max_hp_gain":0,"max_hp_loss":0,"event_name":"SensoryStone","floor":45,"gold_loss":0}],"is_beta":false,"boss_relics":[{"not_picked":["theSenshi:MoonKaleidoScopeRelic","Runic Dome"],"picked":"Calling Bell"},{"not_picked":["Snecko Eye","theDuelist:HauntedRelic"],"picked":"Sozu"}],"items_purged_floors":[19,44,53],"is_endless":false,"potions_floor_spawned":[2,5,7,11,12,14,21,25,27,29,40,41,42,54],"ascension_level":0}}