{"host":"5wznv0010959mrmz","time":1610511673,"event":{"mods":["BaseMod","Highlight Path","Minty Spire (QoL Compilation)","Relic Stats"],"gold_per_floor":[113,126,126,126,126,126,159,159,186,199,199,218,232,245,245,245,245],"floor_reached":16,"language":"ENG","playtime":296,"items_purged":[],"score":254,"play_id":"ff1cb809-37f5-4d82-81dd-79c284870316","local_time":"20210112222113","is_ascension_mode":true,"campfire_choices":[{"data":"Dagger Spray","floor":6,"key":"SMITH"},{"data":"Endless Agony","floor":11,"key":"SMITH"},{"data":"Calculated Gamble","floor":15,"key":"SMITH"}],"circlet_count":0,"master_deck":["AscendersBane","Strike_G","Strike_G","Strike_G","Strike_G","Defend_G","Defend_G","Defend_G","Defend_G","Defend_G","Survivor","Neutralize","Dagger Spray+1","Endless Agony+1","Expertise","Acrobatics","Calculated Gamble+1","Reflex","Underhanded Strike","Underhanded Strike"],"relics":["Ring of the Snake","NeowsBlessing","MealTicket","Bag of Marbles","Bag of Preparation","Orichalcum"],"acts_visited":["Exordium"],"potions_floor_usage":[16,16],"damage_taken":[{"damage":0,"enemies":"Small Slimes","floor":1,"turns":1},{"damage":0,"enemies":"Jaw Worm","floor":2,"turns":1},{"damage":0,"enemies":"Gremlin Nob","floor":7,"turns":1},{"damage":0,"enemies":"2 Louse","floor":10,"turns":1},{"damage":0,"enemies":"Blue Slaver","floor":12,"turns":1},{"damage":0,"enemies":"Gremlin Gang","floor":13,"turns":1},{"damage":0,"enemies":"Red Slaver","floor":14,"turns":1},{"damage":50,"enemies":"Hexaghost","floor":16,"turns":9}],"seed_played":"-8436252930704173656","potions_obtained":[{"floor":7,"key":"Ancient Potion"},{"floor":12,"key":"ColorlessPotion"},{"floor":13,"key":"Energy Potion"}],"is_trial":false,"path_per_floor":["M","M","?","?","T","R","E","?","T","M","R","M","M","M","R","B"],"character_chosen":"THE_SILENT","items_purchased":[],"campfire_rested":0,"item_purchase_floors":[],"current_hp_per_floor":[59,59,59,59,59,59,59,48,48,48,48,48,48,48,48,0,0],"gold":245,"neow_bonus":"THREE_ENEMY_KILL","is_daily":false,"chose_seed":false,"campfire_upgraded":3,"win_rate":0.0,"timestamp":1610511673,"path_taken":["M","M","?","?","?","R","E","?","T","M","R","M","M","?","R","BOSS"],"items_purchased_type":[],"build_version":"2020-12-22","purchased_purges":0,"victory":false,"max_hp_per_floor":[66,66,66,66,66,66,66,66,66,66,66,66,66,66,66,66,66],"relic_stats":{"counters":[8,16],"MealTicket":0,"Bag of Preparation":[10],"Orichalcum":[0],"obtain_stats":[{"NeowsBlessing":0,"MealTicket":5,"Bag of Marbles":7,"Bag of Preparation":8,"Orichalcum":9,"Ring of the Snake":0},{"NeowsBlessing":0,"MealTicket":2,"Bag of Marbles":3,"Bag of Preparation":3,"Orichalcum":3,"Ring of the Snake":0},{"NeowsBlessing":0,"MealTicket":2,"Bag of Marbles":3,"Bag of Preparation":3,"Orichalcum":3,"Ring of the Snake":0}],"Ring of the Snake":[17]},"card_choices":[{"not_picked":["Caltrops","Underhanded Strike"],"picked":"Dagger Spray","floor":1},{"not_picked":["Acrobatics","Cloak And Dagger"],"picked":"Endless Agony","floor":2},{"not_picked":["Dodge and Roll","Heel Hook"],"picked":"Acrobatics","floor":7},{"not_picked":["Bane","Tactician"],"picked":"Calculated Gamble","floor":10},{"not_picked":["Slice","Heel Hook"],"picked":"Reflex","floor":12},{"not_picked":["Deflect","Reflex"],"picked":"Underhanded Strike","floor":13},{"not_picked":["Bane","Backflip"],"picked":"Underhanded Strike","floor":14}],"player_experience":452488,"relics_obtained":[{"floor":5,"key":"MealTicket"},{"floor":7,"key":"Bag of Marbles"},{"floor":9,"key":"Orichalcum"}],"event_choices":[{"damage_healed":0,"gold_gain":0,"player_choice":"Leave","damage_taken":0,"max_hp_gain":0,"max_hp_loss":0,"event_name":"The Cleric","floor":3,"gold_loss":0},{"damage_healed":0,"gold_gain":0,"cards_transformed":["Strike_G"],"player_choice":"Change","damage_taken":0,"max_hp_gain":0,"max_hp_loss":0,"event_name":"Living Wall","floor":4,"gold_loss":0,"cards_obtained":["Expertise"]},{"damage_healed":0,"gold_gain":0,"player_choice":"Success","damage_taken":11,"relics_obtained":["Bag of Preparation"],"max_hp_gain":0,"max_hp_loss":0,"event_name":"Scrap Ooze","floor":8,"gold_loss":0}],"is_beta":false,"boss_relics":[],"items_purged_floors":[],"is_endless":false,"potions_floor_spawned":[7,12,13,14],"killed_by":"Hexaghost","ascension_level":20}}