{"host":"4rvakrj1idbgia3f","time":1610534091,"event":{"mods":["BaseMod","Colored Map","Colored Powertips","DeckTracker","Highlight Path","Minty Spire (QoL Compilation)","Random Character Button","StSLib"],"gold_per_floor":[109,209,225,243,318,318,345,365,440,440,469,481,493,493],"floor_reached":13,"language":"JPN","playtime":319,"items_purged":[],"score":186,"play_id":"532b7351-8521-4d34-a9cd-55f59b32b723","local_time":"20210113193451","is_ascension_mode":true,"campfire_choices":[{"data":"Eruption","floor":6.0,"key":"SMITH"},{"data":"SandsOfTime","floor":12,"key":"SMITH"}],"circlet_count":0,"master_deck":["AscendersBane","Strike_P","Strike_P","Strike_P","Defend_P","Defend_P","Defend_P","Defend_P","Eruption+1","Vigilance","SandsOfTime+1","BowlingBash","Establishment","FlyingSleeves","EmptyMind"],"relics":["PureWater","NeowsBlessing","Ice Cream","Bottled Tornado","MawBank"],"acts_visited":["Exordium"],"potions_floor_usage":[7,8],"damage_taken":[{"damage":0.0,"enemies":"Jaw Worm","floor":1.0,"turns":1.0},{"damage":0.0,"enemies":"Cultist","floor":3.0,"turns":1.0},{"damage":0.0,"enemies":"2 Louse","floor":4.0,"turns":1.0},{"damage":10,"enemies":"3 Sentries","floor":7,"turns":4},{"damage":0,"enemies":"2 Fungi Beasts","floor":8,"turns":3},{"damage":16,"enemies":"Gremlin Nob","floor":11,"turns":3},{"damage":24,"enemies":"3 Sentries","floor":13,"turns":4}],"seed_played":"621692606092708239","potions_obtained":[{"floor":4.0,"key":"LiquidMemories"},{"floor":7,"key":"Fruit Juice"}],"is_trial":false,"path_per_floor":["M","?","M","M","?","R","E","M","T","?","E","R","E"],"character_chosen":"WATCHER","items_purchased":[],"campfire_rested":0,"item_purchase_floors":[],"current_hp_per_floor":[61,61,61,61,50,50,40,45,45,38,22,22,0,0],"gold":493,"neow_bonus":"THREE_ENEMY_KILL","is_daily":false,"chose_seed":false,"campfire_upgraded":2,"win_rate":0.0,"timestamp":1610534091,"path_taken":["M","?","?","M","?","R","E","M","T","?","E","R","E"],"items_purchased_type":[],"build_version":"2020-12-22","purchased_purges":0,"victory":false,"max_hp_per_floor":[68,68,68,68,68,68,68,73,73,73,73,73,73,73],"card_choices":[{"not_picked":["Halt","Crescendo"],"picked":"SandsOfTime","floor":1.0},{"not_picked":["Consecrate","EmptyBody"],"picked":"BowlingBash","floor":3.0},{"not_picked":["EmptyBody","Crescendo"],"picked":"Establishment","floor":4.0},{"not_picked":["JustLucky","Consecrate"],"picked":"FlyingSleeves","floor":7},{"not_picked":["Collect","Fasting2"],"picked":"EmptyMind","floor":8},{"not_picked":["FollowUp","FlyingSleeves","MasterReality"],"picked":"SKIP","floor":11}],"player_experience":2015409,"relics_obtained":[{"floor":7,"key":"Ice Cream"},{"floor":9,"key":"Bottled Tornado"},{"floor":11,"key":"MawBank"}],"event_choices":[{"damage_healed":0.0,"max_hp_gain":0.0,"max_hp_loss":0.0,"gold_gain":100.0,"event_name":"Wheel of Change","player_choice":"Gold","floor":2.0,"gold_loss":0.0,"damage_taken":0.0},{"damage_healed":0.0,"max_hp_gain":0.0,"max_hp_loss":0.0,"gold_gain":75.0,"event_name":"World of Goop","player_choice":"Gather Gold","floor":5.0,"gold_loss":0.0,"damage_taken":11.0},{"cards_removed":["Strike_P"],"damage_healed":0,"gold_gain":0,"player_choice":"Card Removal","damage_taken":7,"max_hp_gain":0,"max_hp_loss":0,"event_name":"Golden Wing","floor":10,"gold_loss":0}],"is_beta":false,"boss_relics":[],"items_purged_floors":[],"is_endless":false,"potions_floor_spawned":[4,7],"killed_by":"3 Sentries","ascension_level":20}}