{"host":"mi0eibewekhugwl1","time":1610543239,"event":{"mods":["AchievementEnabler","BaseMod","Colored Map","Colored Powertips","DeckTracker","Keyboard Shortcuts","Minty Spire (QoL Compilation)","Quick Restart","Rare Cards Sparkle","Relic Stats","StSLib","SuperFastMode","everything is the same but u backflip on backflip"],"gold_per_floor":[114,132,132,132,282,317,317,329,382,412,54,65,30,49,49,49,49],"floor_reached":16,"language":"KOR","playtime":202,"items_purged":["Doubt"],"score":270,"play_id":"c9a41885-e701-44dd-b4c8-f36289b30a0c","local_time":"20210113220719","is_ascension_mode":true,"campfire_choices":[{"data":"Juggernaut","floor":7,"key":"SMITH"},{"data":"Inflame","floor":15,"key":"SMITH"}],"circlet_count":0,"master_deck":["AscendersBane","Strike_R","Strike_R","Strike_R","Strike_R","Strike_R","Defend_R","Defend_R","Defend_R","Defend_R","Bash+1","Twin Strike","Juggernaut+1","Inflame+1","Uppercut","Carnage","Sword Boomerang"],"relics":["Burning Blood","NeowsBlessing","Tiny Chest","Juzu Bracelet","PreservedInsect","Lantern"],"acts_visited":["Exordium"],"potions_floor_usage":[10,16],"damage_taken":[{"damage":0,"enemies":"Jaw Worm","floor":1,"turns":1},{"damage":0,"enemies":"Cultist","floor":2,"turns":1},{"damage":0,"enemies":"Lagavulin","floor":6,"turns":1},{"damage":17,"enemies":"Small Slimes","floor":8,"turns":4},{"damage":40,"enemies":"Gremlin Nob","floor":10,"turns":5},{"damage":7,"enemies":"3 Louse","floor":12,"turns":4},{"damage":9,"enemies":"Looter","floor":14,"turns":3},{"damage":47,"enemies":"The Guardian","floor":16,"turns":8}],"seed_played":"-5259548349348917167","potions_obtained":[{"floor":1,"key":"Weak Potion"},{"floor":10,"key":"LiquidBronze"},{"floor":12,"key":"Energy Potion"}],"is_trial":false,"path_per_floor":["M","M","?","$","?","E","R","M","T","E","$","M","?","M","R","B"],"character_chosen":"IRONCLAD","items_purchased":["Inflame","Uppercut","Lantern"],"campfire_rested":0,"item_purchase_floors":[11,11,11],"current_hp_per_floor":[74,75,75,75,75,75,75,64,64,30,30,29,47,44,44,0,0],"gold":49,"neow_bonus":"THREE_ENEMY_KILL","is_daily":false,"chose_seed":false,"campfire_upgraded":2,"win_rate":0.0,"timestamp":1610543239,"path_taken":["M","M","?","?","?","E","R","M","T","E","$","M","?","M","R","BOSS"],"items_purchased_type":["Card","Card","Relic"],"build_version":"2020-12-22","purchased_purges":1,"victory":false,"max_hp_per_floor":[75,75,75,75,75,75,75,75,75,75,75,75,75,75,75,75,75],"relic_stats":{"counters":[8,27],"Tiny Chest":0,"PreservedInsect":0,"Juzu Bracelet":0,"obtain_stats":[{"Lantern":11,"NeowsBlessing":0,"Tiny Chest":6,"PreservedInsect":10,"Juzu Bracelet":9,"Burning Blood":0},{"Lantern":5,"NeowsBlessing":0,"Tiny Chest":3,"PreservedInsect":5,"Juzu Bracelet":4,"Burning Blood":0},{"Lantern":12,"NeowsBlessing":0,"Tiny Chest":3,"PreservedInsect":12,"Juzu Bracelet":7,"Burning Blood":0}],"Burning Blood":31},"card_choices":[{"not_picked":["Dark Embrace","Perfected Strike"],"picked":"Twin Strike","floor":1},{"not_picked":["Rupture","Headbutt","Blood for Blood"],"picked":"SKIP","floor":2},{"not_picked":["Cleave","Reckless Charge"],"picked":"Juggernaut","floor":6},{"not_picked":["Twin Strike","Perfected Strike","Heavy Blade"],"picked":"SKIP","floor":8},{"not_picked":["Sentinel","Warcry","Reaper"],"picked":"SKIP","floor":10},{"not_picked":["Shrug It Off","Havoc"],"picked":"Carnage","floor":12},{"not_picked":["Warcry","Thunderclap"],"picked":"Sword Boomerang","floor":14}],"player_experience":1738432,"relics_obtained":[{"floor":6,"key":"Tiny Chest"},{"floor":9,"key":"Juzu Bracelet"},{"floor":10,"key":"PreservedInsect"}],"event_choices":[{"damage_healed":0,"gold_gain":0,"player_choice":"Upgraded","damage_taken":0,"max_hp_gain":0,"max_hp_loss":0,"event_name":"Upgrade Shrine","floor":3,"gold_loss":0,"cards_upgraded":["Bash"]},{"damage_healed":0,"gold_gain":150,"player_choice":"AGREE","damage_taken":0,"max_hp_gain":0,"max_hp_loss":0,"event_name":"Liars Game","floor":5,"gold_loss":0,"cards_obtained":["Doubt"]},{"damage_healed":18,"gold_gain":0,"player_choice":"Healed","damage_taken":0,"max_hp_gain":0,"max_hp_loss":0,"event_name":"The Cleric","floor":13,"gold_loss":35}],"is_beta":false,"boss_relics":[],"items_purged_floors":[11],"is_endless":false,"potions_floor_spawned":[1,10,12],"killed_by":"The Guardian","ascension_level":20}}