{"host":"fmwbmnqnrup981we","time":1610562976,"event":{"mods":["AchievementEnabler","Act Like it!","BaseMod","Better Match","Better Note","Better Skull","Better Synergies","Better Third Choice","Better Vampires","Block Reminder","Curses Come First","Downfall","Duelist Mod","Elementarium","GungeonMod","HexUI Lib","HornydragonMod","Marked Mod","Minty Spire (QoL Compilation)","Pikachu Mod","Quick Restart","Relic Stats","SIMod","StSLib","The Bug Knight","The Death Knight","The Forsaken","The Marked","The Necromancer","The Runesmith","The Servant 0.9.4","The Wild Card","TheHero","TheVacant","TheVelvet","Transform Curses","Waifu the Spire","Yuri Mod","everything is the same but u backflip on backflip"],"gold_per_floor":[112,62,119,131,141,169,5,25,75,75,94,110,110,110,110,209,209,219,219,233,15,27,27,54,80,107,107,107,36,64,76,76,176,176,189,203,203,203,219,219,219,254,333,46,64,80,80,97,97,97,97,97,10,10,10],"floor_reached":54,"language":"ENG","playtime":1896,"items_purged":["WindmillStrike"],"score":732,"play_id":"e5248152-69b4-45ec-9087-f12a92002b4c","local_time":"20210113183616","is_ascension_mode":false,"campfire_choices":[{"floor":10,"key":"REST"},{"floor":15,"key":"REST"},{"floor":23,"key":"REST"},{"floor":28,"key":"REST"},{"floor":32,"key":"RECALL"},{"floor":40,"key":"REST"},{"floor":47,"key":"REST"},{"floor":49,"key":"REST"},{"data":"Panache","floor":52,"key":"SMITH"}],"circlet_count":0,"master_deck":["Eruption","Vigilance","SashWhip","EmptyMind","Scrawl","Devotion+1","BowlingBash","Conclude","FollowUp","Wireheading","BattleHymn","Finesse","BowlingBash+1","Evaluate+1","theWildCard:Alice","Devotion","CurseOfTheBell","Prostrate+1","BattleHymn","FlurryOfBlows+1","Alpha+1","Alpha+1","ConjureBlade+1","Prostrate+1","Prostrate+1","Madness+1","Madness+1","Panache+1","FlurryOfBlows+1","Halt+1","Halt+1","JustLucky+1","Consecrate+1","Evaluate+1","FlurryOfBlows+1","Halt+1","expansioncontent:DarkVoid"],"relics":["Pandora\u0027s Box","theForsaken:HumbleEgg","Calling Bell","Lantern","Toxic Egg 2","Ginger","Damaru","theForsaken:Lifeblossom","DemoMod:WhiteGuonStone","Dream Catcher","Gambling Chip","Black Star","Calipers","DemoMod:Antibody","Meat on the Bone","DeathKnight:PutricidesVial","Pen Nib"],"acts_visited":["Exordium","TheCity","TheBeyond","TheEnding"],"potions_floor_usage":[16,25,33,39,48,50,50,54],"damage_taken":[{"damage":3,"enemies":"Jaw Worm","floor":1,"turns":3},{"damage":0,"enemies":"2 Louse","floor":4,"turns":1},{"damage":3,"enemies":"Small Slimes","floor":5,"turns":3},{"damage":26,"enemies":"3 Sentries","floor":6,"turns":6},{"damage":13,"enemies":"Blue Slaver","floor":8,"turns":3},{"damage":15,"enemies":"Looter","floor":11,"turns":3},{"damage":9,"enemies":"Exordium Thugs","floor":12,"turns":3},{"damage":22,"enemies":"Hexaghost","floor":16,"turns":6},{"damage":0,"enemies":"3 Byrds","floor":18,"turns":4},{"damage":6,"enemies":"Chosen","floor":20,"turns":4},{"damage":18,"enemies":"Centurion and Healer","floor":22,"turns":3},{"damage":33,"enemies":"Book of Stabbing","floor":25,"turns":6},{"damage":0,"enemies":"Gremlin Leader","floor":30,"turns":2},{"damage":0,"enemies":"3 Cultists","floor":31,"turns":2},{"damage":19,"enemies":"Automaton","floor":33,"turns":5},{"damage":18,"enemies":"3 Shapes","floor":35,"turns":4},{"damage":29,"enemies":"Orb Walker","floor":36,"turns":4},{"damage":17,"enemies":"Writhing Mass","floor":39,"turns":4},{"damage":30,"enemies":"Nemesis","floor":42,"turns":5},{"damage":25,"enemies":"Maw","floor":45,"turns":5},{"damage":28,"enemies":"Sphere and 2 Shapes","floor":46,"turns":4},{"damage":39,"enemies":"Jaw Worm Horde","floor":48,"turns":3},{"damage":58,"enemies":"Time Eater","floor":50,"turns":5},{"damage":86,"enemies":"Shield and Spear","floor":54,"turns":3}],"seed_played":"-321437406262117043","potions_obtained":[{"floor":4,"key":"FearPotion"},{"floor":5,"key":"StancePotion"},{"floor":11,"key":"BottledMiracle"},{"floor":20,"key":"sneckomod:MuddlingPotion"},{"floor":25,"key":"DistilledChaos"},{"floor":39,"key":"Energy Potion"},{"floor":45,"key":"Regen Potion"}],"is_trial":false,"path_per_floor":["M","?","?","M","M","E","$","M","T","R","M","M","?","$","R","B",null,"M","?","M","$","M","R","T","E","T","?","R","$","E","M","R","B",null,"M","M","?","?","M","R","?","E","T","$","M","M","R","M","R","B",null,"R","$","E"],"character_chosen":"WATCHER","items_purchased":["Finesse","Damaru","BattleHymn","Alpha+1","DeathKnight:PutricidesVial","Pen Nib","expansioncontent:DarkVoid"],"campfire_rested":7,"item_purchase_floors":[7,21,21,29,44,44,53],"current_hp_per_floor":[69,69,69,69,66,40,40,27,27,48,33,24,24,24,45,23,72,72,72,66,66,48,69,69,42,42,42,63,63,66,69,69,54,72,57,34,25,25,14,35,67,38,38,38,47,41,67,52,67,34,67,67,67,0,0],"gold":10,"neow_bonus":"BOSS_RELIC","is_daily":false,"chose_seed":false,"campfire_upgraded":1,"win_rate":0.0,"timestamp":1610562976,"path_taken":["M","?","?","M","M","E","$","M","T","R","M","M","?","?","R","BOSS","M","?","M","?","M","R","?","E","T","?","R","?","E","M","R","BOSS","M","M","?","?","?","R","?","E","T","$","M","M","R","M","R","BOSS","R","$","E"],"items_purchased_type":["Card","Relic","Card","Card","Relic","Relic","Card"],"build_version":"2020-12-22","purchased_purges":1,"victory":false,"max_hp_per_floor":[72,72,72,72,72,72,72,72,72,72,72,72,72,72,72,72,72,72,72,72,72,72,72,72,72,72,72,72,72,72,72,72,72,72,72,72,72,72,72,72,67,67,67,67,67,67,67,67,67,67,67,67,67,67,67],"relic_stats":{"Dream Catcher":4,"counters":[24,91],"Gambling Chip":[9],"Pandora\u0027s Box":["SashWhip","EmptyMind","Scrawl","WindmillStrike","Devotion","BowlingBash","MarkedMod:SlowDance","Conclude"],"Pen Nib":[4],"Black Star":1,"Ginger":[5],"obtain_stats":[{"Lantern":17,"Calipers":42,"DemoMod:Antibody":42,"Damaru":21,"theForsaken:Lifeblossom":24,"DemoMod:GlassGuonStoneRelic":5,"Pen Nib":44,"Ginger":17,"DemoMod:WhiteGuonStone":25,"Calling Bell":17,"theForsaken:HumbleEgg":6,"Dream Catcher":26,"Gambling Chip":30,"DeathKnight:PutricidesVial":44,"Pandora\u0027s Box":0,"Black Star":34,"PureWater":0,"Toxic Egg 2":17,"Meat on the Bone":43},{"Lantern":8,"Calipers":19,"DemoMod:Antibody":19,"Damaru":10,"theForsaken:Lifeblossom":11,"DemoMod:GlassGuonStoneRelic":3,"Pen Nib":19,"Ginger":8,"DemoMod:WhiteGuonStone":12,"Calling Bell":8,"theForsaken:HumbleEgg":4,"Dream Catcher":12,"Gambling Chip":13,"DeathKnight:PutricidesVial":19,"Pandora\u0027s Box":0,"Black Star":15,"PureWater":0,"Toxic Egg 2":8,"Meat on the Bone":19},{"Lantern":28,"Calipers":71,"DemoMod:Antibody":71,"Damaru":36,"theForsaken:Lifeblossom":39,"DemoMod:GlassGuonStoneRelic":7,"Pen Nib":71,"Ginger":28,"DemoMod:WhiteGuonStone":45,"Calling Bell":28,"theForsaken:HumbleEgg":13,"Dream Catcher":45,"Gambling Chip":47,"DeathKnight:PutricidesVial":71,"Pandora\u0027s Box":0,"Black Star":54,"PureWater":0,"Toxic Egg 2":28,"Meat on the Bone":71}],"Meat on the Bone":72},"card_choices":[{"not_picked":["Halt","Sanctity"],"picked":"FollowUp","floor":1},{"not_picked":["Collect","Protect"],"picked":"BowlingBash","floor":4},{"not_picked":["MarkedMod:FirstStrike","EmptyFist"],"picked":"Wireheading","floor":5},{"not_picked":["CrushJoints+1","FearNoEvil"],"picked":"BattleHymn","floor":6},{"not_picked":["PathToVictory+1","MarkedMod:Acupuncture+1"],"picked":"BowlingBash+1","floor":8},{"not_picked":["PathToVictory+1","SashWhip+1"],"picked":"Evaluate+1","floor":11},{"not_picked":["WaveOfTheHand","ThirdEye+1","Worship"],"picked":"SKIP","floor":12},{"not_picked":["Judgement","MarkedMod:ChiBlock"],"picked":"Devotion","floor":16},{"not_picked":["SignatureMove","Tantrum+1"],"picked":"Prostrate+1","floor":18},{"not_picked":["WreathOfFlame+1","CrushJoints+1","PathToVictory+1"],"picked":"SKIP","floor":20},{"not_picked":["Vengeance+1","InnerPeace+1","SashWhip+1"],"picked":"SKIP","floor":22},{"not_picked":["MarkedMod:GentlePulse+1","DeceiveReality+1"],"picked":"FlurryOfBlows+1","floor":25},{"not_picked":["Indignation+1","ReachHeaven","MarkedMod:Acupuncture+1"],"picked":"SKIP","floor":30},{"not_picked":["Halt+1","CrushJoints+1"],"picked":"Alpha+1","floor":31},{"not_picked":["MarkedMod:NorthStar+1","Brilliance"],"picked":"ConjureBlade+1","floor":33},{"not_picked":["EmptyFist+1","JustLucky+1"],"picked":"Prostrate+1","floor":35},{"not_picked":["CarveReality","Consecrate+1"],"picked":"Prostrate+1","floor":36},{"not_picked":["Study+1","Halt+1"],"picked":"FlurryOfBlows+1","floor":39},{"not_picked":["Study+1","Conclude+1"],"picked":"Halt+1","floor":40},{"not_picked":["ThirdEye+1","LikeWater"],"picked":"Halt+1","floor":42},{"not_picked":["Establishment","Tantrum+1"],"picked":"JustLucky+1","floor":45},{"not_picked":["WreathOfFlame+1","BowlingBash+1"],"picked":"Consecrate+1","floor":46},{"not_picked":["CutThroughFate+1","FearNoEvil"],"picked":"Evaluate+1","floor":47},{"not_picked":["FollowUp+1","EmptyFist+1"],"picked":"FlurryOfBlows+1","floor":48},{"not_picked":["Vault+1","Swivel+1"],"picked":"Halt+1","floor":49}],"player_experience":438849,"relics_obtained":[{"floor":6,"key":"theForsaken:HumbleEgg"},{"floor":17,"key":"Lantern"},{"floor":17,"key":"Toxic Egg 2"},{"floor":17,"key":"Ginger"},{"floor":24,"key":"theForsaken:Lifeblossom"},{"floor":25,"key":"DemoMod:WhiteGuonStone"},{"floor":26,"key":"Dream Catcher"},{"floor":30,"key":"Gambling Chip"},{"floor":42,"key":"Calipers"},{"floor":42,"key":"DemoMod:Antibody"},{"floor":43,"key":"Meat on the Bone"}],"event_choices":[{"cards_removed":["MarkedMod:SlowDance"],"damage_healed":0,"gold_gain":0,"player_choice":"Card Removal","damage_taken":0,"max_hp_gain":0,"max_hp_loss":0,"event_name":"The Cleric","floor":2,"gold_loss":50},{"damage_healed":0,"gold_gain":57,"player_choice":"Gained Gold","damage_taken":0,"max_hp_gain":0,"max_hp_loss":0,"event_name":"Golden Wing","floor":3,"gold_loss":0},{"cards_removed":["BowlingBash"],"damage_healed":0,"gold_gain":0,"player_choice":"Purged","damage_taken":0,"max_hp_gain":0,"max_hp_loss":0,"event_name":"Purifier","floor":19,"gold_loss":0},{"damage_healed":0,"gold_gain":0,"player_choice":"Upgraded","damage_taken":0,"max_hp_gain":0,"max_hp_loss":0,"event_name":"Upgrade Shrine","floor":27,"gold_loss":0,"cards_upgraded":["Devotion"]},{"damage_healed":0,"gold_gain":0,"player_choice":"Embrace Madness","damage_taken":9,"max_hp_gain":0,"max_hp_loss":0,"event_name":"Winding Halls","floor":37,"gold_loss":0,"cards_obtained":["Madness","Madness"]},{"cards_removed":["Alpha"],"damage_healed":0,"gold_gain":0,"player_choice":"Take \u0026 Give","damage_taken":0,"max_hp_gain":0,"max_hp_loss":0,"event_name":"betterNote:BetterNote","floor":38,"gold_loss":0,"cards_obtained":["Panache"]}],"is_beta":false,"boss_relics":[{"not_picked":["Cursed Key","Astrolabe"],"picked":"Calling Bell"},{"not_picked":["Runic Pyramid","Busted Crown"],"picked":"Black Star"}],"items_purged_floors":[7],"is_endless":false,"potions_floor_spawned":[4,5,11,20,25,31,35,39,45],"killed_by":"Shield and Spear","ascension_level":0}}