{"host":"5h7tnviy6ct1qpjn","time":1610567437,"event":{"mods":["AchievementEnabler","BaseMod","BetterRewards","Colored Powertips","Minty Spire (QoL Compilation)","Shop Mod","StSLib"],"gold_per_floor":[112,387,41,59,70,99,115,115,115,40,40,54,68,96,96,197,197,217,235,250,250,250,267,267,296,321,340,351,364,87,87,87,192,192,202,202,32,50,60,60,85,85,109,109,109,109,109,122,122,122,122],"floor_reached":50,"language":"ENG","playtime":8863,"items_purged":["Regret","Injury"],"score":731,"play_id":"9be40e8b-af10-4d82-8d03-2abc4f4e5c5d","local_time":"20210113205037","is_ascension_mode":false,"campfire_choices":[{"data":"Armaments","floor":11,"key":"SMITH"},{"data":"Dual Wield","floor":15,"key":"SMITH"},{"floor":24,"key":"RECALL"},{"floor":32,"key":"REST"},{"floor":40,"key":"REST"},{"floor":42,"key":"REST"},{"floor":46,"key":"REST"},{"floor":49,"key":"REST"}],"circlet_count":0,"master_deck":["Strike_R","Strike_R","Strike_R","Strike_R","Defend_R+1","Defend_R","Defend_R+1","Defend_R","Bash","Clash","Armaments+1","Iron Wave","Inflame","Anger","Flex","Clash","Thunderclap","Headbutt","Anger","Shrug It Off","Dual Wield+1","Clash","Seeing Red","Demon Form","Inflame+1","Heavy Blade","Shrug It Off","Shrug It Off","Juggernaut","Violence","Doubt"],"relics":["Burning Blood","Shuriken","Happy Flower","Dream Catcher","HornCleat","Cursed Key","Calipers","Potion Belt","Ancient Tea Set","Fusion Hammer","Sundial","War Paint","Pen Nib"],"acts_visited":["Exordium","TheCity","TheBeyond"],"potions_floor_usage":[12,20,39,44,50,50,50,50],"damage_taken":[{"damage":3,"enemies":"Small Slimes","floor":1,"turns":3},{"damage":0,"enemies":"Cultist","floor":4,"turns":3},{"damage":0,"enemies":"2 Louse","floor":5,"turns":3},{"damage":21,"enemies":"Lagavulin","floor":6,"turns":4},{"damage":6,"enemies":"Lots of Slimes","floor":7,"turns":3},{"damage":0,"enemies":"2 Fungi Beasts","floor":12,"turns":3},{"damage":5,"enemies":"Looter","floor":13,"turns":3},{"damage":1,"enemies":"Gremlin Nob","floor":14,"turns":3},{"damage":0,"enemies":"Slime Boss","floor":16,"turns":4},{"damage":10,"enemies":"Chosen","floor":18,"turns":3},{"damage":5,"enemies":"Shell Parasite","floor":19,"turns":2},{"damage":5,"enemies":"Sentry and Sphere","floor":20,"turns":4},{"damage":13,"enemies":"Chosen and Byrds","floor":23,"turns":5},{"damage":0,"enemies":"Book of Stabbing","floor":25,"turns":3},{"damage":18,"enemies":"Centurion and Healer","floor":27,"turns":4},{"damage":0,"enemies":"Snake Plant","floor":28,"turns":2},{"damage":18,"enemies":"Shelled Parasite and Fungi","floor":29,"turns":4},{"damage":25,"enemies":"Champ","floor":33,"turns":8},{"damage":0,"enemies":"Orb Walker","floor":35,"turns":2},{"damage":1,"enemies":"3 Darklings","floor":38,"turns":4},{"damage":14,"enemies":"Spire Growth","floor":39,"turns":4},{"damage":11,"enemies":"Reptomancer","floor":41,"turns":5},{"damage":0,"enemies":"4 Shapes","floor":44,"turns":1},{"damage":14,"enemies":"Sphere and 2 Shapes","floor":48,"turns":4},{"damage":102,"enemies":"Donu and Deca","floor":50,"turns":6}],"seed_played":"3893070320153784832","potions_obtained":[{"floor":6,"key":"Block Potion"},{"floor":7,"key":"HeartOfIron"},{"floor":13,"key":"BloodPotion"},{"floor":16,"key":"SmokeBomb"},{"floor":23,"key":"SpeedPotion"},{"floor":25,"key":"Explosive Potion"},{"floor":28,"key":"BlessingOfTheForge"},{"floor":29,"key":"SkillPotion"},{"floor":41,"key":"SmokeBomb"},{"floor":48,"key":"AttackPotion"}],"is_trial":false,"path_per_floor":["M","?","$","M","M","E","M","?","T","$","R","M","M","E","R","B",null,"M","M","M","?","?","M","R","E","T","M","M","M","$","?","R","B",null,"M","?","$","M","M","R","E","R","T","M","$","R","?","M","R","B"],"character_chosen":"IRONCLAD","items_purchased":["Shuriken","Clash","Armaments","Inflame","Happy Flower","Anger","Anger","Shrug It Off","Shrug It Off","Ancient Tea Set","Violence"],"campfire_rested":5,"item_purchase_floors":[0,0,0,3,3,3,10,10,30,30,37],"current_hp_per_floor":[80,80,80,80,80,65,65,65,65,65,65,71,72,77,77,80,80,76,77,78,78,78,71,71,77,77,65,71,59,59,44,69,50,85,85,85,85,85,77,85,80,85,85,85,85,85,85,77,85,0,0],"gold":122,"neow_bonus":"","is_daily":false,"chose_seed":false,"campfire_upgraded":2,"win_rate":0.0,"timestamp":1610567437,"path_taken":["M","?","$","M","M","E","?","?","T","$","R","M","?","E","R","BOSS","M","M","?","?","?","M","R","E","T","M","?","M","$","?","R","BOSS","M","?","?","?","M","R","E","R","T","?","$","R","?","M","R","BOSS"],"items_purchased_type":["Relic","Card","Card","Card","Relic","Card","Card","Card","Card","Relic","Card"],"build_version":"2020-12-22","purchased_purges":2,"victory":false,"max_hp_per_floor":[80,80,80,80,80,80,80,80,80,80,80,80,80,80,80,80,80,80,80,80,80,80,80,80,80,80,80,80,80,80,85,85,85,85,85,85,85,85,85,85,85,85,85,85,85,85,85,85,85,85,85],"card_choices":[{"not_picked":["Blood for Blood","Pommel Strike"],"picked":"Iron Wave","floor":1},{"not_picked":["Bloodletting","Heavy Blade"],"picked":"Flex","floor":4},{"not_picked":["Second Wind","Cleave"],"picked":"Clash","floor":5},{"not_picked":["Flex","Berserk"],"picked":"Thunderclap","floor":6},{"not_picked":["True Grit","Shockwave","Cleave"],"picked":"SKIP","floor":7},{"not_picked":["Clothesline","Wild Strike"],"picked":"Dual Wield","floor":12},{"not_picked":["Perfected Strike","Flex"],"picked":"Clash","floor":13},{"not_picked":["Twin Strike","Sever Soul"],"picked":"Seeing Red","floor":14},{"not_picked":["Reaper","Bludgeon"],"picked":"Demon Form","floor":16},{"not_picked":["Rampage+1","Wild Strike"],"picked":"Inflame+1","floor":18},{"not_picked":["Warcry","Sword Boomerang","Iron Wave"],"picked":"SKIP","floor":19},{"not_picked":["Whirlwind","Clothesline","Wild Strike"],"picked":"SKIP","floor":20},{"not_picked":["Power Through","True Grit","Second Wind+1"],"picked":"SKIP","floor":23},{"not_picked":["Second Wind+1","Feed","Metallicize"],"picked":"SKIP","floor":25},{"not_picked":["Armaments","Feel No Pain","Twin Strike"],"picked":"SKIP","floor":27},{"not_picked":["Shockwave","Iron Wave+1","Body Slam"],"picked":"SKIP","floor":28},{"not_picked":["Heavy Blade+1","Clash","Bloodletting+1"],"picked":"SKIP","floor":29},{"not_picked":["Immolate","Corruption"],"picked":"Juggernaut","floor":33},{"not_picked":["Warcry+1","Hemokinesis","Anger+1"],"picked":"SKIP","floor":35},{"not_picked":["Anger","Iron Wave","True Grit+1"],"picked":"SKIP","floor":38},{"not_picked":["Iron Wave","Rage","Whirlwind+1"],"picked":"SKIP","floor":39},{"not_picked":["True Grit","Headbutt+1","Inflame+1"],"picked":"SKIP","floor":41},{"not_picked":["Pummel","Shrug It Off+1","Clash"],"picked":"SKIP","floor":48}],"player_experience":53689,"relics_obtained":[{"floor":6,"key":"Dream Catcher"},{"floor":14,"key":"HornCleat"},{"floor":25,"key":"Calipers"},{"floor":26,"key":"Potion Belt"},{"floor":36,"key":"Sundial"},{"floor":41,"key":"War Paint"},{"floor":43,"key":"Pen Nib"}],"event_choices":[{"damage_healed":0,"gold_gain":275,"player_choice":"Desecrate","damage_taken":0,"max_hp_gain":0,"max_hp_loss":0,"event_name":"Golden Shrine","floor":2,"gold_loss":0,"cards_obtained":["Regret"]},{"damage_healed":0,"gold_gain":0,"cards_transformed":["Strike_R"],"player_choice":"Transformed","damage_taken":0,"max_hp_gain":0,"max_hp_loss":0,"event_name":"Transmorgrifier","floor":8,"gold_loss":0,"cards_obtained":["Headbutt"]},{"damage_healed":0,"gold_gain":0,"player_choice":"Read","damage_taken":0,"max_hp_gain":0,"max_hp_loss":0,"event_name":"The Library","floor":21,"gold_loss":0,"cards_obtained":["Heavy Blade"]},{"damage_healed":0,"gold_gain":0,"player_choice":"Copied","damage_taken":0,"max_hp_gain":0,"max_hp_loss":0,"event_name":"Duplicator","floor":22,"gold_loss":0,"cards_obtained":["Shrug It Off"]},{"damage_healed":0,"gold_gain":0,"player_choice":"Shed Blood","damage_taken":20,"max_hp_gain":5,"max_hp_loss":0,"event_name":"Forgotten Altar","floor":31,"gold_loss":0},{"damage_healed":0,"gold_gain":0,"player_choice":"Relic","damage_taken":0,"max_hp_gain":0,"max_hp_loss":0,"event_name":"Wheel of Change","floor":36,"gold_loss":0},{"damage_healed":0,"gold_gain":0,"player_choice":"Ignored","damage_taken":0,"max_hp_gain":0,"max_hp_loss":0,"event_name":"Mysterious Sphere","floor":47,"gold_loss":0}],"is_beta":false,"boss_relics":[{"not_picked":["Busted Crown","Runic Pyramid"],"picked":"Cursed Key"},{"not_picked":["Runic Dome","SacredBark"],"picked":"Fusion Hammer"}],"items_purged_floors":[3,30],"is_endless":false,"potions_floor_spawned":[6,7,13,16,19,23,25,28,29,33,41,48],"killed_by":"Donu and Deca","ascension_level":0}}