{"host":"5dzuyvrjb30uqvwu","time":1610572653,"event":{"mods":["AchievementEnabler","BaseMod","Colored Powertips","Dark Map","Lobotomy","LobotomyExtend","Minty Spire (QoL Compilation)","Quick Restart","The IronCluck","slay the spire mod where everything is the same but ironclad has a cowboy hat"],"gold_per_floor":[115,115,127,141,141,171,171,181,181,213,232,38,38,58,58,160,160,160,160],"floor_reached":18,"language":"ENG","playtime":988,"items_purged":["Defend_R"],"score":181,"play_id":"6e9c74d8-984c-4e76-bc0a-8468acf9573c","local_time":"20210113131733","is_ascension_mode":true,"campfire_choices":[{"data":"Juggernaut","floor":7,"key":"SMITH"},{"data":"Limit Break","floor":13,"key":"SMITH"},{"data":"Metallicize","floor":15,"key":"SMITH"}],"circlet_count":0,"master_deck":["Bash","PunishingBird","Deep Breath","Headbutt","OldLady","Bloodletting+1","DreamingCurrent","BigBird","Juggernaut+1","CrumblingArmor","MeatLantern","Limit Break+1","LaLuna","Flex","DespairKnight","Metallicize+1","Rudolta","Limit Break","Bloodletting","Pummel+1","Fire Breathing","Offering","Infernal Blade","Offering","Second Wind","Juggernaut"],"relics":["Burning Blood","CogitoBucket","RabbitCall","LetterFromLob","Bronze Scales","Molten Egg 2","Sundial","TreeSap","Membership Card","Pandora\u0027s Box"],"acts_visited":["Exordium","TheCity"],"potions_floor_usage":[11,11],"damage_taken":[{"damage":11,"enemies":"Jaw Worm","floor":1,"turns":2},{"damage":3,"enemies":"Cultist","floor":3,"turns":3},{"damage":1,"enemies":"2 Louse","floor":4,"turns":2},{"damage":69,"enemies":"3 Sentries","floor":6,"turns":10},{"damage":13,"enemies":"Red Slaver","floor":8,"turns":3},{"damage":37,"enemies":"Gremlin Nob","floor":10,"turns":4},{"damage":60,"enemies":"Blue Slaver","floor":11,"turns":5},{"damage":9,"enemies":"3 Louse","floor":14,"turns":3},{"damage":53,"enemies":"Slime Boss","floor":16,"turns":9},{"damage":1,"enemies":"2 Thieves","floor":18,"turns":1}],"seed_played":"-4446550018590853061","potions_obtained":[{"floor":1,"key":"ColorlessPotion"},{"floor":3,"key":"CultistPotion"},{"floor":11,"key":"Energy Potion"},{"floor":16,"key":"DuplicationPotion"}],"is_trial":false,"path_per_floor":["M","?","M","M","?","E","R","M","T","E","M","$","R","M","R","B",null,"M"],"character_chosen":"IRONCLAD","items_purchased":["Membership Card"],"campfire_rested":0,"item_purchase_floors":[12],"current_hp_per_floor":[75,75,78,80,80,71,71,80,80,60,36,36,36,53,53,68,80,79,79],"gold":160,"neow_bonus":"","is_daily":false,"chose_seed":false,"campfire_upgraded":3,"win_rate":0.0,"timestamp":1610572653,"path_taken":["M","?","?","M","?","E","R","M","T","E","M","$","R","M","R","BOSS","M"],"items_purchased_type":["Relic"],"build_version":"2020-12-22","purchased_purges":1,"victory":false,"max_hp_per_floor":[80,80,80,80,80,80,80,80,80,80,80,80,80,80,80,80,80,80,80],"card_choices":[{"not_picked":["BlackSwan","Murderer"],"picked":"PunishingBird","floor":1},{"not_picked":["Wild Strike","Infernal Blade","Heavy Blade"],"picked":"SKIP","floor":1},{"not_picked":["UniverseFragment","Mercenary"],"picked":"OldLady","floor":3},{"not_picked":["Rage","Evolve"],"picked":"Bloodletting","floor":3},{"not_picked":["FairyFestival","Murderer"],"picked":"DreamingCurrent","floor":4},{"not_picked":["Dual Wield","Clothesline","Intimidate"],"picked":"SKIP","floor":4},{"not_picked":["HeroicMonk","Wellcheers"],"picked":"BigBird","floor":6},{"not_picked":["Headbutt","Twin Strike"],"picked":"Juggernaut","floor":6},{"not_picked":["FairyFestival","OSAHOGD","Scorched"],"picked":"Singing Bowl","floor":8},{"not_picked":["CherryBlossoms","Scorched"],"picked":"CrumblingArmor","floor":8},{"not_picked":["Shrug It Off","Havoc","Warcry"],"picked":"SKIP","floor":8},{"not_picked":["SingingMachine","Bloodbath","BeautyBeast"],"picked":"Singing Bowl","floor":10},{"not_picked":["BeautyBeast","FairyFestival"],"picked":"MeatLantern","floor":10},{"not_picked":["Perfected Strike+1","Ghostly Armor"],"picked":"Limit Break","floor":10},{"not_picked":["FairyFestival","SingingMachine","SpiderBud"],"picked":"Singing Bowl","floor":11},{"not_picked":["Freischutz","UniverseFragment"],"picked":"LaLuna","floor":11},{"not_picked":["Havoc","Headbutt+1"],"picked":"Flex","floor":11},{"not_picked":["Laetitia","GalaxyChild"],"picked":"DespairKnight","floor":14},{"not_picked":["Headbutt+1","Infernal Blade"],"picked":"Metallicize","floor":14},{"not_picked":["Bloodbath","ShyLook","RedShoes"],"picked":"Singing Bowl","floor":16},{"not_picked":["Scorched","HeroicMonk"],"picked":"Rudolta","floor":16},{"not_picked":["Corruption","Feed+1"],"picked":"Limit Break","floor":16}],"player_experience":335474,"relics_obtained":[{"floor":1,"key":"LetterFromLob"},{"floor":6,"key":"Bronze Scales"},{"floor":9,"key":"Molten Egg 2"},{"floor":10,"key":"Sundial"}],"event_choices":[{"damage_healed":0,"gold_gain":0,"player_choice":"2 cards matched","damage_taken":0,"max_hp_gain":0,"max_hp_loss":0,"event_name":"Match and Keep!","floor":2,"gold_loss":0,"cards_obtained":["Deep Breath","Headbutt"]},{"damage_healed":0,"gold_gain":0,"player_choice":"Upgraded","damage_taken":0,"max_hp_gain":0,"max_hp_loss":0,"event_name":"Upgrade Shrine","floor":5,"gold_loss":0,"cards_upgraded":["Bloodletting"]}],"is_beta":false,"boss_relics":[{"not_picked":["Cursed Key","Calling Bell"],"picked":"Pandora\u0027s Box"}],"items_purged_floors":[12],"is_endless":false,"potions_floor_spawned":[1,3,11,16],"killed_by":"2 Thieves","ascension_level":1}}