{"host":"jfbo3eu2ui08ej1u","time":1610557204,"event":{"mods":["2.2 Compatiblity","AchievementEnabler","Act Like it!","Aspiration","BaseMod","Better Altar","Better Match","Better Note","Better Sensory Stone","Better Skull","Better Third Choice","Block Reminder","Colored Map","Colored Powertips","Conspire","DeckTracker","Displayed Cursed Tome","Downfall","Energized Spire","Fox Events","GifTheSpireLib","Hermit","Hubris","Infinite Spire","Marked Mod","Minty Spire (QoL Compilation)","Pale of the Ancients","Quick Restart","RRrroohrrRGHHhhh!!","Relic Filter","Reorder Act Four","Replay The Spire","Shop Mod","Spicy Shops","StSLib","Stuff the Spire","The Blue Laboratory","The Disciple","The Forsaken","The Hierophant","The Marked","Uncapped","Unceasing Turn Reminder","Wandering Minibosses"],"gold_per_floor":[99,111,128,146,166,166,166,176,196,225,150,176,176,205,222,222,222,222],"floor_reached":16,"language":"ENG","playtime":714,"items_purged":[],"score":120,"play_id":"21997c55-cd50-4253-96be-bfdb87cc1b76","local_time":"20210113120004","is_ascension_mode":true,"campfire_choices":[{"data":"champ:Taunt","floor":1.0,"key":"SMITH"},{"data":"champ:FanOfKnives","floor":6.0,"key":"SMITH"},{"data":"champ:MurderStrike","floor":11.0,"key":"SMITH"},{"data":"champ:ShieldSigil","floor":13.0,"key":"SMITH"}],"circlet_count":0,"master_deck":["champ:Strike","champ:Strike","champ:Strike","champ:Strike","champ:Defend","champ:Defend","champ:Defend","champ:Defend","champ:Execute","champ:Taunt+1","champ:FanOfKnives+1","champ:FocusedBerserking","champ:GutPunch","champ:ShieldSigil+1","champ:GladiatorsShout","champ:MurderStrike+1","ReplayTheSpireMod:Splinters","champ:FanOfKnives","champ:DeathBlow","champ:DancingMaster"],"relics":["champ:ChampionCrown","infinitespire:PuzzleCube","ReplayTheSpireMod:Lightbulb","downfall:HeartBlessingGreen","Lizard Tail","Happy Flower"],"acts_visited":["Exordium"],"potions_floor_usage":[],"damage_taken":[{"damage":5.0,"enemies":"2 Louse","floor":2.0,"turns":3.0},{"damage":8.0,"enemies":"Jaw Worm","floor":3.0,"turns":4.0},{"damage":10.0,"enemies":"Small Slimes","floor":4.0,"turns":3.0},{"damage":5.0,"enemies":"Red Slaver","floor":5.0,"turns":3.0},{"damage":31.0,"enemies":"Large Slime","floor":8.0,"turns":5.0},{"damage":4.0,"enemies":"2 Fungi Beasts","floor":9.0,"turns":2.0},{"damage":60.0,"enemies":"Gremlin Nob","floor":10.0,"turns":5.0},{"damage":32.0,"enemies":"3 Sentries","floor":14.0,"turns":5.0},{"damage":17.0,"enemies":"Exordium Thugs","floor":15.0,"turns":2.0},{"damage":103,"enemies":"downfall:Watcher","floor":16,"turns":9}],"seed_played":"-2100153450231036735","potions_obtained":[{"floor":2.0,"key":"blueLaboratory:BottleOfRum"},{"floor":4.0,"key":"BlessingOfTheForge"},{"floor":10.0,"key":"Reflective Coating"},{"floor":14.0,"key":"Energy Potion"}],"is_trial":false,"path_per_floor":["R","M","M","M","M","R","T","M","M","E","R","?","R","E","M","B"],"character_chosen":"THE_CHAMP","items_purchased":[],"campfire_rested":0,"item_purchase_floors":[],"current_hp_per_floor":[99,99,99,99,99,99,99,83,79,40,40,40,40,18,9,0,0,0],"gold":222,"neow_bonus":"TEN_PERCENT_HP_BONUS","is_daily":false,"chose_seed":false,"campfire_upgraded":4,"win_rate":0.0,"timestamp":1610557204,"path_taken":["R","M","M","M","M","R","T","M","M","E","R","?","R","E","M","BOSS"],"items_purchased_type":[],"build_version":"2020-12-22","purchased_purges":0,"victory":false,"max_hp_per_floor":[99,99,99,99,99,99,99,99,99,99,99,99,99,99,99,99,99,99],"card_choices":[{"not_picked":["champ:Circumvent","champ:CalledShot"],"picked":"champ:FanOfKnives","floor":2.0},{"not_picked":["champ:Circumvent","champ:CrookedStrike"],"picked":"champ:FocusedBerserking","floor":3.0},{"not_picked":["champ:Circumvent","champ:BerserkersShout"],"picked":"champ:GutPunch","floor":4.0},{"not_picked":["champ:GutPunch","champ:FocusedBerserking","champ:DefensiveStyle"],"picked":"SKIP","floor":5.0},{"not_picked":["champ:GutPunch","champ:PerfectedStrike"],"picked":"champ:ShieldSigil","floor":8.0},{"not_picked":["champ:EnragedBash","champ:BerserkersShout"],"picked":"champ:GladiatorsShout","floor":9.0},{"not_picked":["champ:BladeFlurry","champ:Circumvent"],"picked":"champ:MurderStrike","floor":10.0},{"not_picked":["champ:GutPunch","champ:BladeFlurry"],"picked":"champ:FanOfKnives","floor":12.0},{"not_picked":["champ:FanOfKnives","champ:AdrenalArmor"],"picked":"champ:DeathBlow","floor":14.0},{"not_picked":["champ:GladiatorsShout","champ:Circumvent"],"picked":"champ:DancingMaster","floor":15.0}],"player_experience":1233328,"relics_obtained":[{"floor":7.0,"key":"infinitespire:PuzzleCube"},{"floor":10.0,"key":"ReplayTheSpireMod:Lightbulb"},{"floor":12.0,"key":"Lizard Tail"},{"floor":14.0,"key":"Happy Flower"}],"event_choices":[],"is_beta":false,"boss_relics":[],"items_purged_floors":[],"is_endless":false,"potions_floor_spawned":[2,4,10,14],"killed_by":"downfall:Watcher","ascension_level":1}}