{"host":"2zw05eexjythz74b","time":1610497726,"event":{"mods":["AchievementEnabler","BaseMod","Better Altar","Colored Map","Minty Spire (QoL Compilation)","StSLib","everything is the same but u backflip on backflip"],"gold_per_floor":[119,134,134,153,169,202,216,216,240,240,96,130,130,142,142,244,244,259,306,266,285,384,409,409,443,443,459,459,470,470,470],"floor_reached":30,"language":"ENG","playtime":1151,"items_purged":[],"score":308,"play_id":"917c4d6a-e337-4427-81c2-3a8eb404fdbe","local_time":"20210112182846","is_ascension_mode":true,"campfire_choices":[{"data":"Rupture","floor":8.0,"key":"SMITH"},{"data":"Bloodletting","floor":10.0,"key":"SMITH"},{"floor":15.0,"key":"REST"},{"floor":24.0,"key":"REST"},{"floor":28.0,"key":"REST"}],"circlet_count":0,"master_deck":["Strike_R","Strike_R","Strike_R","Strike_R","Strike_R+1","Defend_R","Defend_R","Defend_R+1","Bash","Brutality","Perfected Strike","Rupture+1","Bloodletting+1","Carnage","Anger+1","Reckless Charge","FollowUp","Phantasmal Killer+1","Enlightenment+1","Pommel Strike+1","Rage","Escape Plan","Pommel Strike"],"relics":["Burning Blood","Red Skull","Strawberry","Oddly Smooth Stone","PrismaticShard","Art of War","Runic Dome","Happy Flower","Toy Ornithopter","Champion Belt","War Paint"],"acts_visited":["Exordium","TheCity"],"potions_floor_usage":[30],"damage_taken":[{"damage":6.0,"enemies":"Cultist","floor":1.0,"turns":3.0},{"damage":14.0,"enemies":"Jaw Worm","floor":2.0,"turns":4.0},{"damage":0.0,"enemies":"Small Slimes","floor":4.0,"turns":3.0},{"damage":13.0,"enemies":"Red Slaver","floor":5.0,"turns":2.0},{"damage":10.0,"enemies":"Gremlin Nob","floor":6.0,"turns":3.0},{"damage":4.0,"enemies":"Large Slime","floor":7.0,"turns":3.0},{"damage":33.0,"enemies":"3 Sentries","floor":12.0,"turns":5.0},{"damage":4.0,"enemies":"Exordium Thugs","floor":14.0,"turns":3.0},{"damage":45.0,"enemies":"Slime Boss","floor":16.0,"turns":6.0},{"damage":24.0,"enemies":"Shell Parasite","floor":18.0,"turns":3.0},{"damage":30.0,"enemies":"3 Byrds","floor":21.0,"turns":5.0},{"damage":43.0,"enemies":"Slavers","floor":23.0,"turns":4.0},{"damage":16.0,"enemies":"Book of Stabbing","floor":25.0,"turns":2.0},{"damage":28.0,"enemies":"Centurion and Healer","floor":27.0,"turns":3.0},{"damage":19.0,"enemies":"Snake Plant","floor":29.0,"turns":2.0},{"damage":29,"enemies":"Slavers","floor":30,"turns":1}],"seed_played":"-3932346584141192919","potions_obtained":[{"floor":5.0,"key":"CultistPotion"},{"floor":6.0,"key":"Ancient Potion"},{"floor":7.0,"key":"FearPotion"},{"floor":21.0,"key":"GamblersBrew"},{"floor":27.0,"key":"AttackPotion"}],"is_trial":false,"path_per_floor":["M","M","?","M","M","E","M","R","T","R","$","E","?","M","R","B",null,"M","T","?","M","?","E","R","E","T","M","R","M","E"],"character_chosen":"IRONCLAD","items_purchased":["PrismaticShard"],"campfire_rested":3,"item_purchase_floors":[11],"current_hp_per_floor":[80,72,47,53,46,49,51,51,51,51,51,24,24,26,52,13,87,69,69,69,45,45,8,34,29,29,7,33,20,0,0],"gold":470,"neow_bonus":"ONE_RANDOM_RARE_CARD","is_daily":false,"chose_seed":false,"campfire_upgraded":2,"win_rate":0.0,"timestamp":1610497726,"path_taken":["M","M","?","M","M","E","M","R","T","R","?","E","?","M","R","BOSS","M","?","?","?","?","E","R","E","T","M","R","M","E"],"items_purchased_type":["Relic"],"build_version":"2020-12-22","purchased_purges":0,"victory":false,"max_hp_per_floor":[80,80,80,80,80,87,87,87,87,87,87,87,87,87,87,87,87,87,87,87,87,87,87,87,87,87,87,87,87,87,87],"card_choices":[{"not_picked":["Cleave","Anger"],"picked":"Perfected Strike","floor":1.0},{"not_picked":["Cleave","Bloodletting"],"picked":"Rupture","floor":2.0},{"not_picked":["Twin Strike","Cleave"],"picked":"Bloodletting","floor":4.0},{"not_picked":["Sever Soul","Headbutt","True Grit"],"picked":"SKIP","floor":5.0},{"not_picked":["Body Slam","Cleave"],"picked":"Carnage","floor":6.0},{"not_picked":["Power Through","True Grit"],"picked":"Anger","floor":7.0},{"not_picked":["FlyingSleeves","Hologram","Heavy Blade"],"picked":"SKIP","floor":12.0},{"not_picked":["Consecrate","Hemokinesis"],"picked":"FollowUp","floor":14.0},{"not_picked":["The Bomb","Electrodynamics"],"picked":"Phantasmal Killer","floor":16.0},{"not_picked":["Skim","Intimidate"],"picked":"Enlightenment+1","floor":18.0},{"not_picked":["Backflip","Mind Blast"],"picked":"Pommel Strike+1","floor":21.0},{"not_picked":["Anger","Thunderclap","Nirvana"],"picked":"SKIP","floor":23.0},{"not_picked":["Go for the Eyes+1","Riddle With Holes"],"picked":"Rage","floor":25.0},{"not_picked":["Nirvana","Fusion"],"picked":"Escape Plan","floor":27.0},{"not_picked":["Consume","Streamline+1"],"picked":"Pommel Strike","floor":29.0}],"player_experience":215254,"relics_obtained":[{"floor":6.0,"key":"Strawberry"},{"floor":9.0,"key":"Oddly Smooth Stone"},{"floor":12.0,"key":"Art of War"},{"floor":19.0,"key":"Happy Flower"},{"floor":23.0,"key":"Toy Ornithopter"},{"floor":25.0,"key":"Champion Belt"},{"floor":26.0,"key":"War Paint"}],"event_choices":[{"damage_healed":0.0,"max_hp_gain":0.0,"max_hp_loss":0.0,"gold_gain":0.0,"event_name":"Scrap Ooze","player_choice":"Success","floor":3.0,"gold_loss":0.0,"damage_taken":25.0,"relics_obtained":["Red Skull"]},{"damage_healed":0.0,"max_hp_gain":0.0,"max_hp_loss":0.0,"gold_gain":0.0,"cards_transformed":["Defend_R"],"event_name":"Transmorgrifier","player_choice":"Transformed","floor":13.0,"gold_loss":0.0,"damage_taken":0.0,"cards_obtained":["Reckless Charge"]},{"damage_healed":0.0,"max_hp_gain":0.0,"max_hp_loss":0.0,"gold_gain":0.0,"event_name":"Designer","player_choice":"Upgraded Two","floor":20.0,"gold_loss":40.0,"damage_taken":0.0,"cards_upgraded":["Anger","Strike_R"]},{"damage_healed":0.0,"max_hp_gain":0.0,"max_hp_loss":0.0,"gold_gain":99.0,"event_name":"Nest","player_choice":"Stole From Cult","floor":22.0,"gold_loss":0.0,"damage_taken":0.0}],"is_beta":false,"boss_relics":[{"not_picked":["Sozu","Empty Cage"],"picked":"Runic Dome"}],"items_purged_floors":[],"is_endless":false,"potions_floor_spawned":[5,6,7,21,27],"killed_by":"Slavers","ascension_level":2}}