{"host":"ss2ocoam53r2lno0","time":1610580964,"event":{"mods":["Act Like it!","BaseMod","ChefMod","Clockwork Mod","Colored Powertips","Curses Come First","Displayed Cursed Tome","Downfall","Evolution","Googly Eyes","Hallownest","Highlight Path","Minty Spire (QoL Compilation)","Poor People Problems","Rare Cards Sparkle","Robot Space Explorer","Shade Mod","Shop Mod","Spicy Shops","StSLib","The Marked"],"gold_per_floor":[118,136,146,161,13,13,24,24,48,48,63,78,78,88,88,187,187,203,215,215,215,235,235,235],"floor_reached":23,"language":"ENG","playtime":1789,"items_purged":["Clockwork:SnapKeep"],"score":261,"play_id":"1d57cd54-74c8-4d83-af29-d10af3dd0c28","local_time":"20210114003604","is_ascension_mode":true,"campfire_choices":[{"data":"Clockwork:SnapKeep","floor":6,"key":"SMITH"},{"data":"Clockwork:SnapKeep","floor":8,"key":"SMITH"},{"data":"Clockwork:Tinker","floor":10,"key":"SMITH"},{"floor":15,"key":"REST"}],"circlet_count":0,"master_deck":["Clockwork:SnapKeep+1","Clockwork:SnapKeep+1","Clockwork:Shield","Clockwork:Shield","Clockwork:Shield","Clockwork:Shield","Clockwork:Tinker+1","Clockwork:WarmUp","Clockwork:Efficiency","Clockwork:ZeroPointEnergy","Clockwork:RevUp+1","Clockwork:Tinker+1"],"relics":["Clockwork:MomentumEngine","EVO:Axolotl","HandDrill","Anchor","Coffee Dripper","MutagenicStrength"],"acts_visited":["Exordium","TheCity"],"potions_floor_usage":[23,23],"damage_taken":[{"damage":6,"enemies":"Cultist","floor":1,"turns":4},{"damage":0,"enemies":"Small Slimes","floor":2,"turns":5},{"damage":18,"enemies":"2 Louse","floor":3,"turns":4},{"damage":4,"enemies":"Lots of Slimes","floor":4,"turns":7},{"damage":6,"enemies":"Exordium Thugs","floor":7,"turns":4},{"damage":8,"enemies":"Blue Slaver","floor":11,"turns":5},{"damage":0,"enemies":"3 Louse","floor":12,"turns":6},{"damage":0,"enemies":"2 Fungi Beasts","floor":14,"turns":5},{"damage":0,"enemies":"Slime Boss","floor":16,"turns":10},{"damage":26,"enemies":"3 Byrds","floor":18,"turns":4},{"damage":0,"enemies":"Chosen","floor":19,"turns":3},{"damage":14,"enemies":"3 Cultists","floor":22,"turns":5},{"damage":48,"enemies":"Slavers","floor":23,"turns":5}],"seed_played":"454658092394700805","potions_obtained":[{"floor":2,"key":"Ancient Potion"},{"floor":4,"key":"Weak Potion"},{"floor":16,"key":"FearPotion"},{"floor":19,"key":"SkillPotion"}],"is_trial":false,"path_per_floor":["M","M","M","M","$","R","M","R","T","R","M","M","?","M","R","B",null,"M","M","?","?","M","E"],"character_chosen":"CLOCKWORK","items_purchased":["HandDrill"],"campfire_rested":1,"item_purchase_floors":[5],"current_hp_per_floor":[79,79,61,57,57,57,51,51,51,51,43,43,43,43,68,68,85,59,59,59,59,45,0,0],"gold":235,"neow_bonus":"ONE_RANDOM_RARE_CARD","is_daily":false,"chose_seed":false,"campfire_upgraded":3,"win_rate":0.0,"timestamp":1610580964,"path_taken":["M","?","M","M","$","R","M","R","T","R","?","M","?","?","R","BOSS","M","M","?","?","?","E"],"items_purchased_type":["Relic"],"build_version":"2020-12-22","purchased_purges":1,"victory":false,"max_hp_per_floor":[85,85,85,85,85,85,85,85,85,85,85,85,85,85,85,85,85,85,85,85,85,85,85,85],"card_choices":[{"not_picked":["Clockwork:CogShield","Clockwork:SystemHardening","Clockwork:AdaptiveShield"],"picked":"SKIP","floor":1},{"not_picked":["Clockwork:SystemScan","Clockwork:AdaptiveShield","Clockwork:SearchingStrike"],"picked":"SKIP","floor":2},{"not_picked":["Clockwork:LiteraryArmor","Clockwork:AdaptiveShield","Clockwork:Enhance"],"picked":"SKIP","floor":3},{"not_picked":["Clockwork:SystemScan","Clockwork:Roundhouse"],"picked":"Clockwork:Efficiency","floor":4},{"not_picked":["Clockwork:Roundhouse","Clockwork:SearingStrike","Clockwork:FalseStart"],"picked":"SKIP","floor":7},{"not_picked":["Clockwork:SystemScan","Clockwork:Enhance","Clockwork:Friction"],"picked":"SKIP","floor":11},{"not_picked":["Clockwork:AdaptiveCannon","Clockwork:Minimalism","Clockwork:CogShield"],"picked":"SKIP","floor":12},{"not_picked":["Clockwork:AeonShield","Clockwork:ReserveSystems","Clockwork:Minimalism"],"picked":"SKIP","floor":14},{"not_picked":["Clockwork:ReactiveNanites","Clockwork:TimeWalk"],"picked":"Clockwork:ZeroPointEnergy","floor":16},{"not_picked":["Clockwork:AdaptiveShield","Clockwork:SystemHardening+1"],"picked":"Clockwork:RevUp+1","floor":18},{"not_picked":["Clockwork:Enhance","Clockwork:ReserveSystems+1","Clockwork:Pluck+1"],"picked":"SKIP","floor":19},{"not_picked":["Clockwork:EnthusiasticStrike+1","Clockwork:SearchingStrike","Clockwork:Roundhouse"],"picked":"SKIP","floor":22}],"player_experience":684125,"relics_obtained":[{"floor":9,"key":"Anchor"}],"event_choices":[{"cards_removed":["Clockwork:Strike"],"damage_healed":0,"gold_gain":0,"player_choice":"Purged","damage_taken":0,"max_hp_gain":0,"max_hp_loss":0,"event_name":"Purifier","floor":13,"gold_loss":0},{"damage_healed":0,"gold_gain":0,"player_choice":"Inject Mutagens","damage_taken":0,"relics_obtained":["MutagenicStrength"],"max_hp_gain":0,"max_hp_loss":0,"event_name":"Drug Dealer","floor":20,"gold_loss":0},{"damage_healed":0,"gold_gain":0,"player_choice":"Copied","damage_taken":0,"max_hp_gain":0,"max_hp_loss":0,"event_name":"Duplicator","floor":21,"gold_loss":0,"cards_obtained":["Clockwork:Tinker"]}],"is_beta":false,"boss_relics":[{"not_picked":["Fusion Hammer","Clockwork:PerpetualMotionMachine"],"picked":"Coffee Dripper"}],"items_purged_floors":[5],"is_endless":false,"potions_floor_spawned":[2,4,16,19],"killed_by":"Slavers","ascension_level":2}}