{"host":"k4v81cw6j0eb8mtc","time":1610538879,"event":{"mods":["BaseMod","BetterRewards","Conspire","Downfall","GifTheSpireLib","Hubris","Minty Spire (QoL Compilation)","Quick Restart","Replay The Spire","StSLib"],"gold_per_floor":[99,114,127,127,42,42,66,91,109,109,109,109,109,128,146,156,170,269,269,339,354,373,373,387,400,400,182,182,182,202,40,52,79,90,189,189,271,287,305,316,332,332,332,332,50,50,50,50],"floor_reached":46,"language":"ENG","playtime":2605,"items_purged":["hubris:Disease"],"score":571,"play_id":"6db5a5af-4106-4bf3-b718-46fa74069b65","local_time":"20210113065439","is_ascension_mode":false,"campfire_choices":[{"data":"Slimebound:MegaLick","floor":6,"key":"SMITH"},{"data":"Slimebound:CorrosiveSpit","floor":13,"key":"SMITH"},{"floor":28,"key":"REST"},{"data":"Slimebound:SlimeSlap","floor":42,"key":"SMITH"},{"data":"Slimebound:Grow","floor":44,"key":"SMITH"}],"circlet_count":0,"master_deck":["Slimebound:Strike_Slimebound","Slimebound:Strike_Slimebound","Slimebound:Tackle","Slimebound:Defend_Slimebound","Slimebound:Defend_Slimebound","Slimebound:Defend_Slimebound","Slimebound:Defend_Slimebound","Slimebound:Split","Slimebound:CorrosiveSpit+1","Slimebound:GrowthPunch","Slimebound:LeechEnergy","Slimebound:LeechEnergy","Slimebound:MegaLick+1","Slimebound:LevelUp","Slimebound:RollThrough","Slimebound:LeechEnergy","Slimebound:GoopSpray","Slimebound:GrowthPunch","Slimebound:LeechingTouch","Slimebound:SlimeSlap+1","Slimebound:GrowthPunch","Slimebound:SlimeSpikes+1","Slimebound:Split","expansioncontent:Torchfire","Slimebound:SlimeSpikes","Slimebound:GrowthPunch","Slimebound:ViciousTackle+1","Slimebound:LivingWall+1","Slimebound:Gluttony","Slimebound:SpikyOuterGoop","Slimebound:Grow+1","Slimebound:ForwardTackle","Slimebound:Schlurp+1","Slimebound:SlimeSlap","Slimebound:LivingWall+1","Slimebound:LeechEnergy+1","Slimebound:Schlurp+1","Slimebound:RainOfGoop","Slimebound:SlimeSpikes+1","Slimebound:LeechLife","Flash of Steel"],"relics":["Slimebound:AbsorbEndCombat","hubris:Icosahedron","Omamori","Toy Ornithopter","Cursed Key","Replay:Wax Seal","Bag of Preparation","ReplayTheSpireMod:TigerMarble","Oddly Smooth Stone","hubris:TenFootPole","Calling Bell","conspire:TopHat","conspire:BottledYoYo","hubris:GlazedTorus","ReplayTheSpireMod:Ninjato","Garlic","Happy Flower"],"acts_visited":["Exordium","TheCity","TheBeyond"],"potions_floor_usage":[8,14,18,22,31,34,40,40,41],"damage_taken":[{"damage":5,"enemies":"2 Louse","floor":2,"turns":3},{"damage":5,"enemies":"Jaw Worm","floor":3,"turns":4},{"damage":5,"enemies":"downfall:FleeingMerchant","floor":5,"turns":4},{"damage":40,"enemies":"3 Sentries","floor":8,"turns":10},{"damage":0,"enemies":"Small Slimes","floor":9,"turns":4},{"damage":11,"enemies":"conspire:2 RoseBushes","floor":14,"turns":3},{"damage":11,"enemies":"Lots of Slimes","floor":15,"turns":3},{"damage":8,"enemies":"Red Slaver","floor":16,"turns":3},{"damage":20,"enemies":"Exordium Wildlife","floor":17,"turns":5},{"damage":54,"enemies":"downfall:Watcher","floor":18,"turns":10},{"damage":11,"enemies":"Shell Parasite","floor":21,"turns":5},{"damage":32,"enemies":"Centurion and Healer","floor":22,"turns":8},{"damage":9,"enemies":"3 Cultists","floor":24,"turns":4},{"damage":45,"enemies":"Shelled Parasite and Fungi","floor":25,"turns":6},{"damage":23,"enemies":"downfall:FleeingMerchant","floor":27,"turns":4},{"damage":17,"enemies":"Chosen and Byrds","floor":30,"turns":5},{"damage":7,"enemies":"downfall:FleeingMerchant","floor":31,"turns":4},{"damage":5,"enemies":"Snake Plant","floor":32,"turns":3},{"damage":14,"enemies":"Replay:Snechameleon","floor":33,"turns":6},{"damage":8,"enemies":"Snecko","floor":34,"turns":4},{"damage":55,"enemies":"downfall:Defect","floor":35,"turns":10},{"damage":5,"enemies":"Orb Walker","floor":38,"turns":4},{"damage":23,"enemies":"3 Darklings","floor":39,"turns":4},{"damage":15,"enemies":"Transient","floor":40,"turns":5},{"damage":14,"enemies":"4 Shapes","floor":41,"turns":6},{"damage":9,"enemies":"downfall:FleeingMerchant","floor":45,"turns":3},{"damage":95,"enemies":"Maw","floor":46,"turns":8}],"seed_played":"-4299468404318595449","potions_obtained":[{"floor":3,"key":"PowerPotion"},{"floor":8,"key":"Fire Potion"},{"floor":16,"key":"ColorlessPotion"},{"floor":17,"key":"DuplicationPotion"},{"floor":22,"key":"sneckomod:MuddlingPotion"},{"floor":24,"key":"Slimebound:SlimedPotion"},{"floor":32,"key":"GamblersBrew"},{"floor":34,"key":"hexamod:EctoCoolerPotion"},{"floor":35,"key":"Adrenaline Potion"},{"floor":39,"key":"LifebloodPotion"}],"is_trial":false,"path_per_floor":["R","M","M","?","$","R","T","E","M","PTL","PTL","?","R","M","M","M","M","B",null,"R","M","M","?","M","M","T","$","R","$","M","$","M","E","M","B",null,"R","M","M","M","M","R","T","R","$","M"],"character_chosen":"SLIMEBOUND","items_purchased":["Slimebound:MegaLick","Bag of Preparation","Slimebound:LivingWall+1","ReplayTheSpireMod:TigerMarble","Oddly Smooth Stone","Garlic","Happy Flower","Slimebound:LeechLife","Flash of Steel"],"campfire_rested":1,"item_purchase_floors":[5,27,27,29,31,45,45,45,45],"current_hp_per_floor":[66,65,66,66,65,65,65,57,66,66,66,66,66,65,66,66,66,49,66,66,66,65,65,66,48,48,49,66,56,63,66,66,66,66,33,66,66,66,59,66,66,66,66,66,61,0,0,0],"gold":50,"neow_bonus":"TEN_PERCENT_HP_BONUS","is_daily":false,"chose_seed":false,"campfire_upgraded":4,"win_rate":0.0,"timestamp":1610538879,"path_taken":["R","M","M","?","$","R","T","E","M","PTL","PTL","?","R","M","M","M","M","BOSS","R","M","M","?","?","M","T","?","R","?","M","$","M","E","M","BOSS","R","M","M","M","M","R","T","R","$","M"],"items_purchased_type":["Card","Relic","Card","Relic","Relic","Relic","Relic","Card","Card"],"build_version":"2020-12-22","purchased_purges":1,"victory":false,"max_hp_per_floor":[66,66,66,66,66,66,66,66,66,66,66,66,66,66,66,66,66,66,66,66,66,66,66,66,66,66,66,66,66,66,66,66,66,66,66,66,66,66,66,66,66,66,66,66,66,66,66,66],"card_choices":[{"not_picked":["Slimebound:HauntingLick","Slimebound:SplitAcid"],"picked":"Slimebound:GrowthPunch","floor":2},{"not_picked":["Slimebound:SlimeSpikes","Slimebound:Gluttony"],"picked":"Slimebound:LeechEnergy","floor":3},{"not_picked":["Slimebound:SplitBruiser","Slimebound:PressTheAttack"],"picked":"Slimebound:LeechEnergy","floor":5},{"not_picked":["Slimebound:AcidTongue","Slimebound:FinishingTackle"],"picked":"Slimebound:LevelUp","floor":8},{"not_picked":["Slimebound:SplitAcid","Slimebound:ForwardTackle"],"picked":"Slimebound:RollThrough","floor":9},{"not_picked":["Slimebound:SplitMire","Slimebound:LeechingTouch"],"picked":"Slimebound:LeechEnergy","floor":14},{"not_picked":["Slimebound:Overexert","Slimebound:LeadByExample"],"picked":"Slimebound:GoopSpray","floor":15},{"not_picked":["Slimebound:FinishingTackle","Slimebound:Repurpose"],"picked":"Slimebound:GrowthPunch","floor":16},{"not_picked":["Slimebound:ProtectTheBoss","Slimebound:FirmFortitude"],"picked":"Slimebound:LeechingTouch","floor":17},{"not_picked":["Slimebound:DuplicatedForm","Slimebound:DouseInSlime"],"picked":"Slimebound:SlimeSlap","floor":18},{"not_picked":["Slimebound:SplitBruiser","Slimebound:SplitAcid"],"picked":"Slimebound:GrowthPunch","floor":21},{"not_picked":["Slimebound:PressTheAttack","Slimebound:SlimeBarrage"],"picked":"Slimebound:SlimeSpikes+1","floor":22},{"not_picked":["Slimebound:PressTheAttack","Slimebound:SplitBruiser"],"picked":"Slimebound:SlimeSpikes","floor":24},{"not_picked":["Slimebound:SplitAcid+1","Slimebound:ProtectTheBoss+1"],"picked":"Slimebound:GrowthPunch","floor":25},{"not_picked":["Slimebound:Dissolve","Slimebound:PressTheAttack"],"picked":"Slimebound:ViciousTackle+1","floor":27},{"not_picked":["Slimebound:PressTheAttack","Slimebound:RallyTheTroops"],"picked":"Slimebound:Gluttony","floor":30},{"not_picked":["Slimebound:SplitBruiser","Slimebound:Dissolve"],"picked":"Slimebound:SpikyOuterGoop","floor":31},{"not_picked":["Slimebound:FlameTackle","Slimebound:ProtectTheBoss"],"picked":"Slimebound:Grow","floor":32},{"not_picked":["Slimebound:MinionMaster","Slimebound:Teamwork"],"picked":"Slimebound:ForwardTackle","floor":33},{"not_picked":["Slimebound:GoopSpray","Slimebound:FinishingTackle"],"picked":"Slimebound:Schlurp+1","floor":34},{"not_picked":["Slimebound:MassRepurpose","Slimebound:RallyTheTroops"],"picked":"Slimebound:SlimeSlap","floor":35},{"not_picked":["Slimebound:Schlurp+1","Slimebound:SlimeSpikes"],"picked":"Slimebound:LivingWall+1","floor":38},{"not_picked":["Slimebound:DisruptingSlam","Slimebound:TongueLash"],"picked":"Slimebound:LeechEnergy+1","floor":39},{"not_picked":["Slimebound:AcidTongue","Slimebound:Gluttony"],"picked":"Slimebound:Schlurp+1","floor":40},{"not_picked":["Slimebound:SplitLeeching","Slimebound:PressTheAttack"],"picked":"Slimebound:RainOfGoop","floor":41},{"not_picked":["Slimebound:PressTheAttack+1","Slimebound:RainOfGoop"],"picked":"Slimebound:SlimeSpikes+1","floor":45}],"player_experience":220168,"relics_obtained":[{"floor":7,"key":"Omamori"},{"floor":8,"key":"Toy Ornithopter"},{"floor":26,"key":"Replay:Wax Seal"},{"floor":33,"key":"hubris:TenFootPole"},{"floor":36,"key":"conspire:TopHat"},{"floor":36,"key":"conspire:BottledYoYo"},{"floor":36,"key":"hubris:GlazedTorus"},{"floor":43,"key":"ReplayTheSpireMod:Ninjato"}],"event_choices":[],"is_beta":false,"boss_relics":[{"not_picked":["Philosopher\u0027s Stone","conspire:SeveredTorchhead"],"picked":"Cursed Key"},{"not_picked":["hubris:BlackHole","hubris:HollowSoul"],"picked":"Calling Bell"}],"items_purged_floors":[45],"is_endless":false,"potions_floor_spawned":[3,8,16,17,22,24,32,34,35,39],"killed_by":"Maw","ascension_level":0}}