{"host":"1u4zr9vl8my47i07","time":1610521062,"event":{"mods":["AchievementEnabler","BaseMod","DeckTracker","Highlight Path","Keyboard Shortcuts","Minty Spire (QoL Compilation)","Relic Stats","StSLib","SuperFastMode","Uncapped","Waifu the Spire","everything is the same but u backflip on backflip"],"gold_per_floor":[117,135,135,210,210,210,240,257,284,284,284],"floor_reached":10,"language":"KOR","playtime":282,"items_purged":[],"score":119,"play_id":"46bf1161-de63-4dec-a1d6-f7823e2d7b37","local_time":"20210113155742","is_ascension_mode":true,"campfire_choices":[{"floor":6,"key":"REST"}],"circlet_count":0,"master_deck":["AscendersBane","Strike_R","Strike_R","Defend_R","Defend_R","Defend_R","Defend_R","Bash","Intimidate","Combust","Ghostly Armor","Rupture","Power Through"],"relics":["Burning Blood","Oddly Smooth Stone","Potion Belt"],"acts_visited":["Exordium"],"potions_floor_usage":[],"damage_taken":[{"damage":11,"enemies":"Cultist","floor":1,"turns":4},{"damage":9,"enemies":"Small Slimes","floor":2,"turns":4},{"damage":42,"enemies":"3 Sentries","floor":7,"turns":8},{"damage":5,"enemies":"Jaw Worm","floor":8,"turns":5},{"damage":18,"enemies":"Gremlin Nob","floor":10,"turns":4}],"seed_played":"3078075202624109703","potions_obtained":[{"floor":7,"key":"ElixirPotion"},{"floor":8,"key":"Energy Potion"}],"is_trial":false,"path_per_floor":["M","M","?","?","?","R","E","M","T","E"],"character_chosen":"IRONCLAD","items_purchased":[],"campfire_rested":1,"item_purchase_floors":[],"current_hp_per_floor":[45,42,42,31,31,53,17,18,18,0,0],"gold":284,"neow_bonus":"REMOVE_TWO","is_daily":false,"chose_seed":false,"campfire_upgraded":0,"win_rate":0.0,"timestamp":1610521062,"path_taken":["M","M","?","?","?","R","E","M","T","E"],"items_purchased_type":[],"build_version":"2020-12-22","purchased_purges":0,"victory":false,"max_hp_per_floor":[75,75,75,75,75,75,75,75,75,75,75],"relic_stats":{"counters":[5,25],"obtain_stats":[{"Potion Belt":9,"Oddly Smooth Stone":7,"Burning Blood":0},{"Potion Belt":4,"Oddly Smooth Stone":3,"Burning Blood":0},{"Potion Belt":21,"Oddly Smooth Stone":16,"Burning Blood":0}],"Burning Blood":24},"card_choices":[{"not_picked":["Armaments","Metallicize"],"picked":"Intimidate","floor":1},{"not_picked":["Havoc","Flex"],"picked":"Combust","floor":2},{"not_picked":["Headbutt","Entrench"],"picked":"Rupture","floor":7},{"not_picked":["Hemokinesis","Dark Embrace"],"picked":"Power Through","floor":8}],"player_experience":322411,"relics_obtained":[{"floor":7,"key":"Oddly Smooth Stone"},{"floor":9,"key":"Potion Belt"}],"event_choices":[{"damage_healed":0,"gold_gain":0,"cards_transformed":["Strike_R"],"player_choice":"Change","damage_taken":0,"max_hp_gain":0,"max_hp_loss":0,"event_name":"Living Wall","floor":3,"gold_loss":0,"cards_obtained":["Ghostly Armor"]},{"damage_healed":0,"gold_gain":75,"player_choice":"Gather Gold","damage_taken":11,"max_hp_gain":0,"max_hp_loss":0,"event_name":"World of Goop","floor":4,"gold_loss":0},{"damage_healed":0,"gold_gain":0,"player_choice":"Ignored","damage_taken":0,"max_hp_gain":0,"max_hp_loss":0,"event_name":"Liars Game","floor":5,"gold_loss":0}],"is_beta":false,"boss_relics":[],"items_purged_floors":[],"is_endless":false,"potions_floor_spawned":[7,8],"killed_by":"Gremlin Nob","ascension_level":16}}