{"host":"n264v15x7h51zqzc","time":1610572070,"event":{"mods":["AchievementEnabler","BaseMod","Colored Powertips","Googly Eyes","Infinite Spire","Minty Spire (QoL Compilation)","Replay The Spire","StSLib"],"gold_per_floor":[3000,2172,2379,1696,1715,1715,1715,1729,1774,1774,1802,1802,1802,1842,1842,1971,1971,1992,1365,1378,1398,1422,1466,1480,1500,1525,1525,832,863,863,898,898,1027,1027,1052,1073,1088,1112,1112,1155,1155,1174,1223,1236,1249,1289,1325,1343,1343,1480,1480,1487,1562,1562,1571,1040,1078,1084,1094,1094,1155,1183,1198,1227,1227,1227,1336,1336,1344,1344,1369,1215,1232,1232,1248,1173,1173,1173,1181,1208,1214,1242,1242,1342,1342,1353,1397,1347,1359,1367,1388,1388,1406,1406,1427,1477,1477,1485,1494,1494,1556,1556,1569,1569,1485,1585,1597,1621,1621,1646,1700,1700,1700,1724,1606,1681,1681,1793,1793,1802,1802,1829,1832,1836,1865,1865,1883,1910,1929,1951,1955,1955,1963,1963,2070,2070,2086,2086,2198,2198,2198,2070,2104,2189],"floor_reached":145,"language":"ENG","playtime":5589,"items_purged":["Strike_B","Defend_B","Strike_B","Defend_B","Defend_B","Strike_B+1","Defend_B","Chill","Conserve Battery"],"score":4971,"play_id":"465ff813-b33e-4927-b078-7347da33f02f","local_time":"20210113150750","is_ascension_mode":true,"campfire_choices":[{"data":"Replay:Dark Deal","floor":6,"key":"SMITH"},{"data":"Ball Lightning","floor":10,"key":"SMITH"},{"floor":15,"key":"RECALL"},{"data":"Blizzard","floor":27,"key":"SMITH"},{"data":"Zap","floor":30,"key":"SMITH"},{"data":"Time Bomb","floor":32,"key":"SMITH"},{"data":"Electrodynamics","floor":41,"key":"SMITH"},{"floor":49,"key":"DIG"},{"data":"Creative AI","floor":66,"key":"SMITH"},{"floor":78,"key":"REST"},{"floor":83,"key":"REST"},{"data":"Blizzard+1","floor":100,"key":"PURGE"},{"data":"ReplayTheSpireMod:Fabricate Wheel","floor":117,"key":"PURGE"},{"floor":141,"key":"REST"}],"circlet_count":1,"master_deck":["Strike_B+2","Zap+1","Dualcast","Coolheaded","FIFO Queue+1","Replay:Dark Deal+1","Cold Snap","Ball Lightning+1","Seek+1","Crystallizer+1","Conserve Battery","Time Bomb+1","Heatsinks","Conserve Battery","Coolheaded","Electrodynamics+1","Redo+1","Time Bomb+1","CurseOfTheBell","White Noise","Ball Lightning+1","Self Repair","Storm+1","Creative AI+1","Capacitor","Storm","Loop","Static Discharge","Glacier","Hologram+1","Glacier","infinitespire:Collect","Storm+1","Crystallizer","Electrodynamics","FIFO Queue","Time Bomb","ReplayTheSpireMod:Calculation Training+1","Glacier","Heatsinks","BasicCrystalCard+1","Loop+1","Conserve Battery+1","Storm+1","infinitespire:NeuralNetwork","Storm+1","infinitespire:UltimateForm","infinitespire:FutureSight","Time Bomb","Storm+1","Storm+1"],"relics":["FrozenCore","Oddly Smooth Stone","Toy Ornithopter","HandDrill","Replay:Frozen Program","StoneCalendar","ReplayTheSpireMod:TigerMarble","Bag of Marbles","Golden Idol","Boot","Nuclear Battery","Replay:Rubber Ducky","Guide Book","Pear","DataDisk","Whetstone","Art of War","Medical Kit","Carrot","Pen Nib","Black Star","Calling Bell","Geode","Calipers","Solar Panel","ReplayTheSpireMod:Ninjato","Chameleon Ring","Vajra","Replay:Bandana","Smiling Mask","Quantum Egg","Mango","Juzu Bracelet","Bottled Lightning","FossilizedHelix","infinitespire:Satchel","Tiny Chest","infinitespire:SolderingIron","Mercury Hourglass","infinitespire:Freezer","Dream Catcher","Pantograph","Fusion Hammer","Blood Vial","Prayer Wheel","PreservedInsect","infinitespire:Beetle Shell","ReplayTheSpireMod:Shallot","Pet Ghost","Ancient Tea Set","Molten Egg 2","Incense Burner","Busted Crown","infinitespire:Joker Card","infinitespire:CursedDice","Lantern","infinitespire:FocusingShard","Shuriken","Potion Belt","Divine Protection","Bag of Preparation","Nunchaku","Omamori","infinitespire:BlackEgg","Circlet","Replay:Wax Seal","ReplayTheSpireMod:Lightbulb","Replay:Antivirus Software","infinitespire:WardingShard","Golden Egg","Bronze Scales","InkBottle","ChewingGum","Simple Rune","Mirror","Onion Ring","Regal Pillow","WingedGreaves","Replay:Baseball","ReplayFunnel","Strawberry","infinitespire:PuzzleCube","Torii","The Courier","Gremlin Food"],"acts_visited":["Exordium","TheCity","TheBeyond","Exordium","TheCity","TheBeyond","Exordium","TheCity","TheBeyond","TheEnding"],"potions_floor_usage":[11,14,16,20,23,23,29,33,33,37,44,47,63,64,67,80,101,101,101,101,118,144,144],"damage_taken":[{"damage":0,"enemies":"Small Slimes","floor":1,"turns":2},{"damage":5,"enemies":"2 Louse","floor":5,"turns":3},{"damage":3,"enemies":"infinitespire:Voidling","floor":8,"turns":4},{"damage":0,"enemies":"Lagavulin","floor":11,"turns":2},{"damage":0,"enemies":"Replay:BlueRogue","floor":14,"turns":6},{"damage":6,"enemies":"The Guardian","floor":16,"turns":7},{"damage":14,"enemies":"Spheric Guardian","floor":18,"turns":4},{"damage":10,"enemies":"Shell Parasite","floor":20,"turns":5},{"damage":0,"enemies":"Sentry and Sphere","floor":21,"turns":6},{"damage":4,"enemies":"Shelled Parasite and Fungi","floor":22,"turns":5},{"damage":0,"enemies":"Nightmare","floor":23,"turns":6},{"damage":5,"enemies":"Centurion and Healer","floor":24,"turns":5},{"damage":0,"enemies":"3 Cultists","floor":25,"turns":6},{"damage":6,"enemies":"Replay:Snechameleon","floor":29,"turns":5},{"damage":22,"enemies":"Gremlin Leader","floor":31,"turns":4},{"damage":0,"enemies":"Champ","floor":33,"turns":8},{"damage":0,"enemies":"Orb Walker","floor":35,"turns":4},{"damage":0,"enemies":"3 Shapes","floor":36,"turns":4},{"damage":0,"enemies":"Sphere and 2 Shapes","floor":37,"turns":4},{"damage":0,"enemies":"Maw","floor":38,"turns":7},{"damage":0,"enemies":"Reptomancer","floor":40,"turns":1},{"damage":0,"enemies":"Spire Growth","floor":42,"turns":4},{"damage":0,"enemies":"3 Darklings","floor":44,"turns":4},{"damage":0,"enemies":"Maw","floor":45,"turns":5},{"damage":0,"enemies":"R_Hoarder","floor":46,"turns":5},{"damage":0,"enemies":"Transient","floor":47,"turns":5},{"damage":0,"enemies":"4 Shapes","floor":48,"turns":2},{"damage":35,"enemies":"Replay:Hell Engine","floor":50,"turns":13},{"damage":1,"enemies":"2 Louse","floor":52,"turns":1},{"damage":11,"enemies":"Small Slimes","floor":55,"turns":1},{"damage":0,"enemies":"3 Sentries","floor":57,"turns":1},{"damage":0,"enemies":"Cultist","floor":58,"turns":2},{"damage":0,"enemies":"3 Louse","floor":59,"turns":1},{"damage":0,"enemies":"Lagavulin Event","floor":61,"turns":3},{"damage":0,"enemies":"Lagavulin","floor":62,"turns":3},{"damage":0,"enemies":"Lots of Slimes","floor":63,"turns":2},{"damage":0,"enemies":"Gremlin Nob","floor":64,"turns":2},{"damage":0,"enemies":"Slime Boss","floor":67,"turns":4},{"damage":0,"enemies":"Chosen","floor":69,"turns":2},{"damage":20,"enemies":"2 Thieves","floor":73,"turns":2},{"damage":0,"enemies":"Gremlin Leader","floor":75,"turns":3},{"damage":14,"enemies":"Snake Plant","floor":79,"turns":1},{"damage":26,"enemies":"Slavers","floor":80,"turns":1},{"damage":0,"enemies":"Snecko","floor":81,"turns":2},{"damage":0,"enemies":"Gremlin Leader","floor":82,"turns":3},{"damage":0,"enemies":"Champ","floor":84,"turns":6},{"damage":0,"enemies":"Orb Walker","floor":86,"turns":2},{"damage":0,"enemies":"Mind Bloom Boss Battle","floor":87,"turns":3},{"damage":0,"enemies":"3 Darklings","floor":89,"turns":2},{"damage":0,"enemies":"Spire Growth","floor":90,"turns":3},{"damage":0,"enemies":"Reptomancer","floor":91,"turns":2},{"damage":36,"enemies":"Nightmare","floor":93,"turns":3},{"damage":0,"enemies":"Giant Head","floor":95,"turns":4},{"damage":0,"enemies":"Writhing Mass","floor":98,"turns":1},{"damage":0,"enemies":"4 Shapes","floor":99,"turns":1},{"damage":0,"enemies":"LordOfAnnihilation","floor":101,"turns":7},{"damage":0,"enemies":"Cultist","floor":103,"turns":1},{"damage":0,"enemies":"Jaw Worm","floor":107,"turns":1},{"damage":0,"enemies":"Lagavulin","floor":108,"turns":1},{"damage":0,"enemies":"Gremlin Nob","floor":110,"turns":1},{"damage":0,"enemies":"Nightmare","floor":114,"turns":3},{"damage":0,"enemies":"The Guardian","floor":118,"turns":2},{"damage":0,"enemies":"2 Thieves","floor":120,"turns":1},{"damage":0,"enemies":"Chosen","floor":123,"turns":1},{"damage":0,"enemies":"Snake Plant","floor":124,"turns":1},{"damage":0,"enemies":"Slavers","floor":125,"turns":1},{"damage":0,"enemies":"Book of Stabbing","floor":127,"turns":1},{"damage":0,"enemies":"Nightmare","floor":129,"turns":2},{"damage":0,"enemies":"Gremlin Leader","floor":130,"turns":1},{"damage":0,"enemies":"Centurion and Healer","floor":131,"turns":1},{"damage":0,"enemies":"Cultist and Chosen","floor":133,"turns":1},{"damage":0,"enemies":"Automaton","floor":135,"turns":2},{"damage":0,"enemies":"3 Shapes","floor":137,"turns":1},{"damage":0,"enemies":"infinitespire:MassOfShapes","floor":139,"turns":3},{"damage":0,"enemies":"Shield and Spear","floor":143,"turns":1},{"damage":35,"enemies":"The Heart","floor":144,"turns":6}],"seed_played":"579423805034993852","potions_obtained":[{"floor":1,"key":"Reflective Coating"},{"floor":16,"key":"Reflective Coating"},{"floor":18,"key":"Swift Potion"},{"floor":22,"key":"Languid Potion"},{"floor":25,"key":"ColorlessPotion"},{"floor":31,"key":"LiquidBronze"},{"floor":33,"key":"ColorlessPotion"},{"floor":36,"key":"Fire Potion"},{"floor":37,"key":"FocusPotion"},{"floor":42,"key":"Regen Potion"},{"floor":46,"key":"Energy Potion"},{"floor":50,"key":"Fire Potion"},{"floor":63,"key":"SpeedPotion"},{"floor":64,"key":"Energy Potion"},{"floor":67,"key":"ColorlessPotion"},{"floor":74,"key":"PowerPotion"},{"floor":82,"key":"PowerPotion"},{"floor":97,"key":"Venom Potion"},{"floor":97,"key":"Strength Potion"},{"floor":99,"key":"DuplicationPotion"},{"floor":108,"key":"infinitespire:BlackPotion"},{"floor":118,"key":"Flashbang"},{"floor":125,"key":"PotionOfCapacity"},{"floor":126,"key":"Explosive Potion"},{"floor":126,"key":"SpeedPotion"},{"floor":127,"key":"PowerPotion"},{"floor":144,"key":"Fruit Juice"}],"is_trial":false,"path_per_floor":["M","$","?","$","M","R","?","M","T","R","E","?","?","E","R","B",null,"M","$","M","M","M","NM","M","M","T","R","$","E","R","E","R","B",null,"M","M","M","M","AVR","E","R","M","T","M","M","E","M","M","R","B",null,"M","?","T","M","$","E","M","M","T","?","E","M","E","?","R","B",null,"M","?","T","$","M","R","E","?","T","R","M","E","M","E","R","B",null,"M","?","$","M","M","E","T","NM","T","E","T","R","M","M","R","B",null,"M","?","$","?","M","E","?","E","T","T","?","NM","?","?","R","B",null,"M","AVR","T","M","M","E","R","E","T","NM","E","M","?","M","R","B",null,"M","?","B",null,"R","$","E","B",null],"character_chosen":"DEFECT","items_purchased":["Oddly Smooth Stone","FIFO Queue+1","Toy Ornithopter","HandDrill","EssenceOfSteel","Replay:Dark Deal","Replay:Frozen Program","StoneCalendar","infinitespire:BlackPotion","Crystallizer","Replay:Rubber Ducky","Guide Book","Conserve Battery","Fruit Juice","Whetstone","Art of War","Medical Kit","BlessingOfTheForge","Conserve Battery","Juzu Bracelet","Loop","Bottled Lightning","Glacier","Chill","Storm","Storm"],"campfire_rested":3,"item_purchase_floors":[2,2,2,2,2,2,4,4,4,19,19,19,19,19,28,28,28,28,28,56,56,56,72,72,105,142],"current_hp_per_floor":[82,82,62,62,57,57,57,54,54,54,59,59,64,69,69,68,76,62,62,62,62,58,78,73,73,73,73,73,72,72,50,50,60,91,91,91,91,91,91,91,91,91,91,91,91,91,91,91,91,67,91,91,80,94,93,93,97,105,105,105,105,105,105,105,105,105,105,105,105,105,105,105,103,103,105,105,105,105,103,95,105,105,105,105,105,105,105,105,105,105,105,105,73,73,89,89,89,105,105,105,105,105,105,79,79,79,95,105,84,104,104,104,104,105,105,94,94,105,105,105,105,105,105,105,105,105,105,105,112,112,112,112,112,112,112,112,112,112,112,112,112,112,112,117],"gold":2189,"neow_bonus":"TEN_PERCENT_HP_BONUS","is_daily":false,"chose_seed":false,"campfire_upgraded":7,"win_rate":0.0,"timestamp":1610572070,"path_taken":["M","$","?","$","M","R","?","M","T","R","E","?","?","E","R","BOSS","M","$","M","M","M","NM","M","M","T","R","$","E","R","E","R","BOSS","M","M","?","M","AVR","E","R","M","T","M","M","E","M","M","R","BOSS","M","?","?","M","$","E","M","M","T","?","E","M","E","?","R","BOSS","M","?","?","$","M","R","E","?","T","R","M","E","M","E","R","BOSS","M","?","$","M","M","E","?","NM","T","E","?","R","M","M","R","BOSS","M","?","$","?","M","E","?","E","T","?","?","NM","?","?","R","BOSS","M","AVR","?","M","M","E","R","E","T","NM","E","M","?","M","R","BOSS","M","?","BOSS","R","$","E","BOSS"],"items_purchased_type":["Relic","Card","Relic","Relic","Potion","Card","Relic","Relic","Potion","Card","Relic","Relic","Card","Potion","Relic","Relic","Relic","Potion","Card","Relic","Card","Relic","Card","Card","Card","Card"],"build_version":"2020-12-22","purchased_purges":9,"victory":true,"max_hp_per_floor":[82,82,82,82,82,82,82,82,82,82,82,76,76,76,76,76,76,76,76,81,81,81,91,91,91,91,91,91,91,91,91,91,91,91,91,91,91,91,91,91,91,91,91,91,91,91,91,91,91,91,91,91,91,105,105,105,105,105,105,105,105,105,105,105,105,105,105,105,105,105,105,105,105,105,105,105,105,105,105,105,105,105,105,105,105,105,105,105,105,105,105,105,105,105,105,105,105,105,105,105,105,105,105,105,105,105,105,105,105,105,105,105,105,105,105,105,105,105,105,105,105,105,105,105,105,105,105,105,112,112,112,112,112,112,112,112,112,112,112,112,112,112,112,119],"card_choices":[{"not_picked":["Gash","Lockon"],"picked":"Coolheaded","floor":1},{"not_picked":["Gash","Hologram"],"picked":"Cold Snap","floor":3},{"not_picked":["Turbo","BootSequence"],"picked":"Ball Lightning","floor":5},{"not_picked":["Genetic Algorithm","Scrape","Hologram"],"picked":"SKIP","floor":8},{"not_picked":["Aggregate","Streamline"],"picked":"Coolheaded","floor":11},{"not_picked":["Chaos","Reinforced Body","Biased Cognition"],"picked":"SKIP","floor":14},{"not_picked":["Biased Cognition","Multi-Cast"],"picked":"Seek","floor":16},{"not_picked":["Hologram","Steam","Sweeping Beam+1"],"picked":"SKIP","floor":18},{"not_picked":["Coolheaded","Leap"],"picked":"Conserve Battery","floor":20},{"not_picked":["Recycle","ReplaySolidLightProjector"],"picked":"Blizzard","floor":21},{"not_picked":["Panic Button","Stack"],"picked":"Hello World","floor":22},{"not_picked":["Aggregate","Gash"],"picked":"Time Bomb","floor":23},{"not_picked":["Compile Driver","Gash"],"picked":"Heatsinks","floor":24},{"not_picked":["Compile Driver","Auto Shields","Reprogram"],"picked":"SKIP","floor":25},{"not_picked":["Streamline","Gash","Compile Driver"],"picked":"SKIP","floor":29},{"not_picked":["Aggregate","Core Surge"],"picked":"Coolheaded","floor":31},{"not_picked":["Multi-Cast","Meteor Strike"],"picked":"Electrodynamics","floor":33},{"not_picked":["Stack+1","Leap"],"picked":"Redo+1","floor":35},{"not_picked":["Hologram+1","Leap","Steam+1"],"picked":"SKIP","floor":36},{"not_picked":["Melter","BasicCrystalCard","Sweeping Beam+1"],"picked":"SKIP","floor":37},{"not_picked":["Coolheaded+1","Ball Lightning"],"picked":"Time Bomb+1","floor":38},{"not_picked":["Darkness+1","Reprogram","Compile Driver+1"],"picked":"SKIP","floor":40},{"not_picked":["FIFO Queue","Tempest+1"],"picked":"White Noise","floor":42},{"not_picked":["Reprogram","ReplayTheSpireMod:System Scan"],"picked":"Ball Lightning+1","floor":44},{"not_picked":["Ball Lightning","Steam+1","Fission"],"picked":"SKIP","floor":45},{"not_picked":["Beam Cell","Cold Snap+1","Rip and Tear+1"],"picked":"SKIP","floor":46},{"not_picked":["Stack","Beam Cell"],"picked":"Self Repair","floor":47},{"not_picked":["Beam Cell","ReplayTheSpireMod:Calculation Training"],"picked":"Storm+1","floor":48},{"not_picked":["ReplayTheSpireMod:Omega Cannon","ReplayRNGCard"],"picked":"Creative AI","floor":50},{"not_picked":["Force Field","ReplayTheSpireMod:Repulse"],"picked":"Capacitor","floor":52},{"not_picked":["Tempest","Rip and Tear"],"picked":"Storm","floor":55},{"not_picked":["Barrage","Go for the Eyes"],"picked":"Static Discharge","floor":57},{"not_picked":["Rebound","Fusion"],"picked":"Glacier","floor":58},{"not_picked":["Undo","Ball Lightning","Leap"],"picked":"SKIP","floor":59},{"not_picked":["Scrape","Blizzard","ReplaySolidLightProjector"],"picked":"SKIP","floor":62},{"not_picked":["Reinforced Body","ReplayGash"],"picked":"Crystallizer","floor":63},{"not_picked":["ReplayGash","Fusion","Compile Driver"],"picked":"SKIP","floor":64},{"not_picked":["Core Surge","Biased Cognition"],"picked":"ReplayTheSpireMod:Fabricate Wheel","floor":67},{"not_picked":["Rebound","Static Discharge","BasicCrystalCard"],"picked":"SKIP","floor":69},{"not_picked":["ReplayTheSpireMod:Chaos Vortex","infinitespire:Gouge"],"picked":"infinitespire:Collect","floor":73},{"not_picked":["Rip and Tear+1","ReplaySort"],"picked":"Storm+1","floor":73},{"not_picked":["Tempest","FTL"],"picked":"Crystallizer","floor":75},{"not_picked":["Gash","Ball Lightning"],"picked":"Electrodynamics","floor":79},{"not_picked":["Genetic Algorithm+1","Tempest","Ball Lightning"],"picked":"SKIP","floor":79},{"not_picked":["Multi-Cast","Steam Power"],"picked":"FIFO Queue","floor":80},{"not_picked":["Cold Snap","Leap"],"picked":"Time Bomb","floor":81},{"not_picked":["Leap+1","Coolheaded"],"picked":"ReplayTheSpireMod:Calculation Training","floor":81},{"not_picked":["Go for the Eyes+1","Sweeping Beam+1"],"picked":"Glacier","floor":82},{"not_picked":["Steam","Leap+1"],"picked":"Heatsinks","floor":83},{"not_picked":["Buffer","Reboot"],"picked":"ReplayTheSpireMod:Fabricate Wheel","floor":84},{"not_picked":["Compile Driver+1"],"picked":"SKIP","floor":86},{"not_picked":["Go for the Eyes+1"],"picked":"SKIP","floor":86},{"not_picked":[],"picked":"BasicCrystalCard+1","floor":89},{"not_picked":["BasicCrystalCard"],"picked":"SKIP","floor":89},{"not_picked":[],"picked":"Loop+1","floor":90},{"not_picked":[],"picked":"Conserve Battery+1","floor":90},{"not_picked":["ReplayTheSpireMod:GoodbyeWorld+1"],"picked":"SKIP","floor":91},{"not_picked":["Cold Snap+1"],"picked":"SKIP","floor":93},{"not_picked":[],"picked":"Storm+1","floor":95},{"not_picked":["Streamline+1"],"picked":"SKIP","floor":98},{"not_picked":["Steam+1"],"picked":"SKIP","floor":98},{"not_picked":["Genetic Algorithm"],"picked":"SKIP","floor":99},{"not_picked":["Blizzard+1"],"picked":"SKIP","floor":99},{"not_picked":["infinitespire:TheBestDefense","ReplayTheSpireMod:Black Plague"],"picked":"infinitespire:NeuralNetwork","floor":101},{"not_picked":["Leap"],"picked":"SKIP","floor":103},{"not_picked":["FIFO Queue"],"picked":"SKIP","floor":103},{"not_picked":["FTL+1"],"picked":"SKIP","floor":107},{"not_picked":["Turbo"],"picked":"SKIP","floor":107},{"not_picked":["Hologram"],"picked":"SKIP","floor":108},{"not_picked":["Reboot"],"picked":"SKIP","floor":110},{"not_picked":["Conserve Battery"],"picked":"SKIP","floor":114},{"not_picked":["Cold Snap+1"],"picked":"SKIP","floor":120},{"not_picked":["Panic Button"],"picked":"SKIP","floor":120},{"not_picked":["Rip and Tear+1"],"picked":"SKIP","floor":123},{"not_picked":["ReplaySolidLightProjector+1"],"picked":"SKIP","floor":123},{"not_picked":["Compile Driver+1"],"picked":"SKIP","floor":124},{"not_picked":["Steam Power"],"picked":"SKIP","floor":124},{"not_picked":["Barrage+1"],"picked":"SKIP","floor":125},{"not_picked":["Rebound+1"],"picked":"SKIP","floor":127},{"not_picked":["Rainbow"],"picked":"SKIP","floor":129},{"not_picked":["ReplayGash+1"],"picked":"SKIP","floor":130},{"not_picked":["Heatsinks"],"picked":"SKIP","floor":131},{"not_picked":["Melter+1"],"picked":"SKIP","floor":131},{"not_picked":["BasicCrystalCard"],"picked":"SKIP","floor":133},{"not_picked":["Ball Lightning+1"],"picked":"SKIP","floor":133},{"not_picked":[],"picked":"Storm+1","floor":137},{"not_picked":["Go for the Eyes+1"],"picked":"SKIP","floor":137},{"not_picked":["BootSequence"],"picked":"SKIP","floor":143}],"player_experience":165192,"relics_obtained":[{"floor":7,"key":"ReplayTheSpireMod:TigerMarble"},{"floor":11,"key":"Bag of Marbles"},{"floor":14,"key":"Boot"},{"floor":23,"key":"Pear"},{"floor":26,"key":"DataDisk"},{"floor":29,"key":"Carrot"},{"floor":31,"key":"Pen Nib"},{"floor":39,"key":"Geode"},{"floor":39,"key":"Calipers"},{"floor":39,"key":"Solar Panel"},{"floor":40,"key":"ReplayTheSpireMod:Ninjato"},{"floor":40,"key":"Chameleon Ring"},{"floor":43,"key":"Vajra"},{"floor":46,"key":"Replay:Bandana"},{"floor":46,"key":"Smiling Mask"},{"floor":49,"key":"Quantum Egg"},{"floor":54,"key":"Mango"},{"floor":57,"key":"FossilizedHelix"},{"floor":57,"key":"infinitespire:Satchel"},{"floor":60,"key":"Tiny Chest"},{"floor":62,"key":"Mercury Hourglass"},{"floor":62,"key":"infinitespire:Freezer"},{"floor":64,"key":"Dream Catcher"},{"floor":64,"key":"Pantograph"},{"floor":71,"key":"Blood Vial"},{"floor":75,"key":"PreservedInsect"},{"floor":75,"key":"infinitespire:Beetle Shell"},{"floor":77,"key":"ReplayTheSpireMod:Shallot"},{"floor":80,"key":"Pet Ghost"},{"floor":80,"key":"Ancient Tea Set"},{"floor":82,"key":"Molten Egg 2"},{"floor":82,"key":"Incense Burner"},{"floor":87,"key":"infinitespire:Joker Card"},{"floor":91,"key":"infinitespire:CursedDice"},{"floor":91,"key":"Lantern"},{"floor":92,"key":"infinitespire:FocusingShard"},{"floor":93,"key":"Shuriken"},{"floor":93,"key":"Potion Belt"},{"floor":94,"key":"Divine Protection"},{"floor":95,"key":"Bag of Preparation"},{"floor":95,"key":"Nunchaku"},{"floor":96,"key":"Omamori"},{"floor":108,"key":"Replay:Wax Seal"},{"floor":110,"key":"ReplayTheSpireMod:Lightbulb"},{"floor":111,"key":"Replay:Antivirus Software"},{"floor":112,"key":"infinitespire:WardingShard"},{"floor":114,"key":"Golden Egg"},{"floor":114,"key":"Bronze Scales"},{"floor":122,"key":"Simple Rune"},{"floor":125,"key":"Mirror"},{"floor":125,"key":"Onion Ring"},{"floor":127,"key":"Regal Pillow"},{"floor":127,"key":"WingedGreaves"},{"floor":128,"key":"Replay:Baseball"},{"floor":129,"key":"ReplayFunnel"},{"floor":129,"key":"Strawberry"},{"floor":130,"key":"infinitespire:PuzzleCube"},{"floor":130,"key":"Torii"},{"floor":143,"key":"The Courier"},{"floor":143,"key":"Gremlin Food"}],"event_choices":[{"damage_healed":0,"gold_gain":0,"player_choice":"Lose Max HP","damage_taken":0,"relics_obtained":["Golden Idol"],"max_hp_gain":0,"max_hp_loss":6,"event_name":"Golden Idol","floor":12,"gold_loss":0},{"cards_removed":["Coolheaded"],"damage_healed":5,"gold_gain":0,"player_choice":"Offered Common","damage_taken":0,"max_hp_gain":0,"max_hp_loss":0,"event_name":"Bonfire Elementals","floor":13,"gold_loss":0},{"cards_removed":["Coolheaded"],"damage_healed":5,"gold_gain":0,"player_choice":"Offered Special","damage_taken":0,"max_hp_gain":0,"max_hp_loss":0,"event_name":"Bonfire Elementals","floor":13,"gold_loss":0},{"damage_healed":0,"gold_gain":75,"player_choice":"Gather Gold","damage_taken":11,"max_hp_gain":0,"max_hp_loss":0,"event_name":"World of Goop","floor":53,"gold_loss":0},{"damage_healed":0,"gold_gain":0,"player_choice":"Searched \u00273\u0027 times","damage_taken":0,"relics_obtained":["infinitespire:SolderingIron"],"max_hp_gain":0,"max_hp_loss":0,"event_name":"Dead Adventurer","floor":61,"gold_loss":0},{"cards_removed":["Hello World"],"damage_healed":0,"gold_gain":0,"player_choice":"Gave Gold","damage_taken":0,"max_hp_gain":0,"max_hp_loss":0,"event_name":"Beggar","floor":76,"gold_loss":75},{"damage_healed":0,"gold_gain":0,"player_choice":"Fight","damage_taken":0,"max_hp_gain":0,"max_hp_loss":0,"event_name":"MindBloom","floor":87,"gold_loss":0},{"damage_healed":0,"gold_gain":0,"player_choice":"Take Damage","damage_taken":26,"relics_obtained":["Circlet"],"max_hp_gain":0,"max_hp_loss":0,"event_name":"Golden Idol","floor":104,"gold_loss":0},{"damage_healed":0,"gold_gain":100,"player_choice":"Pray","damage_taken":0,"max_hp_gain":0,"max_hp_loss":0,"event_name":"Golden Shrine","floor":106,"gold_loss":0},{"damage_healed":0,"gold_gain":0,"player_choice":"Entered Light","damage_taken":21,"max_hp_gain":0,"max_hp_loss":0,"event_name":"Shining Light","floor":109,"gold_loss":0,"cards_upgraded":["ReplayTheSpireMod:Calculation Training","Storm"]},{"damage_healed":0,"gold_gain":0,"player_choice":"0 cards matched","damage_taken":0,"max_hp_gain":0,"max_hp_loss":0,"event_name":"Match and Keep!","floor":113,"gold_loss":0,"cards_obtained":[]},{"damage_healed":0,"gold_gain":0,"player_choice":"Paid Gold","damage_taken":0,"relics_obtained":["InkBottle"],"max_hp_gain":0,"max_hp_loss":0,"event_name":"WeMeetAgain","floor":115,"gold_loss":118},{"damage_healed":0,"gold_gain":75,"player_choice":"Gather Gold","damage_taken":11,"max_hp_gain":0,"max_hp_loss":0,"event_name":"World of Goop","floor":116,"gold_loss":0},{"damage_healed":0,"gold_gain":0,"player_choice":"Read","damage_taken":0,"max_hp_gain":0,"max_hp_loss":0,"event_name":"The Library","floor":132,"gold_loss":0,"cards_obtained":["Time Bomb"]},{"damage_healed":0,"gold_gain":0,"player_choice":"Took Portal","damage_taken":0,"max_hp_gain":0,"max_hp_loss":0,"event_name":"SecretPortal","floor":138,"gold_loss":0}],"is_beta":false,"boss_relics":[{"not_picked":["Philosopher\u0027s Stone","SacredBark"],"picked":"Nuclear Battery"},{"not_picked":["Snecko Eye","SlaversCollar"],"picked":"Black Star"},{"not_picked":["Fusion Hammer","Replay:Drink Me","Ring of Chaos"]},{"not_picked":["SacredBark","Kintsugi"],"picked":"Fusion Hammer"},{"not_picked":["Coffee Dripper","Replay:Grab Bag"],"picked":"Busted Crown"},{"not_picked":["ReplayTheSpireMod:SealedPack","ReplayTheSpireMod:DimensionalGlitch","Replay:Drink Me"]},{"not_picked":["ReplayTheSpireMod:DimensionalGlitch","Kintsugi"],"picked":"ChewingGum"},{"not_picked":["infinitespire:Cupcake","Cursed Key"],"picked":"FrozenCore"},{"not_picked":["Ring of Chaos","Philosopher\u0027s Stone","Painkiller Herb"]}],"items_purged_floors":[2,4,19,28,56,72,88,105,142],"is_endless":true,"potions_floor_spawned":[1,16,18,22,25,31,33,36,37,42,46,50,57,59,63,64,67,75,80,82,89,90,99,108,118,125,127,137,143,144],"ascension_level":1}}