{"host":"raai0vtvcfkt8csp","time":1610580757,"event":{"mods":["2.2 Compatiblity","BaseMod","Beaked The Cultist","Block Reminder","Booster Modes","Clockwork Mod","Custom Start","DeckTracker","Defective Defect","Defuse TimeMaze Blight","Dio Mod","GifTheSpireLib","Infinite Spire","Minty Spire (QoL Compilation)","Quick Restart","Random Character Button","Rare Cards Sparkle","StSLib","The Marked","Unceasing Turn Reminder"],"gold_per_floor":[113,188,202,163,163,190,46,77,77,94,122,136,164,184,184,284,284,303,303,333,350,367,401,401,401,401,401,401,436,448,464,464,569,569,582,597,614,96,96,129,147,174,174,174,174],"floor_reached":44,"language":"ENG","playtime":7582,"items_purged":[],"score":666,"play_id":"76d8e09b-ee09-4e82-b470-dd2f383034b7","local_time":"20210114003237","daily_mods":["SealedDeck","Red Cards","DeadlyEvents"],"is_ascension_mode":true,"campfire_choices":[{"data":"beaked:SurvivalInstinct","floor":15,"key":"SMITH"},{"floor":25,"key":"DIG"},{"floor":27,"key":"DIG"},{"floor":32,"key":"DIG"}],"circlet_count":0,"master_deck":["beaked:Ceremony","beaked:Ceremony","beaked:Insight","beaked:Flinch","beaked:Flinch","beaked:SurvivalInstinct+1","beaked:WarriorEssence","beaked:DigDeep","beaked:DesperateSwing","beaked:BloodForTheGods","beaked:BloodForTheGods","beaked:Caw","beaked:Evade","beaked:WarriorSpirit","beaked:BounceBack","beaked:MimicWarrior","beaked:Recite","beaked:Brace","beaked:Caw+1","beaked:BloodRitual","beaked:MaddeningMurmurs","beaked:WarriorEssence+1","beaked:HuntressEssence","beaked:CursingBlood","infinitespire:UltimateForm","beaked:WildInstinct+1","beaked:Insight","beaked:ScreechingChant","beaked:Evade+1","infinitespire:Execution","Mind Blast+1","beaked:Foresight+1","beaked:Flinch"],"relics":["beaked:MendingPlumage","Molten Egg 2","beaked:RitualPlumage","Incense Burner","infinitespire:ShieldingShard","Strawberry","Mummified Hand","Black Star","Red Mask","Dream Catcher","Du-Vu Doll","Shovel","Centennial Puzzle","HornCleat","infinitespire:Bottled Soul","infinitespire:EmpoweringShard","Bottled Tornado","Bottled Flame","Turnip","Coffee Dripper","Meat on the Bone","Sundial","Vajra","infinitespire:PuzzleCube","infinitespire:BottledMercury"],"acts_visited":["Exordium","TheCity","TheBeyond"],"potions_floor_usage":[11,12,22,29,41,44],"damage_taken":[{"damage":80,"enemies":"Jaw Worm","floor":1,"turns":7},{"damage":42,"enemies":"2 Louse","floor":3,"turns":7},{"damage":58,"enemies":"Gremlin Nob","floor":6,"turns":7},{"damage":17,"enemies":"Lagavulin","floor":8,"turns":10},{"damage":39,"enemies":"Cultist","floor":10,"turns":8},{"damage":40,"enemies":"3 Sentries","floor":11,"turns":9},{"damage":9,"enemies":"Gremlin Gang","floor":12,"turns":4},{"damage":83,"enemies":"Lagavulin","floor":13,"turns":9},{"damage":32,"enemies":"3 Louse","floor":14,"turns":7},{"damage":91,"enemies":"Hexaghost","floor":16,"turns":11},{"damage":34,"enemies":"3 Byrds","floor":18,"turns":4},{"damage":43,"enemies":"Masked Bandits","floor":20,"turns":5},{"damage":39,"enemies":"2 Thieves","floor":21,"turns":4},{"damage":82,"enemies":"Sentry and Sphere","floor":22,"turns":10},{"damage":136,"enemies":"Nightmare","floor":23,"turns":14},{"damage":68,"enemies":"Book of Stabbing","floor":29,"turns":9},{"damage":41,"enemies":"3 Cultists","floor":30,"turns":6},{"damage":13,"enemies":"Centurion and Healer","floor":31,"turns":9},{"damage":125,"enemies":"Automaton","floor":33,"turns":12},{"damage":171,"enemies":"3 Shapes","floor":35,"turns":17},{"damage":105,"enemies":"3 Darklings","floor":36,"turns":7},{"damage":129,"enemies":"Writhing Mass","floor":37,"turns":9},{"damage":108,"enemies":"beaked:SuperParasite","floor":40,"turns":9},{"damage":105,"enemies":"Spire Growth","floor":41,"turns":10},{"damage":115,"enemies":"Giant Head","floor":42,"turns":9},{"damage":53,"enemies":"Reptomancer","floor":44,"turns":2}],"seed_played":"-291518180807254844","potions_obtained":[{"floor":1,"key":"CultistPotion"},{"floor":8,"key":"EntropicBrew"},{"floor":12,"key":"Ancient Potion"},{"floor":16,"key":"Regen Potion"},{"floor":22,"key":"AttackPotion"},{"floor":35,"key":"LiquidBronze"}],"is_trial":true,"path_per_floor":["M","?","M","$","?","E","$","E","T","M","E","M","E","M","R","B",null,"M","?","?","M","M","NM","AVR","R","T","R","T","E","M","M","R","B",null,"M","M","M","?","?","E","M","E","T","E"],"character_chosen":"BEAKED_THE_CULTIST","items_purchased":["beaked:WarriorSpirit","beaked:RitualPlumage"],"campfire_rested":0,"item_purchase_floors":[4,7],"current_hp_per_floor":[50,39,50,50,55,31,31,55,55,55,62,56,62,62,62,55,62,59,59,23,18,62,47,47,47,47,47,47,62,27,62,62,62,62,54,62,62,62,62,28,33,34,34,0,0],"gold":174,"neow_bonus":"","is_daily":false,"chose_seed":false,"campfire_upgraded":1,"win_rate":0.0,"timestamp":1610580757,"path_taken":["M","?","M","$","?","E","$","E","T","M","E","M","E","M","R","BOSS","M","?","?","M","M","NM","AVR","R","T","R","?","E","M","?","R","BOSS","M","M","?","?","?","E","M","E","T","?"],"items_purchased_type":["Card","Relic"],"build_version":"2020-12-22","purchased_purges":0,"victory":false,"max_hp_per_floor":[50,50,50,50,55,55,55,55,55,55,62,62,62,62,62,62,62,62,62,62,62,62,62,62,62,62,62,62,62,62,62,62,62,62,62,62,62,62,62,62,65,65,65,65,65],"card_choices":[{"not_picked":["beaked:Insight","beaked:Redirect"],"picked":"beaked:Evade","floor":1},{"not_picked":["beaked:RitualOfBody","beaked:DigDeeper","beaked:RuinSticks"],"picked":"SKIP","floor":3},{"not_picked":["beaked:Brainwash","beaked:Flinch"],"picked":"beaked:BounceBack","floor":6},{"not_picked":["beaked:SacrificialScars","beaked:BounceBack"],"picked":"beaked:MimicWarrior","floor":8},{"not_picked":["beaked:BounceBack","beaked:Cower","beaked:Insight"],"picked":"SKIP","floor":10},{"not_picked":["beaked:Struggle+1","beaked:RitualOfBody","beaked:Resilience"],"picked":"SKIP","floor":11},{"not_picked":["beaked:BraceForImpact","beaked:SacrificialScars"],"picked":"beaked:Recite","floor":12},{"not_picked":["beaked:Tradeoff","beaked:Mantra+1","beaked:Resilience"],"picked":"SKIP","floor":13},{"not_picked":["beaked:Tradeoff","beaked:Daydream"],"picked":"beaked:Brace","floor":14},{"not_picked":["beaked:DarkPact","beaked:FullHouse"],"picked":"beaked:Caw+1","floor":16},{"not_picked":["beaked:DigDeeper","beaked:BounceBack+1","beaked:Overpower+1"],"picked":"SKIP","floor":18},{"not_picked":["beaked:Resilience","beaked:Daydream"],"picked":"beaked:MaddeningMurmurs","floor":20},{"not_picked":["beaked:Poke+1","beaked:DigDeep+1"],"picked":"beaked:WarriorEssence+1","floor":21},{"not_picked":["beaked:SacrificialAttack+1","beaked:Flinch"],"picked":"beaked:HuntressEssence","floor":22},{"not_picked":["beaked:WarriorSpirit","beaked:Redirect+1"],"picked":"beaked:CursingBlood","floor":23},{"not_picked":["beaked:TuckingFeathers","beaked:SacrificialAttack+1"],"picked":"beaked:WildInstinct+1","floor":29},{"not_picked":["beaked:Tweet+1","beaked:TuckingFeathers"],"picked":"beaked:Insight","floor":30},{"not_picked":["beaked:DigDeep","beaked:FeelMyPain","beaked:WarriorEssence+1"],"picked":"SKIP","floor":31},{"not_picked":["beaked:VolatileMisfortune","beaked:SacrificialScars"],"picked":"beaked:ScreechingChant","floor":33},{"not_picked":["beaked:Recite","beaked:Devastation+1","beaked:Poke+1"],"picked":"SKIP","floor":35},{"not_picked":["beaked:Brace+1","beaked:Devastation+1"],"picked":"beaked:Evade+1","floor":36},{"not_picked":["beaked:WarriorEssence+1","beaked:TuckingFeathers","beaked:HuntressEssence"],"picked":"SKIP","floor":37},{"not_picked":["infinitespire:FutureSight","infinitespire:TheBestDefense"],"picked":"infinitespire:Execution","floor":38},{"not_picked":["Master of Strategy","Trip"],"picked":"Mind Blast+1","floor":39},{"not_picked":["beaked:WarriorEssence+1","beaked:Overexert","beaked:Pecker+1"],"picked":"SKIP","floor":40},{"not_picked":["beaked:DesperateSwing+1","beaked:Tweet"],"picked":"beaked:Foresight+1","floor":41},{"not_picked":["beaked:Tradeoff","beaked:Tweet"],"picked":"beaked:Flinch","floor":42}],"player_experience":887475,"relics_obtained":[{"floor":6,"key":"Molten Egg 2"},{"floor":8,"key":"Incense Burner"},{"floor":9,"key":"infinitespire:ShieldingShard"},{"floor":11,"key":"Strawberry"},{"floor":13,"key":"Mummified Hand"},{"floor":20,"key":"Red Mask"},{"floor":23,"key":"Dream Catcher"},{"floor":23,"key":"Du-Vu Doll"},{"floor":25,"key":"Centennial Puzzle"},{"floor":26,"key":"HornCleat"},{"floor":27,"key":"infinitespire:Bottled Soul"},{"floor":28,"key":"infinitespire:EmpoweringShard"},{"floor":29,"key":"Bottled Tornado"},{"floor":29,"key":"Bottled Flame"},{"floor":32,"key":"Turnip"},{"floor":40,"key":"Meat on the Bone"},{"floor":40,"key":"Sundial"},{"floor":42,"key":"Vajra"},{"floor":42,"key":"infinitespire:PuzzleCube"},{"floor":43,"key":"infinitespire:BottledMercury"}],"event_choices":[{"damage_healed":0,"gold_gain":75,"player_choice":"Gather Gold","damage_taken":11,"max_hp_gain":0,"max_hp_loss":0,"event_name":"World of Goop","floor":2,"gold_loss":0},{"damage_healed":0,"gold_gain":0,"player_choice":"Donut","damage_taken":0,"max_hp_gain":5,"max_hp_loss":0,"event_name":"Big Fish","floor":5,"gold_loss":0},{"damage_healed":0,"gold_gain":0,"player_choice":"Read","damage_taken":0,"max_hp_gain":0,"max_hp_loss":0,"event_name":"The Library","floor":19,"gold_loss":0,"cards_obtained":["beaked:BloodRitual"]},{"damage_healed":0,"gold_gain":0,"player_choice":"Fought Bandits","damage_taken":0,"max_hp_gain":0,"max_hp_loss":0,"event_name":"Masked Bandits","floor":20,"gold_loss":0},{"damage_healed":0,"gold_gain":0,"player_choice":"Memory 1","damage_taken":0,"max_hp_gain":0,"max_hp_loss":0,"event_name":"SensoryStone","floor":39,"gold_loss":0}],"is_beta":false,"boss_relics":[{"not_picked":["Calling Bell","Cursed Key"],"picked":"Black Star"},{"not_picked":["Velvet Choker","Sozu"],"picked":"Coffee Dripper"}],"items_purged_floors":[],"is_endless":true,"potions_floor_spawned":[1,8,12,16,20,22,23,35],"killed_by":"Reptomancer","ascension_level":1}}