{"host":"gf95gjygaqy6b70i","time":1610536574,"event":{"mods":["BaseMod","Colored Map","Colored Powertips","Minty Spire (QoL Compilation)"],"gold_per_floor":[99,99,99,99,99,99,99,99,99,99,99,99,99,99,99,99,99,99,99,99,99,99,99,99,24,24,24,24,24,24,24,24,24,24],"floor_reached":33,"language":"ENG","playtime":2338,"items_purged":[],"score":282,"play_id":"1ec881d1-216e-4d2c-9448-13c5695f4a8d","local_time":"20210113121614","is_ascension_mode":true,"campfire_choices":[{"data":"Dodge and Roll","floor":6,"key":"SMITH"},{"floor":13,"key":"REST"},{"floor":15,"key":"REST"},{"floor":23,"key":"REST"},{"floor":30,"key":"REST"},{"floor":32,"key":"REST"}],"circlet_count":0,"master_deck":["Strike_G","Strike_G","Strike_G","Strike_G","Strike_G","Defend_G+1","Defend_G","Defend_G","Defend_G+1","Defend_G","Survivor","Neutralize+1","Dodge and Roll+1","Blur","Flying Knee","Deadly Poison","Dash","Blur","Poisoned Stab","Accuracy","After Image","Dodge and Roll","Quick Slash","Backflip","Infinite Blades+1","Cloak And Dagger+1","Burst","Accuracy"],"relics":["Ectoplasm","Blood Vial","Odd Mushroom","Boot","Orichalcum","Black Star","Pear","War Paint","Ancient Tea Set","Omamori"],"acts_visited":["Exordium","TheCity"],"potions_floor_usage":[20,21,31,31,33,33],"damage_taken":[{"damage":0,"enemies":"Jaw Worm","floor":1,"turns":4},{"damage":2,"enemies":"2 Louse","floor":2,"turns":3},{"damage":0,"enemies":"Small Slimes","floor":4,"turns":5},{"damage":44,"enemies":"Gremlin Nob","floor":7,"turns":7},{"damage":7,"enemies":"The Mushroom Lair","floor":8,"turns":4},{"damage":2,"enemies":"Red Slaver","floor":10,"turns":3},{"damage":0,"enemies":"2 Fungi Beasts","floor":11,"turns":4},{"damage":1,"enemies":"3 Louse","floor":14,"turns":3},{"damage":35,"enemies":"Slime Boss","floor":16,"turns":14},{"damage":21,"enemies":"Spheric Guardian","floor":18,"turns":9},{"damage":2,"enemies":"3 Byrds","floor":20,"turns":5},{"damage":9,"enemies":"Centurion and Healer","floor":21,"turns":11},{"damage":28,"enemies":"Snake Plant","floor":22,"turns":6},{"damage":0,"enemies":"Shelled Parasite and Fungi","floor":27,"turns":7},{"damage":17,"enemies":"Centurion and Healer","floor":29,"turns":9},{"damage":24,"enemies":"Slavers","floor":31,"turns":7},{"damage":99,"enemies":"Automaton","floor":33,"turns":12}],"seed_played":"2794985607148447353","potions_obtained":[{"floor":2,"key":"SteroidPotion"},{"floor":4,"key":"FearPotion"},{"floor":14,"key":"SpeedPotion"},{"floor":16,"key":"Explosive Potion"},{"floor":20,"key":"Regen Potion"},{"floor":29,"key":"Explosive Potion"},{"floor":31,"key":"Poison Potion"}],"is_trial":false,"path_per_floor":["M","M","?","M","?","R","E","?","T","M","M","T","R","M","R","B",null,"M","?","M","M","M","R","?","?","T","M","$","M","R","E","R","B"],"character_chosen":"THE_SILENT","items_purchased":[],"campfire_rested":5,"item_purchase_floors":[],"current_hp_per_floor":[70,68,68,68,68,68,24,19,19,19,21,21,42,43,64,31,70,49,42,42,50,24,45,55,55,55,57,57,42,66,44,68,0,0],"gold":24,"neow_bonus":"BOSS_RELIC","is_daily":false,"chose_seed":false,"campfire_upgraded":1,"win_rate":0.0,"timestamp":1610536574,"path_taken":["M","M","?","M","?","R","E","?","T","M","M","?","R","M","R","BOSS","M","?","?","M","M","R","?","?","T","M","?","M","R","E","R","BOSS"],"items_purchased_type":[],"build_version":"2020-12-22","purchased_purges":0,"victory":false,"max_hp_per_floor":[70,70,70,70,70,70,70,70,70,70,70,70,70,70,70,70,70,70,70,70,70,70,70,80,80,80,80,80,80,80,80,80,80,80],"card_choices":[{"not_picked":["Dagger Spray","Distraction"],"picked":"Dodge and Roll","floor":1},{"not_picked":["PiercingWail","Poisoned Stab"],"picked":"Blur","floor":2},{"not_picked":["Outmaneuver","Expertise"],"picked":"Flying Knee","floor":4},{"not_picked":["Burst","Well Laid Plans"],"picked":"Deadly Poison","floor":7},{"not_picked":["Dagger Spray","Catalyst"],"picked":"Dash","floor":8},{"not_picked":["Deflect","Quick Slash"],"picked":"Blur","floor":10},{"not_picked":["Cloak And Dagger","Backflip"],"picked":"Poisoned Stab","floor":11},{"not_picked":["Tactician","Skewer"],"picked":"Accuracy","floor":14},{"not_picked":["Venomology","Wraith Form v2"],"picked":"After Image","floor":16},{"not_picked":["Slice","Skewer"],"picked":"Dodge and Roll","floor":18},{"not_picked":["Acrobatics","PiercingWail"],"picked":"Quick Slash","floor":20},{"not_picked":["Quick Slash","Poisoned Stab"],"picked":"Backflip","floor":21},{"not_picked":["Reflex","Expertise"],"picked":"Infinite Blades+1","floor":22},{"not_picked":["Sucker Punch","Acrobatics"],"picked":"Cloak And Dagger+1","floor":27},{"not_picked":["Predator","Flechettes"],"picked":"Burst","floor":29},{"not_picked":["Backflip","Bane"],"picked":"Accuracy","floor":31}],"player_experience":67849,"relics_obtained":[{"floor":7,"key":"Blood Vial"},{"floor":8,"key":"Odd Mushroom"},{"floor":9,"key":"Boot"},{"floor":12,"key":"Orichalcum"},{"floor":26,"key":"War Paint"},{"floor":31,"key":"Ancient Tea Set"},{"floor":31,"key":"Omamori"}],"event_choices":[{"damage_healed":0,"gold_gain":0,"player_choice":"Ignored","damage_taken":0,"max_hp_gain":0,"max_hp_loss":0,"event_name":"Liars Game","floor":3,"gold_loss":0},{"damage_healed":0,"gold_gain":0,"player_choice":"Grow","damage_taken":0,"max_hp_gain":0,"max_hp_loss":0,"event_name":"Living Wall","floor":5,"gold_loss":0,"cards_upgraded":["Neutralize"]},{"damage_healed":0,"gold_gain":0,"player_choice":"Fought Mushrooms","damage_taken":0,"max_hp_gain":0,"max_hp_loss":0,"event_name":"Mushrooms","floor":8,"gold_loss":0},{"damage_healed":0,"gold_gain":0,"player_choice":"Damaged","damage_taken":7,"max_hp_gain":0,"max_hp_loss":0,"event_name":"Wheel of Change","floor":19,"gold_loss":0},{"damage_healed":0,"gold_gain":0,"player_choice":"Opened","damage_taken":0,"relics_obtained":["Pear"],"max_hp_gain":0,"max_hp_loss":0,"event_name":"The Mausoleum","floor":24,"gold_loss":0,"cards_obtained":["Writhe"]},{"cards_removed":["Writhe"],"damage_healed":0,"gold_gain":0,"player_choice":"Gave Gold","damage_taken":0,"max_hp_gain":0,"max_hp_loss":0,"event_name":"Beggar","floor":25,"gold_loss":75}],"is_beta":false,"boss_relics":[{"not_picked":["Runic Pyramid","SlaversCollar"],"picked":"Black Star"}],"items_purged_floors":[],"is_endless":false,"potions_floor_spawned":[2,4,14,16,20,29,31],"killed_by":"Automaton","ascension_level":1}}