{"host":"tgr1xoidyjfo4u0n","time":1610545165,"event":{"mods":["Act Like it!","Alarm Clock","BaseMod","CapriCore","Colored Powertips","GifTheSpireLib","Highlight Path","Minty Spire (QoL Compilation)","StSLib"],"gold_per_floor":[211,228,6,21,31,31,50,50,50,50,125,125,25,45,45,144,144,144,144],"floor_reached":18,"language":"ZHS","playtime":937,"items_purged":["Strike_P","Strike_P"],"score":160,"play_id":"40f2bd47-690a-4484-9729-ea63d4298204","local_time":"20210113213925","is_ascension_mode":true,"campfire_choices":[{"data":"Adaptation","floor":6.0,"key":"SMITH"},{"data":"Fasting2","floor":8.0,"key":"SMITH"},{"data":"ClearTheMind","floor":10.0,"key":"SMITH"},{"data":"LessonLearned","floor":15.0,"key":"SMITH"}],"circlet_count":0,"master_deck":["Strike_P+1","Strike_P+1","Defend_P","Defend_P+1","Defend_P","Defend_P+1","Eruption","Vigilance","ClearTheMind+1","Adaptation+1","LessonLearned+1","Halt","Fasting2+1","Crescendo","MentalFortress","MasterReality"],"relics":["PureWater","StoneCalendar","Fusion Hammer"],"acts_visited":["Exordium","TheCity"],"potions_floor_usage":[16],"damage_taken":[{"damage":1.0,"enemies":"Jaw Worm","floor":1.0,"turns":3.0},{"damage":0.0,"enemies":"2 Louse","floor":2.0,"turns":3.0},{"damage":0.0,"enemies":"Cultist","floor":4.0,"turns":2.0},{"damage":5.0,"enemies":"Looter","floor":5.0,"turns":5.0},{"damage":4.0,"enemies":"3 Louse","floor":7.0,"turns":6.0},{"damage":0.0,"enemies":"Blue Slaver","floor":14.0,"turns":3.0},{"damage":38,"enemies":"Hexaghost","floor":16,"turns":9},{"damage":0,"enemies":"3 Byrds","floor":18,"turns":3}],"seed_played":"5974935560203940817","potions_obtained":[{"floor":2.0,"key":"BottledMiracle"},{"floor":5.0,"key":"SpeedPotion"}],"is_trial":false,"path_per_floor":["M","M","$","M","M","R","M","R","T","R","?","?","$","M","R","B",null,"M"],"character_chosen":"WATCHER","items_purchased":["LessonLearned"],"campfire_rested":0,"item_purchase_floors":[3],"current_hp_per_floor":[71,71,71,71,66,66,62,62,62,62,51,56,56,56,56,18,77,77,77],"gold":144,"neow_bonus":"HUNDRED_GOLD","is_daily":false,"chose_seed":false,"campfire_upgraded":4,"win_rate":0.0,"timestamp":1610545165,"path_taken":["M","M","$","M","M","R","M","R","T","R","?","?","?","M","R","BOSS","M"],"items_purchased_type":["Card"],"build_version":"2020-12-22","purchased_purges":2,"victory":false,"max_hp_per_floor":[72,72,72,72,72,72,72,72,72,72,72,77,77,77,77,77,77,77,77],"card_choices":[{"not_picked":["Prostrate","Crescendo"],"picked":"ClearTheMind","floor":1.0},{"not_picked":["CutThroughFate","EmptyMind"],"picked":"Adaptation","floor":2.0},{"not_picked":["WindmillStrike","FlurryOfBlows"],"picked":"Halt","floor":4.0},{"not_picked":["ClearTheMind","WheelKick"],"picked":"Fasting2","floor":5.0},{"not_picked":["CrushJoints","ReachHeaven"],"picked":"Crescendo","floor":7.0},{"not_picked":["WheelKick","PathToVictory"],"picked":"MentalFortress","floor":14.0},{"not_picked":["LessonLearned","Wish"],"picked":"MasterReality","floor":16}],"player_experience":361816,"relics_obtained":[{"floor":9.0,"key":"StoneCalendar"}],"event_choices":[{"damage_healed":0.0,"max_hp_gain":0.0,"max_hp_loss":0.0,"gold_gain":75.0,"event_name":"World of Goop","player_choice":"Gather Gold","floor":11.0,"gold_loss":0.0,"damage_taken":11.0},{"damage_healed":0.0,"max_hp_gain":5.0,"max_hp_loss":0.0,"gold_gain":0.0,"event_name":"Big Fish","player_choice":"Donut","floor":12.0,"gold_loss":0.0,"damage_taken":0.0}],"is_beta":false,"boss_relics":[{"not_picked":["Black Star","SacredBark"],"picked":"Fusion Hammer"}],"items_purged_floors":[3,13],"is_endless":false,"potions_floor_spawned":[2,5],"killed_by":"3 Byrds","ascension_level":1}}