{"host":"q206iib20se9i6w7","time":1610514458,"event":{"mods":["AchievementEnabler","BaseMod","Bestiary","Block Reminder","Colored Map","Colored Powertips","Curses Come First","Highlight Path","Key Reminder","Minty Spire (QoL Compilation)","Quick Restart","Random Character Button","Relic Stats","Slay-I","StSLib","SuperFastMode","Unceasing Turn Reminder"],"gold_per_floor":[109,79,8,19,19,50,50,50,50,68,94,94,14,24,24,119,119,132,143,143,143,158,158,191,206,206,206,237,248,282,296,296,400,400,413,429,443,463,243,278,188,188,188,39,59,95,95,95,95,95],"floor_reached":51,"language":"ENG","playtime":2515,"items_purged":["Strike_G","Strike_G"],"score":1538,"play_id":"1466970c-5a23-4aae-bbfb-621860370c86","local_time":"20210112230738","is_ascension_mode":true,"campfire_choices":[{"floor":8,"key":"REST"},{"data":"Catalyst","floor":12,"key":"SMITH"},{"data":"Noxious Fumes","floor":15,"key":"SMITH"},{"data":"Malaise","floor":23,"key":"SMITH"},{"data":"Deadly Poison","floor":27,"key":"SMITH"},{"data":"Deadly Poison","floor":32,"key":"SMITH"},{"data":"Ghostly","floor":42,"key":"SMITH"},{"data":"Well Laid Plans","floor":47,"key":"SMITH"},{"data":"Ghostly","floor":49,"key":"SMITH"}],"circlet_count":0,"master_deck":["Strike_G","Strike_G","Defend_G","Defend_G","Defend_G","Defend_G","Survivor","Neutralize","Poisoned Stab","Dash","Deadly Poison+1","Backstab","Catalyst+1","Noxious Fumes+1","Deadly Poison+1","Malaise+1","Acrobatics","Ghostly+1","Ghostly","Ghostly+1","Ghostly+1","Ghostly","Footwork","Poisoned Stab","Poisoned Stab","Backflip+1","Dodge and Roll+1","Well Laid Plans+1"],"relics":["Ring of the Snake","Pen Nib","TungstenRod","Unceasing Top","Busted Crown","Singing Bowl","Mercury Hourglass","Bronze Scales","Pear","Snake Skull","Philosopher\u0027s Stone","Chemical X","CeramicFish","Darkstone Periapt","Oddly Smooth Stone"],"acts_visited":["TheCity","TheBeyond"],"potions_floor_usage":[6,11,16,18,19,50,50],"damage_taken":[{"damage":0,"enemies":"Jaw Worm","floor":1,"turns":4},{"damage":1,"enemies":"Cultist","floor":4,"turns":3},{"damage":22,"enemies":"Gremlin Nob","floor":6,"turns":5},{"damage":0,"enemies":"Small Slimes","floor":10,"turns":3},{"damage":19,"enemies":"Lagavulin","floor":11,"turns":5},{"damage":0,"enemies":"Looter","floor":14,"turns":2},{"damage":38,"enemies":"Slime Boss","floor":16,"turns":10},{"damage":11,"enemies":"Spheric Guardian","floor":18,"turns":4},{"damage":13,"enemies":"2 Thieves","floor":19,"turns":5},{"damage":0,"enemies":"Sentry and Sphere","floor":22,"turns":5},{"damage":1,"enemies":"Gremlin Leader","floor":24,"turns":7},{"damage":0,"enemies":"Centurion and Healer","floor":25,"turns":7},{"damage":0,"enemies":"Slavers","floor":28,"turns":5},{"damage":0,"enemies":"Snecko","floor":29,"turns":4},{"damage":0,"enemies":"Gremlin Leader","floor":30,"turns":5},{"damage":11,"enemies":"Shelled Parasite and Fungi","floor":31,"turns":5},{"damage":0,"enemies":"Collector","floor":33,"turns":6},{"damage":0,"enemies":"3 Darklings","floor":35,"turns":4},{"damage":4,"enemies":"3 Shapes","floor":36,"turns":2},{"damage":0,"enemies":"Jaw Worm Horde","floor":37,"turns":4},{"damage":0,"enemies":"Transient","floor":38,"turns":5},{"damage":0,"enemies":"Nemesis","floor":40,"turns":5},{"damage":0,"enemies":"Writhing Mass","floor":45,"turns":6},{"damage":7,"enemies":"Giant Head","floor":46,"turns":9},{"damage":0,"enemies":"Time Eater","floor":50,"turns":8}],"seed_played":"-474059405779515334","potions_obtained":[{"floor":2,"key":"CunningPotion"},{"floor":2,"key":"SpeedPotion"},{"floor":6,"key":"SpeedPotion"},{"floor":11,"key":"FearPotion"},{"floor":16,"key":"AttackPotion"},{"floor":18,"key":"Explosive Potion"},{"floor":19,"key":"PowerPotion"},{"floor":25,"key":"Energy Potion"},{"floor":28,"key":"Strength Potion"},{"floor":31,"key":"CultistPotion"},{"floor":36,"key":"LiquidBronze"},{"floor":38,"key":"DuplicationPotion"}],"is_trial":false,"path_per_floor":["M","?","$","M","$","E","$","R","T","M","E","R","$","M","R","B",null,"M","M","?","?","M","R","E","M","T","R","E","M","E","M","R","B",null,"M","M","M","M","$","E","?","R","T","$","M","E","R","?","R","B",null],"character_chosen":"THE_SILENT","items_purchased":["Dash","Noxious Fumes","Chemical X","Poison Potion"],"campfire_rested":1,"item_purchase_floors":[3,13,39,44],"current_hp_per_floor":[63,63,63,62,62,40,40,61,61,61,42,42,42,42,42,4,54,43,30,30,30,32,32,31,33,33,33,45,47,47,36,36,38,51,51,49,49,51,51,53,53,53,53,53,55,48,48,50,50,50],"gold":95,"neow_bonus":"REMOVE_CARD","is_daily":false,"chose_seed":false,"campfire_upgraded":8,"win_rate":0.0,"timestamp":1610514458,"path_taken":["M","?","?","?","$","E","?","R","T","M","E","R","$","M","R","BOSS","M","M","?","?","M","R","E","M","T","R","E","M","E","?","R","BOSS","M","M","M","M","$","E","?","R","T","?","M","E","R","?","R","BOSS"],"items_purchased_type":["Card","Card","Relic","Potion"],"build_version":"2020-12-22","purchased_purges":2,"victory":true,"max_hp_per_floor":[70,70,70,70,70,70,70,70,70,70,70,70,70,70,70,70,70,70,70,35,35,37,37,37,39,39,39,51,53,53,53,53,55,55,55,57,57,59,59,61,61,61,61,61,63,63,63,65,65,65],"relic_stats":{"Darkstone Periapt":0,"Singing Bowl":20,"counters":[25,128],"CeramicFish":9,"Pen Nib":[18],"Snake Skull":[98],"Mercury Hourglass":[289],"Busted Crown":36,"Bronze Scales":[235],"Chemical X":[5],"obtain_stats":[{"Darkstone Periapt":43,"Pear":28,"Singing Bowl":21,"CeramicFish":40,"Oddly Smooth Stone":46,"Pen Nib":6,"Snake Skull":30,"Mercury Hourglass":24,"Busted Crown":17,"Bronze Scales":26,"Philosopher\u0027s Stone":34,"Chemical X":39,"TungstenRod":9,"Unceasing Top":11,"Ring of the Snake":0},{"Darkstone Periapt":22,"Pear":13,"Singing Bowl":9,"CeramicFish":22,"Oddly Smooth Stone":24,"Pen Nib":3,"Snake Skull":15,"Mercury Hourglass":11,"Busted Crown":7,"Bronze Scales":12,"Philosopher\u0027s Stone":17,"Chemical X":21,"TungstenRod":3,"Unceasing Top":5,"Ring of the Snake":0},{"Darkstone Periapt":105,"Pear":65,"Singing Bowl":41,"CeramicFish":105,"Oddly Smooth Stone":120,"Pen Nib":12,"Snake Skull":74,"Mercury Hourglass":53,"Busted Crown":32,"Bronze Scales":60,"Philosopher\u0027s Stone":85,"Chemical X":100,"TungstenRod":12,"Unceasing Top":20,"Ring of the Snake":0}],"TungstenRod":83,"Unceasing Top":[13],"Ring of the Snake":[50]},"card_choices":[{"not_picked":["Cloak And Dagger","PiercingWail"],"picked":"Poisoned Stab","floor":1},{"not_picked":["Prepared","PiercingWail","Slice"],"picked":"SKIP","floor":4},{"not_picked":["Slice","Heel Hook"],"picked":"Deadly Poison","floor":6},{"not_picked":["Outmaneuver","Deflect"],"picked":"Backstab","floor":10},{"not_picked":["Unload","Dodge and Roll"],"picked":"Catalyst","floor":11},{"not_picked":["Endless Agony","Quick Slash"],"picked":"Deadly Poison","floor":14},{"not_picked":["Phantasmal Killer","Glass Knife"],"picked":"Malaise","floor":16},{"not_picked":["Bane"],"picked":"SKIP","floor":18},{"not_picked":[],"picked":"Acrobatics","floor":19},{"not_picked":["Bane"],"picked":"Singing Bowl","floor":22},{"not_picked":[],"picked":"Footwork","floor":24},{"not_picked":["Prepared"],"picked":"Singing Bowl","floor":25},{"not_picked":["Accuracy"],"picked":"Singing Bowl","floor":28},{"not_picked":["Dagger Throw+1"],"picked":"Singing Bowl","floor":29},{"not_picked":[],"picked":"Poisoned Stab","floor":30},{"not_picked":[],"picked":"Poisoned Stab","floor":31},{"not_picked":["Malaise"],"picked":"Singing Bowl","floor":33},{"not_picked":[],"picked":"Backflip+1","floor":35},{"not_picked":["Poisoned Stab"],"picked":"Singing Bowl","floor":36},{"not_picked":[],"picked":"Dodge and Roll+1","floor":37},{"not_picked":["Poisoned Stab"],"picked":"Singing Bowl","floor":38},{"not_picked":["Flying Knee"],"picked":"Singing Bowl","floor":40},{"not_picked":["Dodge and Roll+1"],"picked":"Singing Bowl","floor":45},{"not_picked":[],"picked":"Well Laid Plans","floor":46},{"not_picked":["Forethought"],"picked":"Singing Bowl","floor":48}],"player_experience":245526,"relics_obtained":[{"floor":6,"key":"Pen Nib"},{"floor":9,"key":"TungstenRod"},{"floor":11,"key":"Unceasing Top"},{"floor":24,"key":"Mercury Hourglass"},{"floor":26,"key":"Bronze Scales"},{"floor":28,"key":"Pear"},{"floor":30,"key":"Snake Skull"},{"floor":40,"key":"CeramicFish"},{"floor":43,"key":"Darkstone Periapt"},{"floor":46,"key":"Oddly Smooth Stone"}],"event_choices":[{"damage_healed":0,"gold_gain":0,"player_choice":"Bought 2 Potions","damage_taken":0,"max_hp_gain":0,"max_hp_loss":0,"event_name":"The Woman in Blue","floor":2,"gold_loss":0},{"damage_healed":0,"gold_gain":0,"player_choice":"Became a Ghost","damage_taken":0,"max_hp_gain":0,"max_hp_loss":35,"event_name":"Ghosts","floor":20,"gold_loss":0,"cards_obtained":["Ghostly","Ghostly","Ghostly","Ghostly","Ghostly"]},{"damage_healed":0,"gold_gain":0,"player_choice":"Gave Potion","damage_taken":0,"relics_obtained":["Singing Bowl"],"max_hp_gain":0,"max_hp_loss":0,"event_name":"WeMeetAgain","floor":21,"gold_loss":0},{"cards_removed":["Strike_G"],"damage_healed":0,"gold_gain":0,"player_choice":"Upgrade and Remove","damage_taken":0,"max_hp_gain":0,"max_hp_loss":0,"event_name":"Designer","floor":41,"gold_loss":90,"cards_upgraded":["Ghostly"]},{"damage_healed":0,"gold_gain":0,"player_choice":"Memory 1","damage_taken":0,"max_hp_gain":0,"max_hp_loss":0,"event_name":"SensoryStone","floor":48,"gold_loss":0}],"is_beta":false,"boss_relics":[{"not_picked":["Calling Bell","Runic Dome"],"picked":"Busted Crown"},{"not_picked":["Fusion Hammer","SacredBark"],"picked":"Philosopher\u0027s Stone"}],"items_purged_floors":[39,44],"is_endless":false,"potions_floor_spawned":[6,11,16,18,19,25,28,31,36,38,46],"ascension_level":6}}