{"host":"dm4yvegl9um2tlqd","time":1610541158,"event":{"mods":["2.2 Compatiblity","AchievementEnabler","BaseMod","Colored Map","DeckTracker","Highlight Path","KOR Keyword Fix","Keyboard Shortcuts","Minty Spire (QoL Compilation)","Permanent Neow","Quick Restart","Random Character Button","StSLib","SuperFastMode","everything is the same but u backflip on backflip"],"gold_per_floor":[11,11,11,11,186,186,214,214,240,258,270,303,333,333,333,428,428,439,457,211,229,229,229,229],"floor_reached":23,"language":"KOR","playtime":719,"items_purged":["Doubt"],"score":236,"play_id":"f282082a-3a22-46fa-8e30-dffc27bcf8ad","local_time":"20210113213238","is_ascension_mode":true,"campfire_choices":[{"data":"Flame Barrier","floor":6.0,"key":"SMITH"},{"data":"Rampage","floor":8,"key":"SMITH"},{"data":"Limit Break","floor":15,"key":"SMITH"}],"circlet_count":0,"master_deck":["Strike_R","Strike_R","Strike_R","Strike_R","Defend_R","Defend_R","Defend_R+1","Defend_R","Bash+1","Limit Break+1","Flame Barrier+1","Rampage+1","Whirlwind","Demon Form+1","Offering","Blood for Blood+1","Blood for Blood","Metamorphosis","Shrug It Off","J.A.X."],"relics":["Burning Blood","White Beast Statue","Bag of Preparation","Toy Ornithopter","Bag of Marbles","Velvet Choker"],"acts_visited":["Exordium","TheCity"],"potions_floor_usage":[7,19,21,23,23,23],"damage_taken":[{"damage":9.0,"enemies":"Jaw Worm","floor":1.0,"turns":4.0},{"damage":18,"enemies":"Gremlin Nob","floor":7,"turns":4},{"damage":4,"enemies":"2 Louse","floor":10,"turns":4},{"damage":0,"enemies":"Small Slimes","floor":11,"turns":3},{"damage":25,"enemies":"Lagavulin","floor":12,"turns":6},{"damage":4,"enemies":"Slime Boss","floor":16,"turns":7},{"damage":12,"enemies":"Shell Parasite","floor":18,"turns":3},{"damage":22,"enemies":"Spheric Guardian","floor":19,"turns":5},{"damage":28,"enemies":"Snake Plant","floor":21,"turns":4},{"damage":82,"enemies":"Slavers","floor":23,"turns":3}],"seed_played":"6299450314856345420","potions_obtained":[{"floor":1.0,"key":"Strength Potion"},{"floor":10,"key":"SmokeBomb"},{"floor":11,"key":"DuplicationPotion"},{"floor":12,"key":"SkillPotion"},{"floor":16,"key":"FearPotion"},{"floor":19,"key":"Swift Potion"},{"floor":21,"key":"SpeedPotion"}],"is_trial":false,"path_per_floor":["M","?","$","?","?","R","E","R","T","M","M","E","?","?","R","B",null,"M","M","$","M","?","E"],"character_chosen":"IRONCLAD","items_purchased":["Metamorphosis"],"campfire_rested":0,"item_purchase_floors":[20],"current_hp_per_floor":[77,77,77,70,70,70,58,58,58,60,66,47,47,31,31,33,80,74,63,63,46,46,0,0],"gold":229,"neow_bonus":"THREE_RARE_CARDS","is_daily":false,"chose_seed":false,"campfire_upgraded":3,"win_rate":0.0,"timestamp":1610541158,"path_taken":["M","?","$","?","?","R","E","R","T","M","M","E","?","?","R","BOSS","M","M","$","M","?","E"],"items_purchased_type":["Card"],"build_version":"2020-12-22","purchased_purges":1,"victory":false,"max_hp_per_floor":[80,80,80,80,80,80,80,80,80,80,80,80,80,80,80,80,80,80,80,80,80,80,80,80],"card_choices":[{"not_picked":["Berserk","Exhume"],"picked":"Limit Break","floor":0.0},{"not_picked":["Feel No Pain","Pommel Strike"],"picked":"Flame Barrier","floor":1.0},{"not_picked":["Perfected Strike","Armaments"],"picked":"Rampage","floor":7},{"not_picked":["Perfected Strike","Clothesline"],"picked":"Whirlwind","floor":10},{"not_picked":["Twin Strike","True Grit"],"picked":"Demon Form","floor":11},{"not_picked":["Rage","Body Slam","Perfected Strike"],"picked":"SKIP","floor":12},{"not_picked":["Impervious","Exhume"],"picked":"Offering","floor":16},{"not_picked":["Thunderclap","Disarm"],"picked":"Blood for Blood+1","floor":18},{"not_picked":["Pommel Strike","Headbutt+1"],"picked":"Blood for Blood","floor":19},{"not_picked":["Flame Barrier","Flex"],"picked":"Shrug It Off","floor":21}],"player_experience":38278,"relics_obtained":[{"floor":7,"key":"White Beast Statue"},{"floor":9,"key":"Bag of Preparation"},{"floor":12,"key":"Toy Ornithopter"}],"event_choices":[{"damage_healed":0.0,"max_hp_gain":0.0,"max_hp_loss":0.0,"gold_gain":0.0,"event_name":"Living Wall","player_choice":"Grow","floor":2.0,"gold_loss":0.0,"damage_taken":0.0,"cards_upgraded":["Bash"]},{"cards_removed":["Strike_R"],"damage_healed":0.0,"max_hp_gain":0.0,"max_hp_loss":0.0,"gold_gain":0.0,"event_name":"Golden Wing","player_choice":"Card Removal","floor":4.0,"gold_loss":0.0,"damage_taken":7.0},{"damage_healed":0.0,"max_hp_gain":0.0,"max_hp_loss":0.0,"gold_gain":175.0,"event_name":"Liars Game","player_choice":"AGREE","floor":5.0,"gold_loss":0.0,"damage_taken":0.0,"cards_obtained":["Doubt"]},{"damage_healed":0,"gold_gain":30,"player_choice":"Searched \u00272\u0027 times","damage_taken":0,"relics_obtained":["Bag of Marbles"],"max_hp_gain":0,"max_hp_loss":0,"event_name":"Dead Adventurer","floor":13,"gold_loss":0},{"damage_healed":0,"gold_gain":0,"player_choice":"Entered Light","damage_taken":16,"max_hp_gain":0,"max_hp_loss":0,"event_name":"Shining Light","floor":14,"gold_loss":0,"cards_upgraded":["Demon Form","Defend_R"]},{"damage_healed":0,"gold_gain":0,"player_choice":"Obtain J.A.X.","damage_taken":0,"max_hp_gain":0,"max_hp_loss":0,"event_name":"Drug Dealer","floor":22,"gold_loss":0,"cards_obtained":["J.A.X."]}],"is_beta":false,"boss_relics":[{"not_picked":["Snecko Eye","Calling Bell"],"picked":"Velvet Choker"}],"items_purged_floors":[20],"is_endless":false,"potions_floor_spawned":[1,10,11,12,16,18,19,21],"killed_by":"Slavers","ascension_level":4}}