{"host":"cjhtzh7tp54jdfyv","time":1610496367,"event":{"mods":["AchievementEnabler","BaseMod","Colored Map","Colored Powertips","Curses Come First","DeckTracker","Filter the Spire","Minty Spire (QoL Compilation)","RNG Fix","Relic Sorter","Relic Stats","StSLib","UnlockEverythingMod","ojb\u0027s Better Paths Mod","ojb\u0027s Info Mod"],"gold_per_floor":[114,114,114,133,146,146,175,175,251,251,285,295,295,323,323,394,394,405,415,305,315,326,326,358,358,358,383,394,71,103,121,121,192,192,211,259,259,274,10,10,44,59,59,85,103,103,123,152,152,152,152,152,152,52,83,83],"floor_reached":57,"language":"ENG","playtime":6962,"items_purged":["Strike_P","Defend_P+1"],"score":3640,"play_id":"29981344-13bb-48e2-8656-141ba546954b","local_time":"20210112190607","is_ascension_mode":true,"campfire_choices":[{"data":"Eruption","floor":6.0,"key":"SMITH"},{"data":"SignatureMove","floor":8.0,"key":"SMITH"},{"data":"FlurryOfBlows","floor":10.0,"key":"SMITH"},{"data":"Omniscience","floor":13.0,"key":"SMITH"},{"data":"Weave","floor":15.0,"key":"SMITH"},{"floor":23.0,"key":"REST"},{"data":"Meditate","floor":25.0,"key":"SMITH"},{"data":"Strike_P+1","floor":32.0,"key":"PURGE"},{"floor":40.0,"key":"RECALL"},{"data":"Defend_P","floor":46.0,"key":"PURGE"},{"data":"Strike_P+1","floor":49.0,"key":"PURGE"},{"data":"SignatureMove+1","floor":53.0,"key":"PURGE"}],"circlet_count":0,"master_deck":["AscendersBane","Defend_P+1","Defend_P+1","Eruption+1","Vigilance","JustLucky+1","Weave+1","FlurryOfBlows+1","Omniscience+1","FearNoEvil+1","JustLucky+1","LessonLearned+1","EmptyFist+1","CutThroughFate+1","EmptyMind+1","Meditate+1","JustLucky+1","Weave+1","Vault+1","Nirvana+1","Panache+1","Violence+1","Blind+1","CutThroughFate+1","Sanctity+1","TalkToTheHand+1","Sanctity","Scrawl+1"],"relics":["SacredBark","InkBottle","Pen Nib","Nunchaku","Kunai","Shuriken","Pear","Strawberry","Philosopher\u0027s Stone","Art of War","Frozen Eye","Peace Pipe","Sozu","Torii","Vajra","Orichalcum","Ice Cream","Lizard Tail"],"acts_visited":["Exordium","TheCity","TheBeyond","TheEnding"],"potions_floor_usage":[56],"damage_taken":[{"damage":13.0,"enemies":"Small Slimes","floor":1.0,"turns":6.0},{"damage":5.0,"enemies":"2 Louse","floor":4.0,"turns":4.0},{"damage":0.0,"enemies":"Jaw Worm","floor":5.0,"turns":3.0},{"damage":0.0,"enemies":"Gremlin Nob","floor":7.0,"turns":2.0},{"damage":0.0,"enemies":"Lagavulin","floor":11.0,"turns":2.0},{"damage":17.0,"enemies":"Lots of Slimes","floor":12.0,"turns":3.0},{"damage":0.0,"enemies":"Gremlin Nob","floor":14.0,"turns":3.0},{"damage":47.0,"enemies":"The Guardian","floor":16.0,"turns":10.0},{"damage":31.0,"enemies":"2 Thieves","floor":18.0,"turns":4.0},{"damage":27.0,"enemies":"Shell Parasite","floor":19.0,"turns":4.0},{"damage":5.0,"enemies":"Sentry and Sphere","floor":21.0,"turns":3.0},{"damage":2.0,"enemies":"Chosen and Byrds","floor":22.0,"turns":5.0},{"damage":0.0,"enemies":"Book of Stabbing","floor":24.0,"turns":2.0},{"damage":0.0,"enemies":"Gremlin Leader","floor":27.0,"turns":3.0},{"damage":0.0,"enemies":"Snecko","floor":28.0,"turns":2.0},{"damage":5.0,"enemies":"Book of Stabbing","floor":30.0,"turns":2.0},{"damage":8.0,"enemies":"3 Cultists","floor":31.0,"turns":4.0},{"damage":0.0,"enemies":"Automaton","floor":33.0,"turns":5.0},{"damage":14.0,"enemies":"3 Darklings","floor":35.0,"turns":6.0},{"damage":8.0,"enemies":"2 Orb Walkers","floor":36.0,"turns":6.0},{"damage":7.0,"enemies":"3 Shapes","floor":38.0,"turns":6.0},{"damage":10.0,"enemies":"Giant Head","floor":41.0,"turns":4.0},{"damage":1.0,"enemies":"Writhing Mass","floor":42.0,"turns":4.0},{"damage":0.0,"enemies":"Nemesis","floor":44.0,"turns":2.0},{"damage":0.0,"enemies":"Spire Growth","floor":45.0,"turns":3.0},{"damage":0.0,"enemies":"3 Darklings","floor":47.0,"turns":3.0},{"damage":0.0,"enemies":"Giant Head","floor":48.0,"turns":2.0},{"damage":0.0,"enemies":"Donu and Deca","floor":50.0,"turns":3.0},{"damage":0.0,"enemies":"Awakened One","floor":51.0,"turns":6.0},{"damage":0,"enemies":"Shield and Spear","floor":55,"turns":1},{"damage":2,"enemies":"The Heart","floor":56,"turns":7}],"seed_played":"4116499415556953754","potions_obtained":[{"floor":2.0,"key":"LiquidMemories"},{"floor":2.0,"key":"Fire Potion"},{"floor":12.0,"key":"Regen Potion"},{"floor":14.0,"key":"Swift Potion"},{"floor":18.0,"key":"Ancient Potion"},{"floor":21.0,"key":"SteroidPotion"},{"floor":28.0,"key":"ColorlessPotion"},{"floor":33.0,"key":"SkillPotion"}],"is_trial":false,"path_per_floor":["M","?","?","M","M","R","E","R","T","R","E","M","R","E","R","B",null,"M","M","?","M","M","R","E","R","T","E","M","$","E","M","R","B",null,"M","?","?","M","$","R","E","M","T","E","M","R","M","E","R","B","B",null,"R","$","E","B",null],"character_chosen":"WATCHER","items_purchased":["Weave","Frozen Eye","Shuriken"],"campfire_rested":1,"item_purchase_floors":[29,29,39],"current_hp_per_floor":[48,48,48,43,43,43,43,43,43,43,53,36,36,43,43,50,76,45,18,18,13,11,36,36,36,36,36,36,36,31,23,23,23,70,56,48,38,31,31,31,21,20,20,20,20,20,20,20,20,20,20,69,69,69,69,67],"gold":83,"neow_bonus":"BOSS_RELIC","is_daily":false,"chose_seed":false,"campfire_upgraded":6,"win_rate":0.0,"timestamp":1610496367,"path_taken":["M","?","?","M","M","R","E","R","T","R","E","M","R","E","R","BOSS","M","M","?","M","M","R","E","R","T","E","M","$","E","M","R","BOSS","M","?","?","M","?","R","E","M","T","E","M","R","M","E","R","BOSS","BOSS","R","$","E","BOSS"],"items_purchased_type":["Card","Relic","Relic"],"build_version":"2020-12-22","purchased_purges":2,"victory":true,"max_hp_per_floor":[68,68,68,68,68,68,68,68,68,68,78,78,78,85,85,85,85,85,85,85,85,85,85,85,85,85,85,85,85,85,85,85,85,85,85,85,85,85,85,85,85,85,85,85,85,85,85,85,85,85,85,85,85,85,85,85],"relic_stats":{"Torii":5,"counters":[31,120],"Pen Nib":[40],"Orichalcum":[6],"Peace Pipe":5,"Sozu":3,"Nunchaku":[15],"Lizard Tail":0,"Shuriken":[70],"Art of War":[2],"Kunai":[147],"obtain_stats":[{"Ice Cream":44,"Pear":11,"Torii":36,"SacredBark":0,"Vajra":41,"Pen Nib":27,"Orichalcum":43,"Peace Pipe":30,"Sozu":34,"Frozen Eye":29,"Nunchaku":48,"Lizard Tail":55,"Shuriken":39,"Strawberry":14,"Philosopher\u0027s Stone":17,"Art of War":24,"Kunai":7,"PureWater":0,"InkBottle":9},{"Ice Cream":24,"Pear":5,"Torii":20,"SacredBark":0,"Vajra":22,"Pen Nib":14,"Orichalcum":23,"Peace Pipe":16,"Sozu":18,"Frozen Eye":15,"Nunchaku":27,"Lizard Tail":30,"Shuriken":21,"Strawberry":7,"Philosopher\u0027s Stone":8,"Art of War":13,"Kunai":4,"PureWater":0,"InkBottle":4},{"Ice Cream":95,"Pear":17,"Torii":79,"SacredBark":0,"Vajra":89,"Pen Nib":54,"Orichalcum":93,"Peace Pipe":58,"Sozu":67,"Frozen Eye":56,"Nunchaku":103,"Lizard Tail":113,"Shuriken":85,"Strawberry":23,"Philosopher\u0027s Stone":33,"Art of War":51,"Kunai":15,"PureWater":0,"InkBottle":15}],"InkBottle":[78]},"card_choices":[{"not_picked":["Sanctity","EmptyMind"],"picked":"SignatureMove","floor":1.0},{"not_picked":["WreathOfFlame","Meditate"],"picked":"JustLucky","floor":4.0},{"not_picked":["Sanctity","Meditate"],"picked":"Weave","floor":5.0},{"not_picked":["Meditate","Halt"],"picked":"FlurryOfBlows","floor":7.0},{"not_picked":["WaveOfTheHand","ForeignInfluence"],"picked":"Omniscience","floor":11.0},{"not_picked":["Indignation","SignatureMove"],"picked":"FearNoEvil","floor":12.0},{"not_picked":["Crescendo","FollowUp"],"picked":"JustLucky","floor":14.0},{"not_picked":["SpiritShield","Ragnarok"],"picked":"LessonLearned","floor":16.0},{"not_picked":["Collect","FlurryOfBlows"],"picked":"EmptyFist+1","floor":18.0},{"not_picked":["BowlingBash","ReachHeaven","FlyingSleeves"],"picked":"SKIP","floor":19.0},{"not_picked":["Protect","Consecrate+1"],"picked":"CutThroughFate","floor":21.0},{"not_picked":["EmptyFist","Consecrate"],"picked":"EmptyMind","floor":22.0},{"not_picked":["Indignation","SandsOfTime+1"],"picked":"Meditate","floor":24.0},{"not_picked":["Consecrate","FollowUp","PathToVictory"],"picked":"SKIP","floor":27.0},{"not_picked":["ThirdEye","MentalFortress"],"picked":"JustLucky","floor":28.0},{"not_picked":["Protect","Wish"],"picked":"Vault","floor":30.0},{"not_picked":["PathToVictory","EmptyFist","SignatureMove"],"picked":"SKIP","floor":31.0},{"not_picked":["Study","SashWhip"],"picked":"Nirvana+1","floor":35.0},{"not_picked":["Finesse","Forethought"],"picked":"Panache","floor":37.0},{"not_picked":["Thinking Ahead","Trip"],"picked":"Violence","floor":37.0},{"not_picked":["Enlightenment","Good Instincts"],"picked":"Blind","floor":37.0},{"not_picked":["Halt","DeceiveReality+1"],"picked":"CutThroughFate+1","floor":38.0},{"not_picked":["FollowUp","WreathOfFlame+1"],"picked":"Sanctity","floor":41.0},{"not_picked":["JustLucky","EmptyFist+1"],"picked":"TalkToTheHand+1","floor":42.0},{"not_picked":["Meditate","ThirdEye","EmptyFist"],"picked":"SKIP","floor":44.0},{"not_picked":["Halt","Crescendo"],"picked":"Sanctity","floor":45.0},{"not_picked":["CutThroughFate","BowlingBash"],"picked":"Scrawl","floor":47.0},{"not_picked":["FlurryOfBlows","EmptyBody","PathToVictory+1"],"picked":"SKIP","floor":48.0},{"not_picked":["JustLucky","Adaptation","Conclude+1"],"picked":"SKIP","floor":55}],"player_experience":4484293,"relics_obtained":[{"floor":7.0,"key":"Kunai"},{"floor":9.0,"key":"InkBottle"},{"floor":11.0,"key":"Pear"},{"floor":14.0,"key":"Strawberry"},{"floor":24.0,"key":"Art of War"},{"floor":27.0,"key":"Pen Nib"},{"floor":30.0,"key":"Peace Pipe"},{"floor":36.0,"key":"Torii"},{"floor":41.0,"key":"Vajra"},{"floor":43.0,"key":"Orichalcum"},{"floor":44.0,"key":"Ice Cream"},{"floor":48.0,"key":"Nunchaku"},{"floor":55,"key":"Lizard Tail"}],"event_choices":[{"damage_healed":0.0,"max_hp_gain":0.0,"max_hp_loss":0.0,"gold_gain":0.0,"event_name":"Lab","player_choice":"Got Potions","floor":2.0,"gold_loss":0.0,"damage_taken":0.0},{"damage_healed":0.0,"max_hp_gain":0.0,"max_hp_loss":0.0,"gold_gain":0.0,"event_name":"Liars Game","player_choice":"Ignored","floor":3.0,"gold_loss":0.0,"damage_taken":0.0},{"cards_removed":["Strike_P"],"damage_healed":0.0,"max_hp_gain":0.0,"max_hp_loss":0.0,"gold_gain":0.0,"event_name":"Designer","player_choice":"Upgrade and Remove","floor":20.0,"gold_loss":110.0,"damage_taken":0.0,"cards_upgraded":["FearNoEvil"]},{"damage_healed":0.0,"max_hp_gain":0.0,"max_hp_loss":0.0,"gold_gain":0.0,"event_name":"Mysterious Sphere","player_choice":"Fight","floor":36.0,"gold_loss":0.0,"damage_taken":0.0},{"damage_healed":0.0,"max_hp_gain":0.0,"max_hp_loss":0.0,"gold_gain":0.0,"event_name":"SensoryStone","player_choice":"Memory 3","floor":37.0,"gold_loss":0.0,"damage_taken":10.0}],"is_beta":false,"boss_relics":[{"not_picked":["Black Star","Pandora\u0027s Box"],"picked":"Philosopher\u0027s Stone"},{"not_picked":["Tiny House","SlaversCollar"],"picked":"Sozu"}],"items_purged_floors":[29,54],"is_endless":false,"potions_floor_spawned":[5,12,14,18,21,28,33,35,38,45],"ascension_level":20}}