{"host":"m5bsg12zcyqnofur","time":1610501914,"event":{"mods":["AchievementEnabler","BaseMod","BetterRewards","Colored Powertips","Downfall","Hermit","Highlight Path","Minty Spire (QoL Compilation)","Quick Restart","Replay The Spire","Shop Mod","StSLib","The Bug Knight"],"gold_per_floor":[110,123,140,156,167,167,195,215,239,239,114,139,139,152,152,152,152],"floor_reached":16,"language":"ENG","playtime":1499,"items_purged":["hermit:Strike_Hermit","hermit:Strike_Hermit","hermit:Defend_Hermit"],"score":139,"play_id":"bf5fe224-5bb6-4731-abc8-594eb3db8a22","local_time":"20210112193834","is_ascension_mode":false,"campfire_choices":[{"floor":6,"key":"REST"},{"floor":15,"key":"REST"}],"circlet_count":0,"master_deck":["hermit:Strike_Hermit","hermit:Strike_Hermit","hermit:Defend_Hermit","hermit:Defend_Hermit","hermit:Defend_Hermit","hermit:Snapshot","hermit:Covet","hermit:GoldenBullet","hermit:TakeAim","hermit:EyeOfTheStorm","Injury","hermit:ShadowCloak","hermit:TrackingShot+1","hermit:CursedWeapon+1","hermit:Deadeye+1","hermit:FlashPowder","hermit:LuckOfTheDraw","Regret","hermit:Quickdraw+1","hermit:TakeCover"],"relics":["hermit:Momento","ReplayTheSpireMod:CursedCoin","Molten Egg 2","Replay:Bottled Snecko","Blue Doll","Oddly Smooth Stone"],"acts_visited":["Exordium"],"potions_floor_usage":[12,12,14],"damage_taken":[{"damage":8,"enemies":"Small Slimes","floor":1,"turns":5},{"damage":10,"enemies":"Jaw Worm","floor":2,"turns":4},{"damage":2,"enemies":"Cultist","floor":3,"turns":4},{"damage":7,"enemies":"Looter","floor":4,"turns":2},{"damage":8,"enemies":"Large Slime","floor":5,"turns":4},{"damage":19,"enemies":"Lagavulin","floor":7,"turns":8},{"damage":2,"enemies":"Blue Slaver","floor":8,"turns":2},{"damage":0,"enemies":"HollowMod:MossKnight","floor":12,"turns":1},{"damage":2,"enemies":"3 Louse","floor":14,"turns":3},{"damage":30,"enemies":"Slime Boss","floor":16,"turns":5}],"seed_played":"1239440648106027185","potions_obtained":[{"floor":4,"key":"Dexterity Potion"},{"floor":8,"key":"hexamod:EctoCoolerPotion"},{"floor":12,"key":"Block Potion"}],"is_trial":false,"path_per_floor":["M","M","M","M","M","R","E","M","T","?","$","E","$","M","R","B"],"character_chosen":"HERMIT","items_purchased":["hermit:GoldenBullet","hermit:TakeAim","hermit:EyeOfTheStorm","ReplayTheSpireMod:CursedCoin","Molten Egg 2","hermit:ShadowCloak","hermit:TrackingShot+1"],"campfire_rested":2,"item_purchase_floors":[0,0,0,0,0,0,0],"current_hp_per_floor":[32,22,20,13,5,27,8,6,6,6,6,6,6,4,26,0,0],"gold":152,"neow_bonus":"","is_daily":false,"chose_seed":false,"campfire_upgraded":0,"win_rate":0.0,"timestamp":1610501914,"path_taken":["M","M","M","M","M","R","E","M","T","?","$","E","?","?","R","BOSS"],"items_purchased_type":["Card","Card","Card","Relic","Relic","Card","Card"],"build_version":"2020-12-22","purchased_purges":3,"victory":false,"max_hp_per_floor":[75,75,75,75,75,75,75,75,75,75,75,75,75,75,75,75,75],"card_choices":[{"not_picked":["hermit:Glare","hermit:BigShot"],"picked":"hermit:CursedWeapon+1","floor":1},{"not_picked":["hermit:Determination","hermit:Snipe"],"picked":"hermit:Deadeye+1","floor":2},{"not_picked":["hermit:Manifest","hermit:CalledShot+1","hermit:Virtue"],"picked":"SKIP","floor":3},{"not_picked":["hermit:Ricochet+1","hermit:CalledShot+1","hermit:NoHoldsBarred+1"],"picked":"SKIP","floor":4},{"not_picked":["hermit:Snipe","hermit:TrackingShot+1"],"picked":"hermit:FlashPowder","floor":5},{"not_picked":["hermit:FlashPowder","hermit:Roughhouse+1","hermit:HighCaliber+1"],"picked":"SKIP","floor":7},{"not_picked":["hermit:PistolWhip+1","hermit:Quickdraw+1"],"picked":"hermit:LuckOfTheDraw","floor":8},{"not_picked":["hermit:RoundhouseKick+1","hermit:Feint"],"picked":"hermit:Quickdraw+1","floor":12},{"not_picked":["hermit:Glare","hermit:CursedWeapon+1"],"picked":"hermit:TakeCover","floor":14}],"player_experience":206041,"relics_obtained":[{"floor":7,"key":"Replay:Bottled Snecko"},{"floor":12,"key":"Oddly Smooth Stone"}],"event_choices":[{"damage_healed":0,"gold_gain":0,"player_choice":"Box","damage_taken":0,"relics_obtained":["Blue Doll"],"max_hp_gain":0,"max_hp_loss":0,"event_name":"Big Fish","floor":10,"gold_loss":0,"cards_obtained":["Regret"]}],"is_beta":false,"boss_relics":[],"items_purged_floors":[0,0,11],"is_endless":false,"potions_floor_spawned":[4,8,12],"killed_by":"Slime Boss","ascension_level":0}}