{"host":"vfg9szunmpjwj08o","time":1610568589,"event":{"mods":["Act Like it!","BaseMod","Challenge The Spire","Colored Map","Colored Powertips","Conspire","Dark Map","Fox Events","Minty Spire (QoL Compilation)","Relic Stats","StSLib","Waifu the Spire"],"gold_per_floor":[118,129,29,29,42,42,61,73,123,123,151,151,183,55,55,127,127,87,106,156,4,4,4],"floor_reached":22,"language":"ENG","playtime":970,"items_purged":["Strike_B","Strike_B"],"score":427,"play_id":"994a2362-f996-49cd-9fff-67dae38a3e96","local_time":"20210113210949","is_ascension_mode":true,"campfire_choices":[{"data":"Dualcast","floor":6,"key":"SMITH"},{"data":"Ghostly","floor":12,"key":"SMITH"},{"data":"conspire:SharedLibrary","floor":15,"key":"SMITH"}],"circlet_count":0,"master_deck":["AscendersBane","Strike_B","Defend_B","Defend_B","Defend_B","Defend_B","Zap+1","Dualcast+1","Gash","Gash","Ghostly+1","Reinforced Body","conspire:SharedLibrary+1","FTL","Chill","Go for the Eyes","Core Surge","Compile Driver","Gash","Coolheaded"],"relics":["Cracked Core","Gremlin Horn","Toy Ornithopter","Coffee Dripper"],"acts_visited":["Exordium","TheCity"],"potions_floor_usage":[16,16,19],"damage_taken":[{"damage":2,"enemies":"Jaw Worm","floor":1,"turns":4},{"damage":2,"enemies":"2 Louse","floor":2,"turns":3},{"damage":0,"enemies":"Small Slimes","floor":5,"turns":3},{"damage":0,"enemies":"Blue Slaver","floor":7,"turns":4},{"damage":0,"enemies":"Large Slime","floor":8,"turns":6},{"damage":0,"enemies":"Lagavulin","floor":11,"turns":7},{"damage":39,"enemies":"Gremlin Nob","floor":13,"turns":4},{"damage":15,"enemies":"The Guardian","floor":16,"turns":9},{"damage":32,"enemies":"2 Thieves","floor":18,"turns":5},{"damage":18,"enemies":"Chosen","floor":19,"turns":5},{"damage":13,"enemies":"Snake Plant","floor":22,"turns":4}],"seed_played":"1346231053934449209","potions_obtained":[{"floor":1,"key":"Explosive Potion"},{"floor":7,"key":"LiquidMemories"},{"floor":13,"key":"PowerPotion"},{"floor":16,"key":"PowerPotion"},{"floor":18,"key":"FearPotion"}],"is_trial":false,"path_per_floor":["M","M","?","?","M","R","M","M","T","?","E","R","E","$","R","B",null,"M","M","?","$","M"],"character_chosen":"DEFECT","items_purchased":["Go for the Eyes","Coolheaded"],"campfire_rested":0,"item_purchase_floors":[14,21],"current_hp_per_floor":[62,60,60,56,56,56,56,56,56,56,56,56,17,17,17,12,56,24,11,11,11,0,0],"gold":4,"neow_bonus":"UPGRADE_CARD","is_daily":false,"chose_seed":false,"campfire_upgraded":3,"win_rate":0.0,"timestamp":1610568589,"path_taken":["M","M","?","?","M","R","M","M","T","?","E","R","E","$","R","BOSS","M","M","?","$","M"],"items_purchased_type":["Card","Card"],"build_version":"2020-12-22","purchased_purges":2,"victory":false,"max_hp_per_floor":[71,71,71,71,71,71,71,71,71,71,71,71,71,71,71,71,71,71,71,71,71,71,71],"relic_stats":{"Gremlin Horn":[1,1],"counters":[11,54],"obtain_stats":[{"Gremlin Horn":11,"Coffee Dripper":17,"Cracked Core":0,"Toy Ornithopter":13},{"Gremlin Horn":6,"Coffee Dripper":8,"Cracked Core":0,"Toy Ornithopter":7},{"Gremlin Horn":27,"Coffee Dripper":40,"Cracked Core":0,"Toy Ornithopter":31}],"Toy Ornithopter":15},"card_choices":[{"not_picked":["Storm","Static Discharge"],"picked":"Gash","floor":1},{"not_picked":["Sweeping Beam","Turbo"],"picked":"Gash","floor":2},{"not_picked":["Hologram","Conserve Battery"],"picked":"Reinforced Body","floor":5},{"not_picked":["Turbo","Double Energy"],"picked":"conspire:SharedLibrary","floor":7},{"not_picked":["Redo","Fusion"],"picked":"FTL","floor":8},{"not_picked":["Fusion","Blizzard","Cold Snap"],"picked":"SKIP","floor":11},{"not_picked":["Steam Power","Turbo"],"picked":"Chill","floor":13},{"not_picked":["Biased Cognition","Meteor Strike"],"picked":"Core Surge","floor":16},{"not_picked":["Blizzard","Conserve Battery"],"picked":"Compile Driver","floor":18},{"not_picked":["Sweeping Beam","Turbo"],"picked":"Gash","floor":19}],"player_experience":1062617,"relics_obtained":[{"floor":11,"key":"Gremlin Horn"},{"floor":13,"key":"Toy Ornithopter"}],"event_choices":[{"damage_healed":0,"gold_gain":0,"player_choice":"Argue","damage_taken":0,"max_hp_gain":0,"max_hp_loss":0,"event_name":"conspire:LoneGhost","floor":3,"gold_loss":0},{"damage_healed":0,"gold_gain":0,"player_choice":"Leave","damage_taken":0,"max_hp_gain":0,"max_hp_loss":0,"event_name":"conspire:Investor","floor":4,"gold_loss":0},{"cards_removed":["Strike_B"],"damage_healed":0,"gold_gain":0,"player_choice":"Forget","damage_taken":0,"max_hp_gain":0,"max_hp_loss":0,"event_name":"Living Wall","floor":10,"gold_loss":0},{"damage_healed":0,"gold_gain":50,"player_choice":"Stole From Cult","damage_taken":0,"max_hp_gain":0,"max_hp_loss":0,"event_name":"Nest","floor":20,"gold_loss":0}],"is_beta":false,"boss_relics":[{"not_picked":["Velvet Choker","Cursed Key"],"picked":"Coffee Dripper"}],"items_purged_floors":[14,21],"is_endless":false,"potions_floor_spawned":[1,7,13,16,18],"killed_by":"Snake Plant","ascension_level":19}}