{"host":"yuhy0i501zzmn1iz","time":1610518277,"event":{"mods":["AchievementEnabler","AlwaysNeverKeys","BaseMod","Bestiary","Better Match","Better Third Choice","Curses Come First","Downfall","Minty Spire (QoL Compilation)","StSLib","The Blue Laboratory","slay the spire mod where everything is the same but ironclad has a cowboy hat"],"gold_per_floor":[117,217,228,239,258,289,289,464,464,482,482,512,523,329,329,428,428,438,438,464,480,480,512,512,539,566,164,179,179,33,33,33,134,134,153,453,472,484,501,501,530,542,569,596,596,627,641,641,641,641,641,641,34,34,34],"floor_reached":54,"language":"ENG","playtime":2178,"items_purged":["Doubt"],"score":955,"play_id":"43f428ba-f1ff-4668-a841-63bb25b45fac","local_time":"20210113011117","is_ascension_mode":true,"campfire_choices":[{"data":"Heavy Blade","floor":7,"key":"SMITH"},{"data":"Power Through","floor":15,"key":"SMITH"},{"floor":29,"key":"REST"},{"floor":32,"key":"RECALL"},{"floor":40,"key":"REST"},{"floor":49,"key":"REST"},{"floor":52,"key":"REST"}],"circlet_count":0,"master_deck":["Defend_R+1","Defend_R+1","Defend_R+1","Bash","Sadistic Nature","Pommel Strike","Heavy Blade+1","Flame Barrier+1","Inflame","Power Through+1","Power Through+1","Rampage","Heavy Blade","Cleave","Berserk+1","Shrug It Off+1","Slimebound:Tackle+1","Slimebound:Tackle+1","Slimebound:Tackle+1","Havoc+1","Whirlwind","Sword Boomerang+1","Double Tap","Sword Boomerang+1","Intimidate+1","Heavy Blade+1","Hemokinesis","Pummel","Fire Breathing+1"],"relics":["Burning Blood","Pocketwatch","Bottled Lightning","Pantograph","Brimstone","Empty Cage","War Paint","Incense Burner","Orichalcum","Strawberry","Singing Bowl","Pen Nib","Fusion Hammer","Eternal Feather","Happy Flower","Boot","Lantern","Toy Ornithopter","Orrery"],"acts_visited":["Exordium","TheCity","TheBeyond","TheEnding"],"potions_floor_usage":[13,16,23,23,25,25,44,44,50,50],"damage_taken":[{"damage":12.0,"enemies":"2 Louse","floor":1.0,"turns":3.0},{"damage":6.0,"enemies":"Cultist","floor":3.0,"turns":3.0},{"damage":8.0,"enemies":"Jaw Worm","floor":4.0,"turns":4.0},{"damage":0.0,"enemies":"Large Slime","floor":5.0,"turns":6.0},{"damage":28.0,"enemies":"3 Sentries","floor":6.0,"turns":6.0},{"damage":0,"enemies":"2 Fungi Beasts","floor":10,"turns":4},{"damage":20,"enemies":"Lagavulin","floor":12,"turns":5},{"damage":0,"enemies":"Exordium Wildlife","floor":13,"turns":5},{"damage":14,"enemies":"The Guardian","floor":16,"turns":6},{"damage":0,"enemies":"Spheric Guardian","floor":18,"turns":3},{"damage":21,"enemies":"2 Thieves","floor":21,"turns":3},{"damage":13,"enemies":"Book of Stabbing","floor":23,"turns":3},{"damage":44,"enemies":"Slavers","floor":25,"turns":4},{"damage":0,"enemies":"Snecko","floor":28,"turns":3},{"damage":22,"enemies":"Champ","floor":33,"turns":6},{"damage":3,"enemies":"Orb Walker","floor":35,"turns":2},{"damage":16,"enemies":"3 Shapes","floor":37,"turns":3},{"damage":24,"enemies":"Transient","floor":38,"turns":5},{"damage":0,"enemies":"Spire Growth","floor":39,"turns":3},{"damage":39,"enemies":"Reptomancer","floor":41,"turns":6},{"damage":3,"enemies":"Maw","floor":42,"turns":5},{"damage":36,"enemies":"Nemesis","floor":44,"turns":5},{"damage":67,"enemies":"Reptomancer","floor":46,"turns":4},{"damage":6,"enemies":"4 Shapes","floor":47,"turns":4},{"damage":36,"enemies":"Donu and Deca","floor":50,"turns":6},{"damage":98,"enemies":"Shield and Spear","floor":54,"turns":3}],"seed_played":"8345047353050353903","potions_obtained":[{"floor":3.0,"key":"sneckomod:MuddlingPotion"},{"floor":10,"key":"blueLaboratory:PhilterOfMotion"},{"floor":12,"key":"blueLaboratory:ConflagurationPotion"},{"floor":13,"key":"FearPotion"},{"floor":16,"key":"Strength Potion"},{"floor":23,"key":"blueLaboratory:FruitPunch"},{"floor":28,"key":"blueLaboratory:NullPotion"},{"floor":35,"key":"blueLaboratory:FrostheartPotion"},{"floor":42,"key":"Block Potion"},{"floor":44,"key":"Swift Potion"},{"floor":46,"key":"Ancient Potion"}],"is_trial":false,"path_per_floor":["M","?","M","M","M","E","R","?","T","M","?","E","M","$","R","B",null,"M","?","T","M","?","E","?","E","T","$","M","R","$","$","R","B",null,"M","?","M","M","M","R","E","M","T","E","?","E","M","?","R","B",null,"R","$","E"],"character_chosen":"IRONCLAD","items_purchased":["Brimstone","Cleave","Double Tap","Singing Bowl","Pen Nib","Lantern","Hemokinesis","Toy Ornithopter","Orrery"],"campfire_rested":4,"item_purchase_floors":[14,14,27,27,30,53,53,53,53],"current_hp_per_floor":[66,66,66,64,70,48,48,48,48,54,54,40,46,46,46,63,72,72,72,72,57,57,50,50,14,21,21,27,51,51,51,51,62,83,83,83,75,57,65,87,56,61,61,33,93,34,36,85,85,55,85,85,91,0,0],"gold":34,"neow_bonus":"RANDOM_COLORLESS_2","is_daily":false,"chose_seed":false,"campfire_upgraded":2,"win_rate":0.0,"timestamp":1610518277,"path_taken":["M","?","M","M","?","E","R","?","T","M","?","E","M","$","R","BOSS","M","?","?","M","?","E","?","E","T","$","?","R","?","$","R","BOSS","M","?","?","M","M","R","E","M","T","E","?","E","M","?","R","BOSS","R","$","E"],"items_purchased_type":["Relic","Card","Card","Relic","Relic","Relic","Card","Relic","Relic"],"build_version":"2020-12-22","purchased_purges":1,"victory":false,"max_hp_per_floor":[72,72,72,72,72,72,72,72,72,72,72,72,72,72,72,72,72,72,72,72,72,72,72,72,74,81,81,81,81,81,81,81,83,83,83,83,85,85,87,87,89,91,91,93,93,95,97,85,85,85,85,85,91,91,91],"card_choices":[{"not_picked":["expansioncontent:Corrupt","Master of Strategy"],"picked":"Sadistic Nature","floor":0.0},{"not_picked":["Clothesline","Havoc"],"picked":"Pommel Strike","floor":1.0},{"not_picked":["Spot Weakness","Flex"],"picked":"Heavy Blade","floor":3.0},{"not_picked":["Havoc","Rage"],"picked":"Flame Barrier","floor":4.0},{"not_picked":["Thunderclap","Dropkick"],"picked":"Inflame","floor":5.0},{"not_picked":["Evolve","Blood for Blood"],"picked":"Power Through","floor":6},{"not_picked":["Headbutt","Fiend Fire"],"picked":"Power Through","floor":10},{"not_picked":["Twin Strike","Iron Wave"],"picked":"Rampage","floor":12},{"not_picked":["Warcry","Dropkick"],"picked":"Heavy Blade","floor":13},{"not_picked":["Immolate","Bludgeon"],"picked":"Berserk","floor":16},{"not_picked":["Rampage","Thunderclap"],"picked":"Shrug It Off","floor":18},{"not_picked":["Entrench","Flex"],"picked":"Havoc+1","floor":21},{"not_picked":["Sever Soul","Headbutt+1"],"picked":"Whirlwind","floor":23},{"not_picked":["Anger+1","Pommel Strike"],"picked":"Sword Boomerang+1","floor":25},{"not_picked":["Twin Strike","Uppercut+1"],"picked":"Sword Boomerang+1","floor":28},{"not_picked":["Fiend Fire","Brutality","Corruption"],"picked":"Singing Bowl","floor":33},{"not_picked":["Pommel Strike+1","Entrench+1"],"picked":"Intimidate+1","floor":35},{"not_picked":["Wild Strike","Havoc","Warcry"],"picked":"Singing Bowl","floor":37},{"not_picked":["Twin Strike+1","Body Slam"],"picked":"Heavy Blade+1","floor":38},{"not_picked":["Feel No Pain+1","Disarm","Spot Weakness+1"],"picked":"Singing Bowl","floor":39},{"not_picked":["Rampage","Havoc","Clash+1"],"picked":"Singing Bowl","floor":41},{"not_picked":["Sword Boomerang+1","Berserk","Feel No Pain+1"],"picked":"Singing Bowl","floor":42},{"not_picked":["Clothesline+1","Flex+1","Cleave+1"],"picked":"Singing Bowl","floor":44},{"not_picked":["Armaments+1","True Grit+1","Heavy Blade+1"],"picked":"Singing Bowl","floor":46},{"not_picked":["Headbutt+1","Havoc","Perfected Strike+1"],"picked":"Singing Bowl","floor":47},{"not_picked":["Intimidate","Pommel Strike+1"],"picked":"Pummel","floor":53},{"not_picked":["Corruption","Heavy Blade+1"],"picked":"Fire Breathing+1","floor":53},{"not_picked":["Pommel Strike+1","Havoc+1","Headbutt"],"picked":"Singing Bowl","floor":53},{"not_picked":["Dual Wield","Combust","Headbutt"],"picked":"Singing Bowl","floor":53},{"not_picked":["Cleave+1","Clothesline","Clash"],"picked":"Singing Bowl","floor":53}],"player_experience":283575,"relics_obtained":[{"floor":6,"key":"Pocketwatch"},{"floor":9,"key":"Bottled Lightning"},{"floor":12,"key":"Pantograph"},{"floor":20,"key":"War Paint"},{"floor":23,"key":"Incense Burner"},{"floor":25,"key":"Orichalcum"},{"floor":26,"key":"Strawberry"},{"floor":41,"key":"Eternal Feather"},{"floor":44,"key":"Happy Flower"},{"floor":46,"key":"Boot"}],"event_choices":[{"damage_healed":0.0,"max_hp_gain":0.0,"max_hp_loss":0.0,"gold_gain":100.0,"event_name":"Golden Shrine","player_choice":"Pray","floor":2.0,"gold_loss":0.0,"damage_taken":0.0},{"damage_healed":0,"gold_gain":175,"player_choice":"AGREE","damage_taken":289,"max_hp_gain":0,"max_hp_loss":0,"event_name":"betterThird:BetterSerpent","floor":8,"gold_loss":0},{"damage_healed":0,"gold_gain":0,"player_choice":"Grow","damage_taken":0,"max_hp_gain":0,"max_hp_loss":0,"event_name":"Living Wall","floor":11,"gold_loss":0,"cards_upgraded":["Flame Barrier"]},{"damage_healed":0,"gold_gain":0,"player_choice":"Simplicity","damage_taken":0,"max_hp_gain":0,"max_hp_loss":3,"event_name":"betterThird:BetterWriting","floor":22,"gold_loss":0},{"damage_healed":0,"gold_gain":0,"player_choice":"Upgraded","damage_taken":0,"max_hp_gain":0,"max_hp_loss":0,"event_name":"Upgrade Shrine","floor":24,"gold_loss":0,"cards_upgraded":["Berserk"]},{"damage_healed":0,"gold_gain":300,"player_choice":"Gold","damage_taken":0,"max_hp_gain":0,"max_hp_loss":0,"event_name":"Wheel of Change","floor":36,"gold_loss":0},{"damage_healed":60,"gold_gain":0,"player_choice":"Heal","damage_taken":0,"max_hp_gain":0,"max_hp_loss":0,"event_name":"MindBloom","floor":45,"gold_loss":0,"cards_obtained":["Doubt"]},{"damage_healed":85,"gold_gain":0,"player_choice":"Heal","damage_taken":0,"max_hp_gain":0,"max_hp_loss":12,"event_name":"The Moai Head","floor":48,"gold_loss":0}],"is_beta":false,"boss_relics":[{"not_picked":["Runic Dome","Runic Cube"],"picked":"Empty Cage"},{"not_picked":["Velvet Choker","SacredBark"],"picked":"Fusion Hammer"}],"items_purged_floors":[53],"is_endless":false,"potions_floor_spawned":[3,10,12,13,16,18,23,28,35,42,44,46],"killed_by":"Shield and Spear","ascension_level":4}}