{"host":"d73an99q9oevilk5","time":1610582071,"event":{"mods":["2.2 Compatiblity","AchievementEnabler","Act Like it!","Aspiration","BaseMod","Beaked The Cultist","Better Third Choice","BetterRewards","Colored Map","Colored Powertips","Conspire","GifTheSpireLib","Halation","Hubris","Infinite Spire","Mimic Mod","Minty Spire (QoL Compilation)","Quick Restart","Relic Sorter","Replay The Spire","Shop Mod","Spikes Relics","StSLib","Stuff the Spire","The Cursed","The Necromancer","The Saiyan","The Senshi","Waifu the Spire","egg","slay the spire mod where everything is the same but ironclad has a cowboy hat","vexMod"],"gold_per_floor":[112,112,125,158,158,158,158,169,220,220,250,264,168,187,187,289,289,301,347,347,194,194,194,204,204,204,170,170,170,289,315,315,490,490,534,534,534,534,125,125,144,144,144,244,244,101,125,144,144,144],"floor_reached":51,"language":"ENG","playtime":1700,"items_purged":[],"score":861,"play_id":"e31d2d4f-5fcb-4773-8f4a-ce777b2b582a","local_time":"20210113165431","is_ascension_mode":false,"campfire_choices":[{"data":"White Noise","floor":6,"key":"SMITH"},{"floor":10,"key":"REST"},{"floor":15,"key":"REST"},{"data":"Creative AI","floor":23,"key":"SMITH"},{"data":"ReplayTheSpireMod:Dual Polarity","floor":25,"key":"SMITH"},{"data":"Self Repair","floor":28,"key":"SMITH"},{"data":"Barrage","floor":32,"key":"SMITH"},{"data":"Loop","floor":40,"key":"SMITH"},{"data":"Conserve Battery","floor":44,"key":"SMITH"},{"data":"Double Energy","floor":49,"key":"SMITH"}],"circlet_count":0,"master_deck":["Strike_B","Defend_B","Defend_B","Defend_B","Zap+1","Dualcast","FIFO Queue+1","Go for the Eyes+1","Conserve Battery+1","White Noise+1","BootSequence+1","Crystallizer+1","Ball Lightning","Blind+1","ReplayTheSpireMod:Dual Polarity+1","Creative AI+1","Go for the Eyes+1","Leap+1","Chill+1","Capacitor","StuffTheSpire:CelestialWarden+1","Barrage+1","Self Repair+1","Cold Snap","Reboot+1","StuffTheSpire:Synthwave+1","hubris:PowerSurge+1","Doom and Gloom+1","Loop+1","Panacea+1","Double Energy+1","Buffer+1","Defragment+1"],"relics":["Cracked Core","hubris:Stopwatch","aspiration:MysteriousAuxiliaryCore","vexMod:PaidLearning","Ginger","RetroEgg","Gremlin Horn","Centennial Puzzle","halation:SelfBoilingWater","hubris:MobiusCoin","halation:VictoryRuler","infinitespire:EvilPickle","Astrolabe","halation:Jellyphish","aspiration:EnhancedActuators","vexMod:MysteryBossChallenge","halation:IncompleteEncyclopedia","Frozen Egg 2","infinitespire:Satchel"],"acts_visited":["Exordium","TheCity","TheBeyond"],"potions_floor_usage":[37,41,50,50],"damage_taken":[{"damage":1,"enemies":"Cultist","floor":1,"turns":4},{"damage":7,"enemies":"Small Slimes","floor":3,"turns":3},{"damage":11,"enemies":"conspire:RoseBush","floor":4,"turns":9},{"damage":0,"enemies":"conspire:RoseBush","floor":8,"turns":3},{"damage":16,"enemies":"3 Sentries","floor":11,"turns":7},{"damage":5,"enemies":"Exordium Wildlife","floor":12,"turns":4},{"damage":7,"enemies":"Looter","floor":14,"turns":3},{"damage":2,"enemies":"Fading Forest","floor":16,"turns":11},{"damage":10,"enemies":"Spheric Guardian","floor":18,"turns":4},{"damage":0,"enemies":"conspire:FuzzyDice","floor":24,"turns":6},{"damage":6,"enemies":"Snake Plant","floor":30,"turns":5},{"damage":4,"enemies":"conspire:SneckoGhost","floor":31,"turns":6},{"damage":32,"enemies":"Pondfish","floor":33,"turns":13},{"damage":0,"enemies":"3 Shapes","floor":35,"turns":3},{"damage":0,"enemies":"3 Darklings","floor":37,"turns":1},{"damage":0,"enemies":"4 Shapes","floor":41,"turns":4},{"damage":0,"enemies":"Writhing Mass","floor":47,"turns":5},{"damage":0,"enemies":"Sphere and 2 Shapes","floor":48,"turns":5},{"damage":5,"enemies":"infinitespire:MassOfShapes","floor":50,"turns":6}],"seed_played":"-6412233157195838591","potions_obtained":[{"floor":1,"key":"Swift Potion"},{"floor":12,"key":"EssenceOfSteel"},{"floor":14,"key":"Toxic Potion"},{"floor":18,"key":"Energy Potion"},{"floor":19,"key":"Fire Potion"},{"floor":24,"key":"SmokeBomb"},{"floor":31,"key":"FairyPotion"},{"floor":41,"key":"Strength Potion"},{"floor":45,"key":"LiquidBronze"}],"is_trial":false,"path_per_floor":["M","$","M","MIM","?","R","?","M","T","R","E","M","$","M","R","B",null,"M","?","?","$","?","R","M","R","T","$","R","?","M","E","R","B",null,"M","?","M","?","$","R","M","E","T","R","?","$","M","M","R","B",null],"character_chosen":"DEFECT","items_purchased":["aspiration:MysteriousAuxiliaryCore","FIFO Queue","vexMod:PaidLearning","Blind","Chill","Capacitor","Self Repair","halation:Jellyphish","aspiration:EnhancedActuators","Loop","Panacea","infinitespire:Satchel"],"campfire_rested":2,"item_purchase_floors":[0,0,0,13,21,21,27,39,39,39,39,46],"current_hp_per_floor":[39,39,32,21,21,21,21,21,21,43,27,22,22,15,37,35,75,65,47,47,47,47,47,47,47,47,47,47,47,51,57,57,35,75,75,75,75,75,75,75,75,75,75,75,75,75,75,75,75,75],"gold":144,"neow_bonus":"","is_daily":false,"chose_seed":false,"campfire_upgraded":8,"win_rate":0.0,"timestamp":1610582071,"path_taken":["M","$","M","?","?","R","?","M","T","R","E","?","$","M","R","BOSS","M","?","?","$","?","R","M","R","T","$","R","?","M","E","R","BOSS","M","?","M","?","$","R","M","E","T","R","?","?","?","M","R","BOSS"],"items_purchased_type":["Relic","Card","Relic","Card","Card","Card","Card","Relic","Relic","Card","Card","Relic"],"build_version":"2020-12-22","purchased_purges":0,"victory":true,"max_hp_per_floor":[75,75,75,75,75,75,75,75,75,75,75,75,75,75,75,75,75,75,75,75,75,75,75,75,75,75,75,75,75,75,75,75,75,75,75,75,75,75,75,75,75,75,75,75,75,75,75,75,75,75],"card_choices":[{"not_picked":["StuffTheSpire:SnapShoot","Turbo"],"picked":"Go for the Eyes","floor":1},{"not_picked":["StuffTheSpire:NuclearReactor","White Noise"],"picked":"Conserve Battery","floor":3},{"not_picked":["Redo","Coolheaded"],"picked":"White Noise","floor":4},{"not_picked":["Barrage","Lockon"],"picked":"Crystallizer","floor":8},{"not_picked":["ReplayTheSpireMod:Dual Polarity","FIFO Queue"],"picked":"Ball Lightning","floor":11},{"not_picked":["ReplayTheSpireMod:System Scan","Steam","Hologram"],"picked":"SKIP","floor":12},{"not_picked":["StuffTheSpire:Plugnplay","conspire:Rain"],"picked":"ReplayTheSpireMod:Dual Polarity","floor":14},{"not_picked":["hubris:DoWhile","Core Surge"],"picked":"Creative AI","floor":16},{"not_picked":["Rebound","StuffTheSpire:LoadUp","Beam Cell"],"picked":"SKIP","floor":18},{"not_picked":["StuffTheSpire:CleanHardDrive","Beam Cell+1"],"picked":"Go for the Eyes+1","floor":19},{"not_picked":["Scrape","Turbo+1"],"picked":"Leap+1","floor":19},{"not_picked":["StuffTheSpire:Harmony","StuffTheSpire:Perfection"],"picked":"StuffTheSpire:CelestialWarden","floor":22},{"not_picked":["Conserve Battery","Redo"],"picked":"Barrage","floor":24},{"not_picked":["Go for the Eyes","Undo"],"picked":"Cold Snap","floor":30},{"not_picked":["Hello World+1","Sweeping Beam","Steam Power"],"picked":"SKIP","floor":31},{"not_picked":["Meteor Strike","ReplayTheSpireMod:Omega Cannon"],"picked":"Reboot","floor":33},{"not_picked":["Compile Driver","StuffTheSpire:Plugnplay","Rebound+1"],"picked":"SKIP","floor":35},{"not_picked":["FTL","Gash+1","Rebound+1"],"picked":"SKIP","floor":41},{"not_picked":["Sweeping Beam","Conserve Battery"],"picked":"Double Energy","floor":47},{"not_picked":["StuffTheSpire:EventHorizon","hubris:Prefetch"],"picked":"Buffer+1","floor":48},{"not_picked":["ReplayTheSpireMod:Dual Polarity","Beam Cell+1"],"picked":"Defragment+1","floor":48}],"player_experience":1762146,"relics_obtained":[{"floor":4,"key":"Gremlin Horn"},{"floor":9,"key":"Centennial Puzzle"},{"floor":11,"key":"halation:SelfBoilingWater"},{"floor":19,"key":"infinitespire:Lucky Rock"},{"floor":26,"key":"hubris:MobiusCoin"},{"floor":31,"key":"halation:VictoryRuler"},{"floor":43,"key":"Frozen Egg 2"}],"event_choices":[{"damage_healed":0,"gold_gain":0,"player_choice":"Disagree","damage_taken":0,"max_hp_gain":0,"max_hp_loss":0,"event_name":"conspire:LoneGhost","floor":5,"gold_loss":0},{"cards_removed":["Defend_B"],"damage_healed":0,"gold_gain":0,"player_choice":"Removed Skill","damage_taken":0,"max_hp_gain":0,"max_hp_loss":0,"event_name":"Falling","floor":36,"gold_loss":0},{"damage_healed":0,"gold_gain":0,"player_choice":"Ignored","damage_taken":0,"max_hp_gain":0,"max_hp_loss":0,"event_name":"Tomb of Lord Red Mask","floor":38,"gold_loss":0}],"is_beta":false,"boss_relics":[{"not_picked":["vexMod:DeviousBotling","StuffTheSpire:RunicHypercube"],"picked":"hubris:Stopwatch"},{"not_picked":["halation:HeavySnake","Coffee Dripper"],"picked":"Astrolabe"}],"items_purged_floors":[],"is_endless":false,"potions_floor_spawned":[1,12,14,18,24,31,35,41,48],"ascension_level":0}}