{"host":"33eci8hn4byprget","time":1610504362,"event":{"mods":["Aspiration","BaseMod","Colored Powertips","Downfall","GifTheSpireLib","Hubris","KinomotoSakuraMod(ƒæ÷Æ±æ”£)","Marisa£®ÏF”Í°°ƒß¿Ì…≥£©","Minty Spire (QoL Compilation)","Reimu£®≤©¿ˆ¡È√Œ£©","StSLib","The Construct","The Poker Player","The Servant 0.9.4"],"gold_per_floor":[119,80,80,80,80,80,99,112,138,158,158,158,171,203,203,307,307,295,220,236,236,236,236,249,249,249,249,327,341,354,373,373,373,373],"floor_reached":33,"language":"ZHS","playtime":1484,"items_purged":["Regret"],"score":239,"play_id":"3df883eb-976f-402d-9038-de6fcaf936eb","local_time":"20210113101922","is_ascension_mode":false,"campfire_choices":[{"data":"NB:ReiMu","floor":6.0,"key":"SMITH"},{"data":"AlertArray:ReiMu","floor":11.0,"key":"SMITH"},{"floor":15.0,"key":"REST"},{"data":"KamiRite:ReiMu","floor":23.0,"key":"SMITH"},{"data":"PrayRite:ReiMu","floor":27.0,"key":"SMITH"},{"floor":32.0,"key":"REST"}],"circlet_count":1,"master_deck":["Strike_Lin:ReiMu","Strike_Lin:ReiMu","Strike_Lin:ReiMu","Strike_Lin:ReiMu","Defend_Lin:ReiMu","Defend_Lin:ReiMu","Defend_Lin:ReiMu","Defend_Lin:ReiMu","NB:ReiMu+1","Stagnation:ReiMu","Madness","SafetyPray:ReiMu","DoubleButterfly:ReiMu","YinYangSange:ReiMu+1","OrbThrow:ReiMu","AlertArray:ReiMu+1","SubcavityInstant:ReiMu","Enchanting:ReiMu","Meditation:ReiMu","KamiRite:ReiMu+1","DependentForm:ReiMu+1","AlertArray:ReiMu","Conquer:ReiMu+1","PrayRite:ReiMu+1","UniversalSpiritual:ReiMu+1","Conquer:ReiMu+1","InherentArray:ReiMu+1","PhosphorusFlame:ReiMu"],"relics":["FlyPower:ReiMu","Circlet","NeowsBlessing","CaptainsWheel","Frozen Egg 2","Ancient Tea Set","hubris:Icosahedron","Philosopher\u0027s Stone","hubris:Towel","Mummified Hand"],"acts_visited":["Exordium","TheCity"],"potions_floor_usage":[],"damage_taken":[{"damage":0.0,"enemies":"Small Slimes","floor":1.0,"turns":1.0},{"damage":2.0,"enemies":"Jaw Worm","floor":7.0,"turns":2.0},{"damage":0.0,"enemies":"2 Louse","floor":8.0,"turns":1.0},{"damage":23.0,"enemies":"Exordium Thugs","floor":10.0,"turns":7.0},{"damage":5.0,"enemies":"Large Slime","floor":13.0,"turns":5.0},{"damage":3.0,"enemies":"2 Fungi Beasts","floor":14.0,"turns":5.0},{"damage":8.0,"enemies":"Hexaghost","floor":16.0,"turns":9.0},{"damage":4.0,"enemies":"2 Thieves","floor":18.0,"turns":4.0},{"damage":1.0,"enemies":"Chosen","floor":20.0,"turns":7.0},{"damage":5.0,"enemies":"3 Cultists","floor":24.0,"turns":5.0},{"damage":0.0,"enemies":"Sentry and Sphere","floor":29.0,"turns":6.0},{"damage":5.0,"enemies":"Snake Plant","floor":30.0,"turns":3.0},{"damage":25.0,"enemies":"Centurion and Healer","floor":31.0,"turns":5.0},{"damage":0,"enemies":"hubris:MusketHawk","floor":33,"turns":1}],"seed_played":"4619700003484652304","potions_obtained":[{"floor":13.0,"key":"hexamod:EctoCoolerPotion"},{"floor":14.0,"key":"BlessingOfTheForge"},{"floor":20.0,"key":"SteroidPotion"},{"floor":30.0,"key":"Fire Potion"}],"is_trial":false,"path_per_floor":["M","$","?","?","?","R","M","M","T","M","R","?","M","M","R","B",null,"M","?","M","?","$","R","M","?","T","R","T","M","M","M","R","B"],"character_chosen":"REIMU","items_purchased":["DoubleButterfly:ReiMu","GuppysTail","KamiRite:ReiMu","DependentForm:ReiMu+1"],"campfire_rested":2,"item_purchase_floors":[2,17,17,17],"current_hp_per_floor":[65,65,65,65,65,65,63,63,63,40,40,40,35,32,51,48,43,39,39,42,42,42,42,38,38,38,38,38,43,38,13,25,25,25],"gold":373,"neow_bonus":"THREE_ENEMY_KILL","is_daily":false,"chose_seed":false,"campfire_upgraded":4,"win_rate":0.0,"timestamp":1610504362,"path_taken":["M","$","?","?","?","R","?","M","T","M","R","?","?","M","R","BOSS","M","?","M","?","?","R","M","?","T","R","?","?","M","M","R","BOSS"],"items_purchased_type":["Card","Undefined","Card","Card"],"build_version":"2020-12-22","purchased_purges":1,"victory":false,"max_hp_per_floor":[65,65,65,65,65,65,65,65,65,65,65,65,65,65,65,65,43,43,43,43,43,43,43,43,43,43,43,43,43,43,43,43,43,43],"card_choices":[{"not_picked":[],"picked":"BettingIsNotGood","floor":0.0},{"not_picked":["NineCharacters:ReiMu","Meditation:ReiMu"],"picked":"SafetyPray:ReiMu","floor":1.0},{"not_picked":["RainPray2:ReiMu","Conquer:ReiMu"],"picked":"OrbThrow:ReiMu","floor":7.0},{"not_picked":["KamiSacrifice:ReiMu","TakeOff:ReiMu"],"picked":"AlertArray:ReiMu","floor":8.0},{"not_picked":["EmergencyTakeOff:ReiMu","HakureiPhantom:ReiMu"],"picked":"SubcavityInstant:ReiMu","floor":10.0},{"not_picked":["AirStrike:ReiMu","EmergencyTakeOff:ReiMu"],"picked":"Enchanting:ReiMu","floor":13.0},{"not_picked":["EmergencyTakeOff:ReiMu","FineLineFantasy:ReiMu+1"],"picked":"Meditation:ReiMu","floor":14.0},{"not_picked":["OctopathBindingBorder2:ReiMu+1","AirStrike:ReiMu"],"picked":"AlertArray:ReiMu","floor":18.0},{"not_picked":["Meditation:ReiMu","OrbThrow:ReiMu"],"picked":"Conquer:ReiMu+1","floor":20.0},{"not_picked":["EmergencyTakeOff:ReiMu","SubAcupoint:ReiMu"],"picked":"UniversalSpiritual:ReiMu+1","floor":24.0},{"not_picked":["Shading:ReiMu","AlertArray:ReiMu"],"picked":"Conquer:ReiMu+1","floor":29.0},{"not_picked":["AlertArray:ReiMu","MountainWay:ReiMu+1"],"picked":"InherentArray:ReiMu+1","floor":30.0},{"not_picked":["WonderfulDomain:ReiMu","Dreaming2:ReiMu"],"picked":"PhosphorusFlame:ReiMu","floor":31.0}],"player_experience":140399,"relics_obtained":[{"floor":9.0,"key":"Ancient Tea Set"},{"floor":26.0,"key":"Mummified Hand"},{"floor":28.0,"key":"DeadEye"}],"event_choices":[{"damage_healed":0.0,"max_hp_gain":0.0,"max_hp_loss":0.0,"gold_gain":0.0,"event_name":"Big Fish","player_choice":"Box","floor":3.0,"gold_loss":0.0,"damage_taken":0.0,"relics_obtained":["CaptainsWheel"],"cards_obtained":["Regret"]},{"cards_removed":["Injury"],"damage_healed":0.0,"max_hp_gain":0.0,"max_hp_loss":0.0,"gold_gain":0.0,"event_name":"Beggar","player_choice":"Gave Gold","floor":19.0,"gold_loss":75.0,"damage_taken":0.0},{"damage_healed":0.0,"max_hp_gain":0.0,"max_hp_loss":0.0,"gold_gain":0.0,"event_name":"The Library","player_choice":"Read","floor":21.0,"gold_loss":0.0,"damage_taken":0.0,"cards_obtained":["PrayRite:ReiMu"]}],"is_beta":false,"boss_relics":[{"not_picked":["hubris:RunicObelisk","hubris:VirtuousBlindfold"],"picked":"Philosopher\u0027s Stone"},{"not_picked":[]}],"items_purged_floors":[17],"is_endless":false,"potions_floor_spawned":[13,14,20,30],"killed_by":"hubris:MusketHawk","ascension_level":0}}