{"host":"wha9hktbkslqvblg","time":1610544303,"event":{"mods":["BaseMod","Colored Map","Minty Spire (QoL Compilation)","Relic Stats","SuperFastMode","everything is the same but u backflip on backflip"],"gold_per_floor":[112,112,187,204,5,36,48,90,178,205,251,0,33,47,47,125,125,136,162,162,175,190,220,235,235,235,270,270,287,313,188,188,261,261,277,327,20,20,34,34,60,282,306,324,349,349,374,391,391,391,391,391,391,48,75,75],"floor_reached":57,"language":"KOR","playtime":1526,"items_purged":["Strike_R","Strike_R","Bash","Fire Breathing","Armaments+1"],"score":3567,"play_id":"e03b6d16-0df9-4bcf-99ed-e41001772426","local_time":"20210113222503","is_ascension_mode":true,"campfire_choices":[{"data":"Reckless Charge","floor":7.0,"key":"SMITH"},{"data":"Barricade","floor":15.0,"key":"SMITH"},{"data":"Body Slam","floor":28.0,"key":"SMITH"},{"data":"Evolve","floor":32.0,"key":"SMITH"},{"data":"Dark Embrace","floor":40,"key":"SMITH"},{"floor":49,"key":"RECALL"},{"data":"Shrug It Off","floor":53,"key":"SMITH"}],"circlet_count":0,"master_deck":["AscendersBane","Shrug It Off+1","Reckless Charge+1","Barricade+1","Power Through+1","Entrench+1","Evolve+1","Shockwave+1","Offering+1","Dark Embrace+1","Offering+1","Ghostly+1","Ghostly+1","Ghostly+1","Body Slam+1","Second Wind+1","Master of Strategy+1"],"relics":["Burning Blood","NeowsBlessing","MawBank","Toxic Egg 2","Letter Opener","Juzu Bracelet","Bottled Tornado","Pandora\u0027s Box","Red Mask","Mummified Hand","Pen Nib","Kunai","SlaversCollar","Prayer Wheel","Medical Kit","Bag of Preparation","PreservedInsect","Happy Flower","Thread and Needle","Lee\u0027s Waffle","Shuriken"],"acts_visited":["Exordium","TheCity","TheBeyond","TheEnding"],"potions_floor_usage":[],"damage_taken":[{"damage":0.0,"enemies":"2 Louse","floor":1.0,"turns":1.0},{"damage":0.0,"enemies":"Jaw Worm","floor":4.0,"turns":1.0},{"damage":0.0,"enemies":"Gremlin Nob","floor":6.0,"turns":1.0},{"damage":3.0,"enemies":"3 Sentries","floor":8.0,"turns":5.0},{"damage":1.0,"enemies":"Cultist","floor":10.0,"turns":3.0},{"damage":36.0,"enemies":"Lagavulin","floor":11.0,"turns":8.0},{"damage":5.0,"enemies":"3 Sentries","floor":13.0,"turns":4.0},{"damage":18.0,"enemies":"2 Fungi Beasts","floor":14.0,"turns":7.0},{"damage":0.0,"enemies":"Hexaghost","floor":16.0,"turns":11.0},{"damage":6.0,"enemies":"Spheric Guardian","floor":18.0,"turns":4.0},{"damage":14.0,"enemies":"Masked Bandits","floor":19.0,"turns":3.0},{"damage":6.0,"enemies":"Chosen","floor":21.0,"turns":3.0},{"damage":6.0,"enemies":"Centurion and Healer","floor":22.0,"turns":5.0},{"damage":6.0,"enemies":"Gremlin Leader","floor":23.0,"turns":6.0},{"damage":6.0,"enemies":"Chosen and Byrds","floor":24.0,"turns":4.0},{"damage":12.0,"enemies":"Slavers","floor":27.0,"turns":3.0},{"damage":6.0,"enemies":"Snecko","floor":29.0,"turns":6.0},{"damage":7.0,"enemies":"Gremlin Leader","floor":30.0,"turns":2.0},{"damage":1.0,"enemies":"Collector","floor":33.0,"turns":3.0},{"damage":7,"enemies":"Orb Walker","floor":35,"turns":4},{"damage":9,"enemies":"2 Orb Walkers","floor":36,"turns":2},{"damage":3,"enemies":"3 Darklings","floor":39,"turns":3},{"damage":7,"enemies":"Giant Head","floor":41,"turns":1},{"damage":7,"enemies":"Sphere and 2 Shapes","floor":44,"turns":2},{"damage":2,"enemies":"Nemesis","floor":45,"turns":3},{"damage":2,"enemies":"Mind Bloom Boss Battle","floor":47,"turns":1},{"damage":1,"enemies":"Maw","floor":48,"turns":2},{"damage":1,"enemies":"Time Eater","floor":50,"turns":3},{"damage":2,"enemies":"Awakened One","floor":51,"turns":3},{"damage":2,"enemies":"Shield and Spear","floor":55,"turns":2},{"damage":7,"enemies":"The Heart","floor":56,"turns":4}],"seed_played":"-688396231484318863","potions_obtained":[{"floor":1.0,"key":"EssenceOfSteel"},{"floor":6.0,"key":"ElixirPotion"},{"floor":8.0,"key":"Dexterity Potion"},{"floor":19.0,"key":"DuplicationPotion"},{"floor":39,"key":"Regen Potion"}],"is_trial":false,"path_per_floor":["M","?","?","M","$","E","R","E","T","M","E","$","E","M","R","B",null,"M","?","?","M","M","E","M","?","T","E","R","M","E","$","R","B",null,"M","?","$","?","M","R","E","?","T","M","E","?","?","M","R","B","B",null,"R","$","E","B",null],"character_chosen":"IRONCLAD","items_purchased":["Fire Breathing","Reckless Charge","Entrench+1","Evolve","Medical Kit","Lee\u0027s Waffle"],"campfire_rested":0,"item_purchase_floors":[5,5,12,12,37,54],"current_hp_per_floor":[74,79,68,74,74,80,80,80,80,80,50,50,51,39,39,45,71,71,63,40,40,40,40,40,40,40,34,34,34,33,33,33,38,41,40,37,37,37,40,40,39,39,39,38,40,30,34,39,39,40,40,40,40,47,47,46],"gold":75,"neow_bonus":"THREE_ENEMY_KILL","is_daily":false,"chose_seed":false,"campfire_upgraded":6,"win_rate":0.0,"timestamp":1610544303,"path_taken":["M","?","?","M","?","E","R","E","T","M","E","?","E","M","R","BOSS","M","?","?","M","M","E","M","?","T","E","R","M","E","$","R","BOSS","M","?","$","?","M","R","E","?","T","M","E","?","?","M","R","BOSS","BOSS","R","$","E","BOSS"],"items_purchased_type":["Card","Card","Card","Card","Relic","Relic"],"build_version":"2020-12-22","purchased_purges":5,"victory":true,"max_hp_per_floor":[75,80,80,80,80,80,80,80,80,80,80,80,80,80,80,80,80,80,80,85,85,85,85,85,42,42,42,42,42,42,42,42,42,42,42,42,42,40,40,40,40,40,40,40,40,40,40,40,40,40,40,40,40,47,47,47],"relic_stats":{"Lee\u0027s Waffle":7,"Happy Flower":[5],"counters":[31,110],"Pen Nib":[5],"PreservedInsect":127,"Juzu Bracelet":1,"Bag of Preparation":[16],"Letter Opener":[410],"MawBank":72,"Medical Kit":[18],"Burning Blood":164,"Mummified Hand":[66],"Shuriken":[1],"Pandora\u0027s Box":["Intimidate","Metallicize","Carnage","Fiend Fire","Feed","Juggernaut","Pummel"],"Prayer Wheel":3,"Kunai":[4],"obtain_stats":[{"Lee\u0027s Waffle":54,"NeowsBlessing":0,"Happy Flower":45,"Thread and Needle":47,"Pen Nib":27,"PreservedInsect":43,"Juzu Bracelet":11,"Bag of Preparation":41,"Letter Opener":9,"Bottled Tornado":13,"MawBank":6,"Medical Kit":37,"Burning Blood":0,"SlaversCollar":34,"Mummified Hand":23,"Shuriken":55,"Pandora\u0027s Box":17,"Prayer Wheel":36,"Red Mask":19,"Kunai":30,"Toxic Egg 2":8},{"Lee\u0027s Waffle":29,"NeowsBlessing":0,"Happy Flower":25,"Thread and Needle":26,"Pen Nib":16,"PreservedInsect":23,"Juzu Bracelet":6,"Bag of Preparation":23,"Letter Opener":4,"Bottled Tornado":7,"MawBank":3,"Medical Kit":21,"Burning Blood":0,"SlaversCollar":19,"Mummified Hand":14,"Shuriken":30,"Pandora\u0027s Box":9,"Prayer Wheel":21,"Red Mask":11,"Kunai":18,"Toxic Egg 2":4},{"Lee\u0027s Waffle":104,"NeowsBlessing":0,"Happy Flower":95,"Thread and Needle":96,"Pen Nib":69,"PreservedInsect":90,"Juzu Bracelet":19,"Bag of Preparation":90,"Letter Opener":8,"Bottled Tornado":23,"MawBank":3,"Medical Kit":86,"Burning Blood":0,"SlaversCollar":80,"Mummified Hand":62,"Shuriken":106,"Pandora\u0027s Box":41,"Prayer Wheel":86,"Red Mask":48,"Kunai":77,"Toxic Egg 2":8}]},"card_choices":[{"not_picked":["Perfected Strike","Pommel Strike"],"picked":"Shrug It Off","floor":1.0},{"not_picked":["Havoc","Thunderclap","Rampage"],"picked":"SKIP","floor":4.0},{"not_picked":["True Grit","Shrug It Off","Armaments"],"picked":"SKIP","floor":6.0},{"not_picked":["Wild Strike","Fire Breathing"],"picked":"Armaments+1","floor":8.0},{"not_picked":["Rampage","Wild Strike"],"picked":"Barricade","floor":10.0},{"not_picked":["Flex+1","Juggernaut"],"picked":"Power Through+1","floor":11.0},{"not_picked":["Carnage","Corruption"],"picked":"Shockwave+1","floor":13.0},{"not_picked":["Evolve","Havoc+1","Heavy Blade"],"picked":"SKIP","floor":14.0},{"not_picked":["Bludgeon","Demon Form"],"picked":"Offering+1","floor":16.0},{"not_picked":["Shrug It Off+1","Pommel Strike","Power Through+1"],"picked":"SKIP","floor":18.0},{"not_picked":["Warcry+1","Sword Boomerang","Cleave+1"],"picked":"SKIP","floor":21.0},{"not_picked":["Offering+1","Entrench+1"],"picked":"Dark Embrace","floor":22.0},{"not_picked":["True Grit+1","Thunderclap","Heavy Blade"],"picked":"SKIP","floor":23.0},{"not_picked":["Bloodletting+1","True Grit+1"],"picked":"Offering+1","floor":24.0},{"not_picked":["Uppercut+1","Cleave"],"picked":"Body Slam","floor":27.0},{"not_picked":["Sword Boomerang","Thunderclap","Cleave"],"picked":"SKIP","floor":29.0},{"not_picked":["Burning Pact+1","Body Slam","Perfected Strike"],"picked":"SKIP","floor":30.0},{"not_picked":["Armaments+1","Warcry+1"],"picked":"Second Wind+1","floor":35},{"not_picked":["Fire Breathing","Havoc+1","True Grit+1"],"picked":"SKIP","floor":39},{"not_picked":["Armaments+1","Seeing Red+1","Combust"],"picked":"SKIP","floor":39},{"not_picked":["Limit Break+1","Hemokinesis","Dual Wield+1"],"picked":"SKIP","floor":41},{"not_picked":["Second Wind+1","Flame Barrier+1","Body Slam"],"picked":"SKIP","floor":44},{"not_picked":["Shockwave+1","Pummel+1","Armaments+1"],"picked":"SKIP","floor":44},{"not_picked":["Heavy Blade","Anger+1","Pommel Strike+1"],"picked":"SKIP","floor":45},{"not_picked":["Madness+1","Transmutation+1"],"picked":"Master of Strategy+1","floor":46},{"not_picked":["Sever Soul","Dropkick","Seeing Red+1"],"picked":"SKIP","floor":48},{"not_picked":["Dark Embrace","Shrug It Off+1","Cleave"],"picked":"SKIP","floor":48},{"not_picked":["True Grit+1","Headbutt","Wild Strike"],"picked":"SKIP","floor":55}],"player_experience":970520,"relics_obtained":[{"floor":6.0,"key":"MawBank"},{"floor":8.0,"key":"Toxic Egg 2"},{"floor":9.0,"key":"Letter Opener"},{"floor":11.0,"key":"Juzu Bracelet"},{"floor":13.0,"key":"Bottled Tornado"},{"floor":19.0,"key":"Red Mask"},{"floor":23.0,"key":"Mummified Hand"},{"floor":27.0,"key":"Pen Nib"},{"floor":30.0,"key":"Kunai"},{"floor":36,"key":"Prayer Wheel"},{"floor":41,"key":"Bag of Preparation"},{"floor":43,"key":"PreservedInsect"},{"floor":45,"key":"Happy Flower"},{"floor":47,"key":"Thread and Needle"},{"floor":55,"key":"Shuriken"}],"event_choices":[{"damage_healed":0.0,"max_hp_gain":5.0,"max_hp_loss":0.0,"gold_gain":0.0,"event_name":"Big Fish","player_choice":"Donut","floor":2.0,"gold_loss":0.0,"damage_taken":0.0},{"damage_healed":0.0,"max_hp_gain":0.0,"max_hp_loss":0.0,"gold_gain":75.0,"event_name":"World of Goop","player_choice":"Gather Gold","floor":3.0,"gold_loss":0.0,"damage_taken":11.0},{"damage_healed":0.0,"max_hp_gain":0.0,"max_hp_loss":0.0,"gold_gain":0.0,"event_name":"Masked Bandits","player_choice":"Fought Bandits","floor":19.0,"gold_loss":0.0,"damage_taken":0.0},{"damage_healed":0.0,"max_hp_gain":5.0,"max_hp_loss":0.0,"gold_gain":0.0,"event_name":"Forgotten Altar","player_choice":"Shed Blood","floor":20.0,"gold_loss":0.0,"damage_taken":28.0},{"damage_healed":0.0,"max_hp_gain":0.0,"max_hp_loss":43.0,"gold_gain":0.0,"event_name":"Ghosts","player_choice":"Became a Ghost","floor":25.0,"gold_loss":0.0,"damage_taken":0.0,"cards_obtained":["Ghostly","Ghostly","Ghostly"]},{"damage_healed":0,"gold_gain":0,"player_choice":"Fight","damage_taken":0,"max_hp_gain":0,"max_hp_loss":0,"event_name":"Mysterious Sphere","floor":36,"gold_loss":0},{"damage_healed":0,"gold_gain":0,"player_choice":"Max HP","damage_taken":0,"max_hp_gain":0,"max_hp_loss":2,"event_name":"Winding Halls","floor":38,"gold_loss":0},{"damage_healed":0,"gold_gain":222,"player_choice":"Wore Mask","damage_taken":0,"max_hp_gain":0,"max_hp_loss":0,"event_name":"Tomb of Lord Red Mask","floor":42,"gold_loss":0},{"damage_healed":0,"gold_gain":0,"player_choice":"Memory 3","damage_taken":10,"max_hp_gain":0,"max_hp_loss":0,"event_name":"SensoryStone","floor":46,"gold_loss":0},{"damage_healed":0,"gold_gain":0,"player_choice":"Fight","damage_taken":0,"max_hp_gain":0,"max_hp_loss":0,"event_name":"MindBloom","floor":47,"gold_loss":0}],"is_beta":false,"boss_relics":[{"not_picked":["Black Star","Philosopher\u0027s Stone"],"picked":"Pandora\u0027s Box"},{"not_picked":["Cursed Key","Calling Bell"],"picked":"SlaversCollar"}],"items_purged_floors":[5,12,31,37,54],"is_endless":false,"potions_floor_spawned":[1,6,8,11,19,23,24,29,36,39,41,47],"ascension_level":20}}