{"host":"i7jfea87xc8lz16p","time":1610497814,"event":{"mods":["AchievementEnabler","BaseMod","Colored Powertips","Minty Spire (QoL Compilation)","Relic Stats"],"gold_per_floor":[111,186,186,206,221,221,251,270,270,270,285,296,95,126,126,197,197,214,231,146,146,196,196,196,196,196],"floor_reached":25,"language":"ENG","playtime":980,"items_purged":["Strike_R"],"score":422,"play_id":"1964bd74-7871-4f68-a730-a166a80e5d13","local_time":"20210113013014","is_ascension_mode":true,"campfire_choices":[{"data":"Bash","floor":6,"key":"SMITH"},{"floor":10,"key":"REST"},{"floor":15,"key":"REST"},{"floor":24,"key":"REST"}],"circlet_count":0,"master_deck":["AscendersBane","Strike_R","Strike_R","Strike_R","Strike_R","Defend_R","Defend_R","Defend_R","Defend_R","Bash+1","Clothesline","Blood for Blood","Combust","Battle Trance","Cleave","Shrug It Off","Headbutt","Rupture","Uppercut","Offering","Ghostly","Ghostly","Ghostly","Decay"],"relics":["SlaversCollar","Strawberry","Akabeko","Blue Candle","Cursed Key","Bronze Scales"],"acts_visited":["TheCity"],"potions_floor_usage":[7,14,16,19],"damage_taken":[{"damage":9,"enemies":"2 Louse","floor":1,"turns":2},{"damage":4,"enemies":"Jaw Worm","floor":4,"turns":7},{"damage":6,"enemies":"Cultist","floor":5,"turns":3},{"damage":8,"enemies":"Gremlin Nob","floor":7,"turns":3},{"damage":30,"enemies":"Lots of Slimes","floor":8,"turns":3},{"damage":6,"enemies":"Looter","floor":11,"turns":3},{"damage":7,"enemies":"Blue Slaver","floor":12,"turns":4},{"damage":12,"enemies":"Lagavulin","floor":14,"turns":6},{"damage":23,"enemies":"Slime Boss","floor":16,"turns":7},{"damage":31,"enemies":"2 Thieves","floor":18,"turns":3},{"damage":24,"enemies":"3 Byrds","floor":19,"turns":3},{"damage":22,"enemies":"Slavers","floor":25,"turns":6}],"seed_played":"-6018787680047886596","potions_obtained":[{"floor":4,"key":"Swift Potion"},{"floor":8,"key":"SteroidPotion"},{"floor":11,"key":"BlessingOfTheForge"},{"floor":14,"key":"LiquidBronze"}],"is_trial":false,"path_per_floor":["M","?","?","M","M","R","E","M","T","R","M","M","$","E","R","B",null,"M","M","?","?","?","?","R","E"],"character_chosen":"IRONCLAD","items_purchased":["Rupture","Uppercut"],"campfire_rested":3,"item_purchase_floors":[13,13],"current_hp_per_floor":[59,48,48,44,38,38,37,7,7,31,25,18,18,6,30,7,63,32,8,8,8,8,8,20,0,0],"gold":196,"neow_bonus":"BOSS_RELIC","is_daily":false,"chose_seed":false,"campfire_upgraded":1,"win_rate":0.0,"timestamp":1610497814,"path_taken":["M","?","?","M","M","R","E","M","T","R","?","M","?","E","R","BOSS","M","M","?","?","?","?","R","E"],"items_purchased_type":["Card","Card"],"build_version":"2020-12-22","purchased_purges":1,"victory":false,"max_hp_per_floor":[75,75,75,75,75,75,82,82,82,82,82,82,82,82,82,82,82,82,82,82,41,41,41,41,41,41],"relic_stats":{"counters":[12,50],"Blue Candle":[1],"Bronze Scales":[33],"Cursed Key":0,"obtain_stats":[{"SlaversCollar":0,"Strawberry":7,"Blue Candle":14,"Bronze Scales":20,"Cursed Key":17,"Burning Blood":0,"Akabeko":9},{"SlaversCollar":0,"Strawberry":4,"Blue Candle":8,"Bronze Scales":11,"Cursed Key":9,"Burning Blood":0,"Akabeko":5},{"SlaversCollar":0,"Strawberry":15,"Blue Candle":31,"Bronze Scales":44,"Cursed Key":38,"Burning Blood":0,"Akabeko":18}]},"card_choices":[{"not_picked":["Flex","Spot Weakness"],"picked":"Clothesline","floor":1},{"not_picked":["Wild Strike","Heavy Blade"],"picked":"Combust","floor":4},{"not_picked":["Feel No Pain","Carnage"],"picked":"Battle Trance","floor":5},{"not_picked":["Havoc","Twin Strike"],"picked":"Cleave","floor":7},{"not_picked":["Armaments","Dropkick"],"picked":"Shrug It Off","floor":8},{"not_picked":["Entrench","Clash"],"picked":"Headbutt","floor":11},{"not_picked":["Flex","Rage","Clash"],"picked":"SKIP","floor":12},{"not_picked":["Warcry","Iron Wave","Anger"],"picked":"SKIP","floor":14},{"not_picked":["Brutality","Reaper"],"picked":"Offering","floor":16},{"not_picked":["Dropkick","Wild Strike","Uppercut"],"picked":"SKIP","floor":18},{"not_picked":["Twin Strike","Perfected Strike","Headbutt+1"],"picked":"SKIP","floor":19}],"player_experience":1771992,"relics_obtained":[{"floor":7,"key":"Strawberry"},{"floor":9,"key":"Akabeko"},{"floor":14,"key":"Blue Candle"}],"event_choices":[{"damage_healed":0,"gold_gain":75,"player_choice":"Gather Gold","damage_taken":11,"max_hp_gain":0,"max_hp_loss":0,"event_name":"World of Goop","floor":2,"gold_loss":0},{"damage_healed":0,"gold_gain":0,"player_choice":"1 cards matched","damage_taken":0,"max_hp_gain":0,"max_hp_loss":0,"event_name":"Match and Keep!","floor":3,"gold_loss":0,"cards_obtained":["Blood for Blood"]},{"damage_healed":0,"gold_gain":0,"player_choice":"1 cards matched","damage_taken":0,"max_hp_gain":0,"max_hp_loss":0,"event_name":"Match and Keep!","floor":3,"gold_loss":0,"cards_obtained":["Blood for Blood"]},{"damage_healed":0,"gold_gain":0,"player_choice":"Obtained Relic","damage_taken":0,"relics_obtained":["Bronze Scales"],"max_hp_gain":0,"max_hp_loss":0,"event_name":"Addict","floor":20,"gold_loss":85},{"damage_healed":0,"gold_gain":0,"player_choice":"Became a Ghost","damage_taken":0,"max_hp_gain":0,"max_hp_loss":41,"event_name":"Ghosts","floor":21,"gold_loss":0,"cards_obtained":["Ghostly","Ghostly","Ghostly"]},{"damage_healed":0,"gold_gain":50,"player_choice":"Stole From Cult","damage_taken":0,"max_hp_gain":0,"max_hp_loss":0,"event_name":"Nest","floor":22,"gold_loss":0},{"damage_healed":0,"gold_gain":0,"player_choice":"Smashed Altar","damage_taken":0,"max_hp_gain":0,"max_hp_loss":0,"event_name":"Forgotten Altar","floor":23,"gold_loss":0,"cards_obtained":["Decay"]}],"is_beta":false,"boss_relics":[{"not_picked":["Runic Pyramid","Runic Cube"],"picked":"Cursed Key"}],"items_purged_floors":[13],"is_endless":false,"potions_floor_spawned":[4,8,11,14],"killed_by":"Slavers","ascension_level":20}}