{"host":"v1m5rkjj38qutr02","time":1610533658,"event":{"mods":["Act Like it!","BaseMod","Challenge The Spire","Conspire","Gensokyo","GungeonMod","Hallownest","Minty Spire (QoL Compilation)","Replay The Spire","StSLib","The Bug Knight","Youmu£®ªÍ∆«—˝√Œ£©"],"gold_per_floor":[118,118,9,9,20,45,45,77,77,77,112,65,65,65,65,73,73],"floor_reached":16,"language":"ZHS","playtime":327,"items_purged":[],"score":194,"play_id":"b97e882d-ae54-406b-b8bb-f6aa7c5fe676","local_time":"20210113182738","is_ascension_mode":true,"campfire_choices":[{"data":"Loop","floor":7,"key":"SMITH"},{"data":"Zap","floor":10,"key":"SMITH"},{"data":"Hologram","floor":13,"key":"SMITH"},{"data":"Self Repair","floor":15,"key":"SMITH"}],"circlet_count":0,"master_deck":["AscendersBane","Strike_B","Strike_B","Strike_B","Strike_B","Defend_B","Defend_B","Defend_B","Defend_B","Zap+1","Dualcast","Cold Snap","Loop+1","Coolheaded+1","Self Repair+1","Hologram+1"],"relics":["Cracked Core","NeowsBlessing","Replay:Bandana","Replay:Wax Seal","DemoMod:BlueGuonStone","Odd Mushroom"],"acts_visited":["Exordium"],"potions_floor_usage":[11],"damage_taken":[{"damage":0.0,"enemies":"Small Slimes","floor":1.0,"turns":1.0},{"damage":0,"enemies":"2 Louse","floor":5,"turns":1},{"damage":0,"enemies":"3 Sentries","floor":6,"turns":1},{"damage":19,"enemies":"Lagavulin","floor":8,"turns":8},{"damage":3,"enemies":"The Mushroom Lair","floor":11,"turns":4},{"damage":15,"enemies":"Fading Forest","floor":16,"turns":8}],"seed_played":"7922418878826126331","potions_obtained":[{"floor":8,"key":"SkillPotion"}],"is_trial":false,"path_per_floor":["M","?","$","?","M","E","R","E","T","R","?","$","R","$","R","B"],"character_chosen":"DEFECT","items_purchased":["Loop","Coolheaded+1","Hologram"],"campfire_rested":0,"item_purchase_floors":[3,3,12],"current_hp_per_floor":[68,73,73,73,73,73,73,54,54,54,51,51,51,51,51,48,48],"gold":73,"neow_bonus":"THREE_ENEMY_KILL","is_daily":false,"chose_seed":false,"campfire_upgraded":4,"win_rate":0.0,"timestamp":1610533658,"path_taken":["M","?","$","?","M","E","R","E","T","R","?","?","R","$","R","BOSS"],"items_purchased_type":["Card","Card","Card"],"build_version":"2020-12-22","purchased_purges":0,"victory":false,"max_hp_per_floor":[75,80,80,80,80,80,80,80,80,80,80,80,80,80,80,80,80],"card_choices":[{"not_picked":["Gash","BasicCrystalCard"],"picked":"Cold Snap","floor":1.0},{"not_picked":["Sweeping Beam","Reprogram","Leap"],"picked":"SKIP","floor":5},{"not_picked":["Stack","Gash","Coolheaded"],"picked":"SKIP","floor":6},{"not_picked":["Go for the Eyes","Steam","ReplaySort"],"picked":"SKIP","floor":8},{"not_picked":["Go for the Eyes","ReplayTheSpireMod:Repulse"],"picked":"Self Repair","floor":11}],"player_experience":404469,"relics_obtained":[{"floor":6,"key":"Replay:Bandana"},{"floor":8,"key":"Replay:Wax Seal"},{"floor":9,"key":"DemoMod:BlueGuonStone"},{"floor":11,"key":"Odd Mushroom"}],"event_choices":[{"damage_healed":0,"gold_gain":0,"player_choice":"Donut","damage_taken":0,"max_hp_gain":5,"max_hp_loss":0,"event_name":"Big Fish","floor":2,"gold_loss":0},{"damage_healed":0,"gold_gain":0,"player_choice":"Disagree","damage_taken":0,"max_hp_gain":0,"max_hp_loss":0,"event_name":"conspire:LoneGhost","floor":4,"gold_loss":0},{"damage_healed":0,"gold_gain":0,"player_choice":"Fought Mushrooms","damage_taken":0,"max_hp_gain":0,"max_hp_loss":0,"event_name":"Mushrooms","floor":11,"gold_loss":0}],"is_beta":false,"boss_relics":[],"items_purged_floors":[],"is_endless":false,"potions_floor_spawned":[8],"killed_by":"Fading Forest","ascension_level":10}}