{"host":"x21cvmfdo17nyhii","time":1610581844,"event":{"mods":["AchievementEnabler","BaseMod","Colored Map","Colored Powertips","DeckTracker","Highlight Path","Minty Spire (QoL Compilation)","Quick Restart","Rare Cards Sparkle","SuperFastMode"],"gold_per_floor":[118,118,6,26,45,45,45,61,61,78,78,78,89,106,106,211,211,228,248,148,148,163,163,176,176,176],"floor_reached":25,"language":"ENG","playtime":829,"items_purged":["Strike_R","Strike_R"],"score":197,"play_id":"2696e4ca-9d06-4168-a418-a4440cc274d7","local_time":"20210113155044","is_ascension_mode":false,"campfire_choices":[{"data":"Bash","floor":6.0,"key":"SMITH"},{"data":"Dual Wield","floor":11.0,"key":"SMITH"},{"data":"Dropkick","floor":15.0,"key":"SMITH"},{"data":"Ghostly Armor","floor":23.0,"key":"SMITH"}],"circlet_count":0,"master_deck":["Strike_R","Strike_R","Defend_R","Defend_R","Defend_R","Defend_R","Bash+1","Cleave","Ghostly Armor+1","Dropkick+1","Dual Wield+1","Thunderclap","Fiend Fire"],"relics":["Coffee Dripper"],"acts_visited":["Exordium","TheCity"],"potions_floor_usage":[24,24],"damage_taken":[{"damage":0.0,"enemies":"2 Louse","floor":1.0,"turns":4.0},{"damage":0.0,"enemies":"Small Slimes","floor":4.0,"turns":3.0},{"damage":0.0,"enemies":"Jaw Worm","floor":5.0,"turns":3.0},{"damage":0.0,"enemies":"Blue Slaver","floor":8.0,"turns":3.0},{"damage":4.0,"enemies":"Exordium Wildlife","floor":10.0,"turns":3.0},{"damage":7.0,"enemies":"3 Louse","floor":13.0,"turns":3.0},{"damage":3.0,"enemies":"Gremlin Gang","floor":14.0,"turns":4.0},{"damage":46.0,"enemies":"The Guardian","floor":16.0,"turns":9.0},{"damage":4.0,"enemies":"3 Byrds","floor":18.0,"turns":4.0},{"damage":24.0,"enemies":"Spheric Guardian","floor":19.0,"turns":6.0},{"damage":15.0,"enemies":"Snecko","floor":22.0,"turns":5.0},{"damage":27,"enemies":"Snake Plant","floor":24,"turns":6},{"damage":43,"enemies":"Sentry and Sphere","floor":25,"turns":5}],"seed_played":"380796698077459065","potions_obtained":[{"floor":1.0,"key":"Swift Potion"},{"floor":4.0,"key":"ColorlessPotion"},{"floor":5.0,"key":"FairyPotion"},{"floor":8.0,"key":"PowerPotion"},{"floor":13.0,"key":"DuplicationPotion"},{"floor":19.0,"key":"BlessingOfTheForge"}],"is_trial":false,"path_per_floor":["M","?","$","M","M","R","?","M","T","M","R","?","M","M","R","B",null,"M","M","$","?","M","R","M","M"],"character_chosen":"IRONCLAD","items_purchased":["Ghostly Armor"],"campfire_rested":0,"item_purchase_floors":[3],"current_hp_per_floor":[80,73,73,73,73,73,73,73,73,69,69,69,62,59,59,13,80,76,52,52,52,37,37,10,0,0],"gold":176,"neow_bonus":"BOSS_RELIC","is_daily":false,"chose_seed":false,"campfire_upgraded":4,"win_rate":0.0,"timestamp":1610581844,"path_taken":["M","?","$","M","M","R","?","?","T","M","R","?","M","M","R","BOSS","M","M","$","?","M","R","M","M"],"items_purchased_type":["Card"],"build_version":"2020-12-22","purchased_purges":2,"victory":false,"max_hp_per_floor":[80,80,80,80,80,80,80,80,80,80,80,80,80,80,80,80,80,80,80,80,80,80,80,80,80,80],"card_choices":[{"not_picked":["Burning Pact","Sever Soul"],"picked":"Cleave","floor":1.0},{"not_picked":["Havoc","Second Wind"],"picked":"Dropkick","floor":4.0},{"not_picked":["Iron Wave","Cleave","Clothesline"],"picked":"SKIP","floor":5.0},{"not_picked":["Clash","Uppercut"],"picked":"Dual Wield","floor":8.0},{"not_picked":["Pommel Strike","Infernal Blade","True Grit"],"picked":"SKIP","floor":10.0},{"not_picked":["Cleave","Clothesline","Dual Wield"],"picked":"SKIP","floor":13.0},{"not_picked":["True Grit","Heavy Blade"],"picked":"Thunderclap","floor":14.0},{"not_picked":["Reaper","Corruption"],"picked":"Fiend Fire","floor":16.0},{"not_picked":["Heavy Blade","True Grit","Fire Breathing"],"picked":"SKIP","floor":18.0},{"not_picked":["Cleave","Twin Strike+1","Anger"],"picked":"SKIP","floor":19.0},{"not_picked":["Headbutt+1","Wild Strike+1","Flex"],"picked":"SKIP","floor":22.0},{"not_picked":["Body Slam","Hemokinesis","Clothesline"],"picked":"SKIP","floor":24}],"player_experience":349513,"relics_obtained":[],"event_choices":[{"cards_removed":["Strike_R"],"damage_healed":0.0,"max_hp_gain":0.0,"max_hp_loss":0.0,"gold_gain":0.0,"event_name":"Golden Wing","player_choice":"Card Removal","floor":2.0,"gold_loss":0.0,"damage_taken":7.0},{"damage_healed":0.0,"max_hp_gain":0.0,"max_hp_loss":0.0,"gold_gain":0.0,"event_name":"Golden Idol","player_choice":"Ignored","floor":7.0,"gold_loss":0.0,"damage_taken":0.0},{"damage_healed":0.0,"max_hp_gain":0.0,"max_hp_loss":0.0,"gold_gain":0.0,"event_name":"Liars Game","player_choice":"Ignored","floor":12.0,"gold_loss":0.0,"damage_taken":0.0}],"is_beta":false,"boss_relics":[{"not_picked":["Mark of Pain","Philosopher\u0027s Stone","Tiny House"]}],"items_purged_floors":[3,20],"is_endless":false,"potions_floor_spawned":[1,4,5,8,13,19,22],"killed_by":"Sentry and Sphere","ascension_level":0}}