{"host":"jgqxb38yl0c1w101","time":1610580476,"event":{"mods":["BaseMod","Colored Map","Downfall","Minty Spire (QoL Compilation)","StSLib"],"gold_per_floor":[99,115,290,306,322,322,345,366,266,62,89,107,107,107,125,220,220,220,237,71,84,84,144,189,206,234,334,352,381,181,161,179,276,276,276,291,291,306,306,339,339,439,439,439,439,465,16,48,65,65,65,96,6,6,6,6,6],"floor_reached":56,"language":"ENG","playtime":5178,"items_purged":["Normality"],"score":1088,"play_id":"e366a7fc-4bcc-490e-bbb2-6562428a534a","local_time":"20210113182756","is_ascension_mode":true,"campfire_choices":[{"floor":1.0,"key":"RECALL"},{"floor":9.0,"key":"REST"},{"floor":13.0,"key":"REST"},{"data":"bronze:RecursiveStrike","floor":18.0,"key":"SMITH"},{"floor":30.0,"key":"REST"},{"data":"bronze:Assembly","floor":35,"key":"SMITH"},{"floor":54,"key":"REST"}],"circlet_count":0,"master_deck":["bronze:Strike","bronze:Strike+1","bronze:Strike+1","bronze:Strike","bronze:Defend+1","bronze:Defend","bronze:Defend","bronze:Defend","bronze:Replicate","bronze:Goto","bronze:Constructor","Doubt","bronze:Separator","bronze:ClassDefault","bronze:Explode","bronze:FollowUp","bronze:Repulsor","bronze:Invalidate","bronze:Boost+1","bronze:ForceShield","bronze:ChildClass","bronze:Assembly+1","bronze:Iterate","bronze:CloningBeam","bronze:RecursiveStrike+1","bronze:Safeguard","bronze:ChildClass","bronze:ClassDefault+1","bronze:GetLatest+1","downfall:Aged","bronze:ThunderWave","Pain","Doubt","bronze:AlphaBuild","bronze:Frontload","bronze:Optimize","bronze:MaxOutput","bronze:Backtrace","CurseOfTheBell","bronze:Optimize+1","bronze:HyperBeam","downfall:Malfunctioning","Pain","Injury","expansioncontent:Chronoboost","bronze:GetLatest+1","bronze:ItsAFeature","bronze:BugBarrage","Panache","expansioncontent:HyperBeam","bronze:BronzeOrb+1","bronze:Philosophize+1","bronze:Optimize","bronze:Iterate+1"],"relics":["bronze:BronzeCore","Regal Pillow","Dream Catcher","Odd Mushroom","downfall:HeartBlessingRed","War Paint","Whetstone","Sundial","Cursed Key","Medical Kit","downfall:KnowingSkull","Juzu Bracelet","Blue Candle","StrikeDummy","downfall:HeartBlessingBlue","downfall:HeartBlessingGreen","Membership Card","HornCleat","hexamod:BolsterEngine","Calling Bell","Boot","Letter Opener","Ginger","PreservedInsect","Ice Cream","WarpedTongs","Pear","Mummified Hand","Torii","Lantern","hexamod:CandleOfCauterizing","Art of War","Bag of Marbles"],"acts_visited":["Exordium","TheCity","TheBeyond","TheEnding"],"potions_floor_usage":[33,33,33,40,50,56,56],"damage_taken":[{"damage":1.0,"enemies":"Jaw Worm","floor":2.0,"turns":4.0},{"damage":0.0,"enemies":"2 Louse","floor":4.0,"turns":3.0},{"damage":1.0,"enemies":"Cultist","floor":5.0,"turns":3.0},{"damage":4.0,"enemies":"Cultist","floor":6.0,"turns":2.0},{"damage":22.0,"enemies":"The Mushroom Lair","floor":8.0,"turns":5.0},{"damage":0.0,"enemies":"downfall:FleeingMerchant","floor":10.0,"turns":4.0},{"damage":28.0,"enemies":"Gremlin Nob","floor":11.0,"turns":4.0},{"damage":17.0,"enemies":"3 Louse","floor":12.0,"turns":2.0},{"damage":6.0,"enemies":"Large Slime","floor":15.0,"turns":4.0},{"damage":42.0,"enemies":"ArchetypeAct1Statuses","floor":16.0,"turns":10.0},{"damage":3.0,"enemies":"Shell Parasite","floor":19.0,"turns":3.0},{"damage":0.0,"enemies":"downfall:FleeingMerchant","floor":20.0,"turns":4.0},{"damage":0.0,"enemies":"Spheric Guardian","floor":21.0,"turns":4.0},{"damage":6.0,"enemies":"Snecko","floor":23.0,"turns":5.0},{"damage":0.0,"enemies":"3 Cultists","floor":25.0,"turns":4.0},{"damage":16.0,"enemies":"Slavers","floor":26.0,"turns":3.0},{"damage":14.0,"enemies":"Snake Plant","floor":28.0,"turns":3.0},{"damage":33.0,"enemies":"Book of Stabbing","floor":29.0,"turns":5.0},{"damage":18.0,"enemies":"downfall:FleeingMerchant","floor":31.0,"turns":4.0},{"damage":16.0,"enemies":"Chosen and Byrds","floor":32.0,"turns":5.0},{"damage":26,"enemies":"downfall:Silent","floor":33,"turns":7},{"damage":6,"enemies":"Orb Walker","floor":36,"turns":3},{"damage":1,"enemies":"3 Shapes","floor":38,"turns":2},{"damage":16,"enemies":"Reptomancer","floor":40,"turns":5},{"damage":4,"enemies":"Giant Head","floor":46,"turns":5},{"damage":1,"enemies":"Reptomancer","floor":48,"turns":2},{"damage":22,"enemies":"Writhing Mass","floor":49,"turns":3},{"damage":31,"enemies":"downfall:Watcher","floor":50,"turns":7},{"damage":28,"enemies":"downfall:CharBossMerchant","floor":52,"turns":5},{"damage":84,"enemies":"downfall:NeowBoss","floor":55,"turns":12},{"damage":19,"enemies":"downfall:NeowBossFinal","floor":56,"turns":3}],"seed_played":"7323105004915030609","potions_obtained":[{"floor":5.0,"key":"Dexterity Potion"},{"floor":6.0,"key":"FearPotion"},{"floor":11.0,"key":"LiquidBronze"},{"floor":15.0,"key":"LiquidBronze"},{"floor":16.0,"key":"FairyPotion"},{"floor":21.0,"key":"SteroidPotion"},{"floor":23.0,"key":"bronze:FreeFunctionsPotion"},{"floor":32.0,"key":"bronze:BuildAFunctionPotion"},{"floor":33,"key":"CultistPotion"},{"floor":36,"key":"Ancient Potion"},{"floor":38,"key":"Energy Potion"},{"floor":46,"key":"bronze:BurnAndBuffPotion"}],"is_trial":false,"path_per_floor":["R","M","?","M","M","?","T","?","R","$","E","M","R","T","M","B",null,"R","M","$","M","?","M","T","M","E","?","M","E","R","$","M","B",null,"R","M","?","M","?","E","T","?","?","T","?","E","$","E","M","B",null,"E","$","R","B","B"],"character_chosen":"THE_AUTOMATON","items_purchased":["War Paint","bronze:ForceShield","Medical Kit","Membership Card","HornCleat","hexamod:BolsterEngine","bronze:MaxOutput","Torii","Lantern","bronze:ItsAFeature","bronze:BugBarrage","Panache","expansioncontent:HyperBeam","bronze:Optimize","Bag of Marbles"],"campfire_rested":4,"item_purchase_floors":[10,10,20,31,31,31,31,47,47,47,47,47,47,53,53],"current_hp_per_floor":[70,69,69,69,68,64,64,42,70,70,42,25,61,61,55,13,70,70,67,67,67,60,54,54,54,38,38,24,21,70,52,36,10,80,80,74,74,73,73,57,57,57,57,67,67,63,63,62,40,9,90,62,62,90,6,0,0],"gold":6,"neow_bonus":"RANDOM_COMMON_RELIC","is_daily":false,"chose_seed":false,"campfire_upgraded":2,"win_rate":0.0,"timestamp":1610580476,"path_taken":["R","M","?","M","M","?","T","?","R","$","E","M","R","?","M","BOSS","R","M","$","M","?","M","T","M","E","?","M","E","R","$","M","BOSS","R","M","?","M","?","E","T","?","?","?","?","E","?","E","M","BOSS","E","$","R","BOSS","BOSS"],"items_purchased_type":["Relic","Card","Relic","Relic","Relic","Relic","Card","Relic","Relic","Card","Card","Card","Card","Card","Relic"],"build_version":"2020-12-22","purchased_purges":1,"victory":false,"max_hp_per_floor":[70,70,70,70,70,70,70,70,70,70,70,70,70,70,70,70,70,70,70,70,70,70,70,70,70,70,70,70,70,80,80,80,80,80,80,80,80,80,80,80,80,80,80,90,90,90,90,90,90,90,90,90,90,90,90,90,90],"card_choices":[{"not_picked":["bronze:WildBeam","bronze:Repair"],"picked":"bronze:Constructor","floor":2.0},{"not_picked":["bronze:Optimize","bronze:Shield"],"picked":"bronze:Separator","floor":4.0},{"not_picked":["bronze:ChosenStrike","bronze:DelayedSlice"],"picked":"bronze:ClassDefault","floor":5.0},{"not_picked":[],"picked":"bronze:Explode","floor":6.0},{"not_picked":["bronze:BugBarrage","bronze:DelayedGuard"],"picked":"bronze:FollowUp","floor":6.0},{"not_picked":["bronze:Shield","bronze:Turbo"],"picked":"bronze:Repulsor","floor":8.0},{"not_picked":["bronze:Shield","bronze:FineTuning"],"picked":"bronze:Invalidate","floor":9.0},{"not_picked":["bronze:BronzeArmor","bronze:ForceShield"],"picked":"bronze:Boost","floor":10.0},{"not_picked":["bronze:ForceShield","bronze:BugBarrage"],"picked":"bronze:ChildClass","floor":11.0},{"not_picked":["bronze:DelayedGuard","bronze:WildBeam"],"picked":"bronze:Assembly","floor":12.0},{"not_picked":["bronze:DelayedSlice","bronze:Frontload"],"picked":"bronze:Iterate","floor":13.0},{"not_picked":["bronze:BitShift","bronze:WhirlingStrike"],"picked":"bronze:CloningBeam","floor":15.0},{"not_picked":["bronze:BurnOut","bronze:FindAndReplace"],"picked":"bronze:RecursiveStrike","floor":16.0},{"not_picked":["bronze:FineTuning","bronze:Iterate"],"picked":"bronze:Safeguard","floor":19.0},{"not_picked":["bronze:BitShift","bronze:Safeguard"],"picked":"bronze:ChildClass","floor":20.0},{"not_picked":["bronze:Turbo+1","bronze:BugBarrage"],"picked":"bronze:ClassDefault+1","floor":21.0},{"not_picked":["bronze:DelayedGuard+1","bronze:Backtrace+1"],"picked":"bronze:GetLatest+1","floor":23.0},{"not_picked":["bronze:BuggyMess","bronze:Constructor"],"picked":"bronze:ThunderWave","floor":25.0},{"not_picked":["bronze:ChildClass","bronze:Separator","bronze:OilSpill"],"picked":"SKIP","floor":26.0},{"not_picked":["bronze:DelayedSlice","bronze:Separator","bronze:Overheat+1"],"picked":"SKIP","floor":28.0},{"not_picked":["bronze:AlphaBuild","bronze:Shield","bronze:WhirlingStrike"],"picked":"SKIP","floor":29.0},{"not_picked":["bronze:WildBeam","bronze:Separator"],"picked":"bronze:Frontload","floor":30.0},{"not_picked":["bronze:GetLatest+1","bronze:Overheat+1"],"picked":"bronze:Optimize","floor":31.0},{"not_picked":["bronze:Constructor+1","bronze:Turbo"],"picked":"bronze:Backtrace","floor":32.0},{"not_picked":["bronze:DelayedSlice+1","bronze:Shell"],"picked":"bronze:Optimize+1","floor":36},{"not_picked":["bronze:DigitalCarnage","bronze:DelayedGuard"],"picked":"bronze:HyperBeam","floor":38},{"not_picked":["bronze:Constructor","bronze:NullPointer","bronze:Frontload+1"],"picked":"SKIP","floor":40},{"not_picked":["expansioncontent:YouAreMine","expansioncontent:PrepareCrush"],"picked":"expansioncontent:Chronoboost","floor":45},{"not_picked":["bronze:Shield+1","bronze:Turbo+1"],"picked":"bronze:GetLatest+1","floor":46},{"not_picked":["bronze:MaxOutput+1","bronze:Backtrace+1"],"picked":"bronze:BronzeOrb+1","floor":48},{"not_picked":["bronze:FollowUp","bronze:Overheat"],"picked":"bronze:Philosophize+1","floor":49},{"not_picked":["bronze:Deprecate","bronze:Break","bronze:ForLoop"],"picked":"SKIP","floor":52},{"not_picked":["bronze:ChildClass+1","bronze:FollowUp+1"],"picked":"bronze:Iterate+1","floor":54}],"player_experience":161270,"relics_obtained":[{"floor":7.0,"key":"Dream Catcher"},{"floor":8.0,"key":"Odd Mushroom"},{"floor":11.0,"key":"Whetstone"},{"floor":14.0,"key":"Sundial"},{"floor":26.0,"key":"Juzu Bracelet"},{"floor":29.0,"key":"StrikeDummy"},{"floor":34,"key":"Boot"},{"floor":34,"key":"Letter Opener"},{"floor":34,"key":"Ginger"},{"floor":40,"key":"PreservedInsect"},{"floor":41,"key":"Ice Cream"},{"floor":44,"key":"Pear"},{"floor":46,"key":"Mummified Hand"},{"floor":48,"key":"hexamod:CandleOfCauterizing"},{"floor":52,"key":"Art of War"}],"event_choices":[{"damage_healed":0.0,"max_hp_gain":0.0,"max_hp_loss":0.0,"gold_gain":0.0,"event_name":"Mushrooms","player_choice":"Fought Mushrooms","floor":8.0,"gold_loss":0.0,"damage_taken":0.0},{"damage_healed":0,"gold_gain":0,"player_choice":"Ignored","damage_taken":0,"max_hp_gain":0,"max_hp_loss":0,"event_name":"Mysterious Sphere","floor":37,"gold_loss":0}],"is_beta":false,"boss_relics":[{"not_picked":["Snecko Eye","Fusion Hammer"],"picked":"Cursed Key"},{"not_picked":["Busted Crown","Velvet Choker"],"picked":"Calling Bell"}],"items_purged_floors":[47],"is_endless":false,"potions_floor_spawned":[5,6,11,15,16,21,23,26,32,33,36,38,46],"killed_by":"downfall:NeowBossFinal","ascension_level":1}}