{"host":"5padt50u07xd1iby","time":1610545633,"event":{"mods":["AchievementEnabler","Aspiration","BaseMod","Colored Map","Colored Powertips","Conspire","Dark Map","Downfall","Hubris","Minty Spire (QoL Compilation)","Replay The Spire","Retaliation","Shop Mod","StSLib","SuperFastMode","The Blue Laboratory","everything is the same but u backflip on backflip"],"gold_per_floor":[119,119,44,44,56,85,85,117,140,157,167,187,214,229,229,328,328,346,346,358,358,358,393,393,406,431,465,481,495,506,120,120,120,120],"floor_reached":33,"language":"ENG","playtime":3219,"items_purged":["Pain","Defend_R"],"score":334,"play_id":"503406be-0938-4719-a8f1-7279a21969d9","local_time":"20210113144713","is_ascension_mode":false,"campfire_choices":[{"floor":7,"key":"REST"},{"data":"Strike_R","floor":15,"key":"PURGE"},{"floor":24,"key":"REST"},{"floor":32,"key":"DIG"}],"circlet_count":0,"master_deck":["Strike_R","Strike_R","Strike_R","Defend_R","Defend_R","Defend_R","Bash","hubris:CleavingFinish","DDmod:SpikeMailSkill","conspire:Charge","Thunderclap","Battle Trance","Armaments","conspire:ExplosiveBarrier","Juggernaut","ReplayTheSpireMod:Stacked","Offering","DDmod:SpikedSkill","Battle Trance+1","Battle Trance","Shrug It Off+1","Pummel","ReplayTheSpireMod:Stacked","Demonic Infusion"],"relics":["Burning Blood","WarpedTongs","Vajra","Bag of Marbles","King of Hearts","Pen Nib","Black Star","MutagenicStrength","aspiration:SeaSaltIceCream","hubris:ToyBattleship","Burning Blood","Toy Ornithopter","conspire:DeflatedDodgeball","hubris:Metronome","Girya","conspire:Flyswatter"],"acts_visited":["Exordium","TheCity"],"potions_floor_usage":[12,23,27,27,27,27,28,28,33,33],"damage_taken":[{"damage":7,"enemies":"2 Louse","floor":1,"turns":2},{"damage":6,"enemies":"Cultist","floor":5,"turns":3},{"damage":50,"enemies":"Lagavulin","floor":6,"turns":8},{"damage":28,"enemies":"Gremlin Nob","floor":8,"turns":4},{"damage":1,"enemies":"Jaw Worm","floor":10,"turns":2},{"damage":4,"enemies":"Blue Slaver","floor":11,"turns":3},{"damage":2,"enemies":"Exordium Wildlife","floor":12,"turns":5},{"damage":14,"enemies":"3 Sentries","floor":13,"turns":7},{"damage":4,"enemies":"Large Slime","floor":14,"turns":6},{"damage":34,"enemies":"Fading Forest","floor":16,"turns":11},{"damage":18,"enemies":"3 Byrds","floor":18,"turns":5},{"damage":7,"enemies":"Chosen","floor":20,"turns":4},{"damage":13,"enemies":"Book of Stabbing","floor":23,"turns":7},{"damage":34,"enemies":"3 Cultists","floor":25,"turns":6},{"damage":31,"enemies":"Slavers","floor":27,"turns":7},{"damage":20,"enemies":"Shelled Parasite and Fungi","floor":28,"turns":5},{"damage":15,"enemies":"Sentry and Sphere","floor":29,"turns":5},{"damage":0,"enemies":"Cultist and Chosen","floor":30,"turns":6},{"damage":50,"enemies":"hubris:MusketHawk","floor":33,"turns":6}],"seed_played":"2528345143762970463","potions_obtained":[{"floor":11,"key":"BlessingOfTheForge"},{"floor":12,"key":"blueLaboratory:FrostheartPotion"},{"floor":13,"key":"blueLaboratory:PyrophylliteBrew"},{"floor":14,"key":"EntropicBrew"},{"floor":25,"key":"Adrenaline Potion"},{"floor":29,"key":"SkillPotion"},{"floor":30,"key":"blueLaboratory:BottledHope"}],"is_trial":false,"path_per_floor":["M","?","$","?","M","E","R","E","T","M","M","M","E","M","R_BF","B",null,"M","?","M","?","?","E","R","M","T","E","M","M","M","$","R_BF","B"],"character_chosen":"IRONCLAD","items_purchased":["Girya"],"campfire_rested":2,"item_purchase_floors":[31],"current_hp_per_floor":[79,79,79,84,84,40,65,43,43,48,50,54,46,48,48,30,85,73,73,72,18,18,11,36,14,14,15,17,14,26,26,26,0,0],"gold":120,"neow_bonus":"RANDOM_EVENT","is_daily":false,"chose_seed":false,"campfire_upgraded":0,"win_rate":0.0,"timestamp":1610545633,"path_taken":["M","?","?","?","M","E","R","E","T","M","?","M","E","M","R_BF","BOSS","M","?","?","?","?","E","R","M","T","E","M","M","M","$","R_BF","BOSS"],"items_purchased_type":["Relic"],"build_version":"2020-12-22","purchased_purges":2,"victory":false,"max_hp_per_floor":[80,80,80,85,85,85,85,85,85,85,85,85,85,85,85,85,85,85,85,85,85,85,85,85,85,85,85,85,85,85,85,85,85,85],"card_choices":[{"not_picked":["DDmod:SpikeInjectionSkill","Clothesline","Heavy Blade"],"picked":"SKIP","floor":1},{"not_picked":["Hemokinesis","Heavy Blade"],"picked":"DDmod:SpikeMailSkill","floor":5},{"not_picked":["DDmod:SpikeMailSkill","Disarm"],"picked":"conspire:Charge","floor":6},{"not_picked":["DDmod:CallousedSkill","DDmod:BurningFumesPowerCard"],"picked":"Thunderclap","floor":8},{"not_picked":["Armaments","Perfected Strike"],"picked":"Battle Trance","floor":10},{"not_picked":["DDmod:CallousedSkill","Evolve"],"picked":"Armaments","floor":11},{"not_picked":["Headbutt","Sword Boomerang"],"picked":"conspire:ExplosiveBarrier","floor":12},{"not_picked":["Wild Strike","Defy Death"],"picked":"Juggernaut","floor":13},{"not_picked":["Defy Death","Run Through"],"picked":"ReplayTheSpireMod:Stacked","floor":14},{"not_picked":["Juggernaut","DDmod:AllInSkill"],"picked":"Offering","floor":16},{"not_picked":["Sword Boomerang","Seeing Red"],"picked":"DDmod:SpikedSkill","floor":18},{"not_picked":["Sword Boomerang","hubris:ReadiedAction"],"picked":"Battle Trance+1","floor":20},{"not_picked":["DDmod:CallousedSkill","Limit Break"],"picked":"Battle Trance","floor":23},{"not_picked":["Pommel Strike","Clash"],"picked":"Shrug It Off+1","floor":25},{"not_picked":["DDmod:PokeAttack","Flex"],"picked":"Pummel","floor":27},{"not_picked":["DDmod:SpikeInjectionSkill","Reckless Charge"],"picked":"ReplayTheSpireMod:Stacked","floor":28},{"not_picked":["Shockwave","Flex+1"],"picked":"Demonic Infusion","floor":29},{"not_picked":["DDmod:SpikeMailSkill","DDmod:EasePowerCard","Body Slam"],"picked":"SKIP","floor":30}],"player_experience":75336,"relics_obtained":[{"floor":6,"key":"Vajra"},{"floor":8,"key":"Bag of Marbles"},{"floor":9,"key":"King of Hearts"},{"floor":13,"key":"Pen Nib"},{"floor":23,"key":"aspiration:SeaSaltIceCream"},{"floor":23,"key":"hubris:ToyBattleship"},{"floor":26,"key":"Toy Ornithopter"},{"floor":27,"key":"conspire:DeflatedDodgeball"},{"floor":27,"key":"hubris:Metronome"},{"floor":32,"key":"conspire:Flyswatter"}],"event_choices":[{"damage_healed":0,"gold_gain":0,"player_choice":"Rummage","damage_taken":0,"relics_obtained":["WarpedTongs"],"max_hp_gain":0,"max_hp_loss":0,"event_name":"Accursed Blacksmith","floor":2,"gold_loss":0,"cards_obtained":["Pain"]},{"damage_healed":0,"gold_gain":0,"player_choice":"Donut","damage_taken":0,"max_hp_gain":5,"max_hp_loss":0,"event_name":"Big Fish","floor":4,"gold_loss":0},{"cards_removed":["Strike_R"],"damage_healed":0,"gold_gain":0,"player_choice":"Purged","damage_taken":0,"max_hp_gain":0,"max_hp_loss":0,"event_name":"Purifier","floor":19,"gold_loss":0},{"damage_healed":0,"gold_gain":0,"player_choice":"Inject Mutagens","damage_taken":0,"relics_obtained":["MutagenicStrength"],"max_hp_gain":0,"max_hp_loss":0,"event_name":"Drug Dealer","floor":22,"gold_loss":0}],"is_beta":false,"boss_relics":[{"not_picked":["conspire:SlowCooker","Snecko Eye"],"picked":"Black Star"}],"items_purged_floors":[3,31],"is_endless":false,"potions_floor_spawned":[11,12,13,14,18,25,29,30],"killed_by":"hubris:MusketHawk","ascension_level":0}}