{"host":"3po7ngt2j61s4rmj","time":1610566200,"event":{"mods":["Act Like it!","BaseMod","Hermit","JesterMod","Minty Spire (QoL Compilation)","Relic Stats","Shade Mod","StSLib"],"gold_per_floor":[162,162,180,180,180,180,210,210,210,210,310,323,338,349,349,445,445,456,468,480,480,492,521,521,537,611,611,611],"floor_reached":27,"language":"ENG","playtime":2684,"items_purged":[],"score":378,"play_id":"c1b7e684-6b82-4b12-b822-3bef735d6856","local_time":"20210113123000","is_ascension_mode":true,"campfire_choices":[{"data":"Shade:CarefulCut","floor":6,"key":"SMITH"},{"floor":8,"key":"REST"},{"data":"Shade:GreyBargain","floor":10,"key":"SMITH"},{"floor":15,"key":"REST"},{"floor":24,"key":"REST"}],"circlet_count":0,"master_deck":["AscendersBane","Shade:Strike_Shade+1","Shade:Strike_Shade","Shade:Strike_Shade","Shade:Strike_Shade","Shade:Defend_Shade","Shade:Defend_Shade","Shade:Defend_Shade+1","Shade:Defend_Shade","Shade:AnimateDead+1","Shade:CarefulCut+1","Shade:CoffinDance","Shade:AuraOfUnlife","Shade:GreyBargain+1","Shade:Awaken","Shade:SkeletonArmy","Shade:GraveStillness","Shade:MadHubris","Shade:Bite_Shade+1","Shade:CloudOfShrapnel+1","Shade:FreshBones","Shade:FleshToFlesh+1","Shade:ExtraLimbs","Shade:FuneraryJewels"],"relics":["Tiny House","Kunai","Art of War","Bottled Lightning","Cursed Key","Omamori","Bottled Tornado"],"acts_visited":["Exordium","TheCity"],"potions_floor_usage":[7,13,16,22,23,25,27,27],"damage_taken":[{"damage":2,"enemies":"Jaw Worm","floor":1,"turns":4},{"damage":4,"enemies":"Small Slimes","floor":3,"turns":5},{"damage":30,"enemies":"Lagavulin","floor":7,"turns":8},{"damage":0,"enemies":"2 Louse","floor":12,"turns":3},{"damage":19,"enemies":"Gremlin Gang","floor":13,"turns":4},{"damage":0,"enemies":"Exordium Wildlife","floor":14,"turns":3},{"damage":21,"enemies":"Slime Boss","floor":16,"turns":8},{"damage":17,"enemies":"Chosen","floor":18,"turns":3},{"damage":0,"enemies":"Spheric Guardian","floor":19,"turns":3},{"damage":27,"enemies":"Snake Plant","floor":20,"turns":5},{"damage":9,"enemies":"Sentry and Sphere","floor":22,"turns":4},{"damage":68,"enemies":"Book of Stabbing","floor":23,"turns":6},{"damage":26,"enemies":"Shelled Parasite and Fungi","floor":25,"turns":4},{"damage":18,"enemies":"Snecko","floor":27,"turns":6}],"seed_played":"6643570528208001186","potions_obtained":[{"floor":0,"key":"PowerPotion"},{"floor":7,"key":"LiquidBronze"},{"floor":13,"key":"Dexterity Potion"},{"floor":14,"key":"CultistPotion"},{"floor":16,"key":"DistilledChaos"},{"floor":20,"key":"Swift Potion"},{"floor":23,"key":"ColorlessPotion"},{"floor":25,"key":"EssenceOfSteel"}],"is_trial":false,"path_per_floor":["M","?","M","?","?","R","E","R","T","R","?","M","M","M","R","B",null,"M","M","M","?","M","E","R","M","T","M"],"character_chosen":"SHADE","items_purchased":[],"campfire_rested":3,"item_purchase_floors":[],"current_hp_per_floor":[62,48,44,44,37,37,7,28,28,28,28,28,9,9,30,9,55,38,41,17,80,71,9,33,10,10,0,0],"gold":611,"neow_bonus":"BOSS_RELIC","is_daily":false,"chose_seed":false,"campfire_upgraded":2,"win_rate":0.0,"timestamp":1610566200,"path_taken":["M","?","M","?","?","R","E","R","T","R","?","M","?","M","R","BOSS","M","M","M","?","M","E","R","M","T","?"],"items_purchased_type":[],"build_version":"2020-12-22","purchased_purges":0,"victory":false,"max_hp_per_floor":[70,70,70,70,70,70,70,70,70,70,70,70,70,70,70,70,70,70,70,70,80,80,80,80,80,80,80,80],"relic_stats":{"counters":[14,66],"Art of War":[13],"Kunai":[6],"Cursed Key":1,"obtain_stats":[{"Tiny House":0,"Shade:YorickSkull":0,"Art of War":7,"Omamori":23,"Kunai":4,"Bottled Lightning":9,"Bottled Tornado":26,"Cursed Key":17},{"Tiny House":0,"Shade:YorickSkull":0,"Art of War":3,"Omamori":12,"Kunai":2,"Bottled Lightning":3,"Bottled Tornado":13,"Cursed Key":7},{"Tiny House":0,"Shade:YorickSkull":0,"Art of War":17,"Omamori":56,"Kunai":9,"Bottled Lightning":17,"Bottled Tornado":60,"Cursed Key":35}]},"card_choices":[{"not_picked":["Shade:Frenzy","Shade:FuneraryJewels"],"picked":"Shade:CoffinDance","floor":0},{"not_picked":["Shade:AblativeArmor","Shade:SensePrey"],"picked":"Shade:AuraOfUnlife","floor":1},{"not_picked":["Shade:GraveStillness","Shade:FleshToFlesh"],"picked":"Shade:GreyBargain","floor":3},{"not_picked":["Shade:FleshToFlesh","Shade:DarkOfNight"],"picked":"Shade:LoseControl","floor":7},{"not_picked":["Shade:CommandSoldier","Shade:FuneraryArmor"],"picked":"Shade:Awaken","floor":12},{"not_picked":["Shade:CommandSoldier","Shade:Bonestorm"],"picked":"Shade:SkeletonArmy","floor":13},{"not_picked":["Shade:SkeletonHug","Shade:RavenousHorde"],"picked":"Shade:GraveStillness","floor":14},{"not_picked":["Shade:OfferingToTheBeyond","Shade:DarkOfNight"],"picked":"Shade:MadHubris","floor":16},{"not_picked":["Shade:Frenzy","Shade:SpontaneousRitual+1"],"picked":"Shade:Bite_Shade+1","floor":18},{"not_picked":["Shade:GreyBargain","Shade:ExtraLimbs"],"picked":"Shade:CloudOfShrapnel+1","floor":19},{"not_picked":["Shade:CommandSoldier","Shade:FleshToFlesh"],"picked":"Shade:FreshBones","floor":20},{"not_picked":["Shade:SkeletonArmy","Shade:FuneraryArmor"],"picked":"Shade:FleshToFlesh+1","floor":22},{"not_picked":["Shade:Doomsay","Shade:ClawBack"],"picked":"Shade:ExtraLimbs","floor":23},{"not_picked":["Shade:FleshOffering","Shade:OneIsEnough"],"picked":"Shade:FuneraryJewels","floor":25}],"player_experience":1144264,"relics_obtained":[{"floor":7,"key":"Art of War"},{"floor":9,"key":"Bottled Lightning"},{"floor":23,"key":"Omamori"},{"floor":26,"key":"Bottled Tornado"}],"event_choices":[{"damage_healed":0,"gold_gain":0,"player_choice":"Entered Light","damage_taken":14,"max_hp_gain":0,"max_hp_loss":0,"event_name":"Shining Light","floor":2,"gold_loss":0,"cards_upgraded":["Shade:Defend_Shade","Shade:Strike_Shade"]},{"damage_healed":0,"gold_gain":0,"player_choice":"Box","damage_taken":0,"relics_obtained":["Kunai"],"max_hp_gain":0,"max_hp_loss":0,"event_name":"Big Fish","floor":4,"gold_loss":0,"cards_obtained":["Regret"]},{"cards_removed":["Regret"],"damage_healed":0,"gold_gain":0,"player_choice":"Card Removal","damage_taken":7,"max_hp_gain":0,"max_hp_loss":0,"event_name":"Golden Wing","floor":5,"gold_loss":0},{"damage_healed":0,"gold_gain":100,"player_choice":"Pray","damage_taken":0,"max_hp_gain":0,"max_hp_loss":0,"event_name":"Golden Shrine","floor":11,"gold_loss":0},{"cards_removed":["Shade:LoseControl"],"damage_healed":53,"gold_gain":0,"player_choice":"Offered Rare","damage_taken":0,"max_hp_gain":10,"max_hp_loss":0,"event_name":"Bonfire Elementals","floor":21,"gold_loss":0}],"is_beta":false,"boss_relics":[{"not_picked":["Calling Bell","Runic Pyramid"],"picked":"Cursed Key"}],"items_purged_floors":[],"is_endless":false,"potions_floor_spawned":[7,13,14,16,20,23,25],"killed_by":"Snecko","ascension_level":10}}