{"host":"Qube","time":1610514817,"event":{"mods":["AchievementEnabler","BaseMod","Colored Map","Colored Powertips","Minty Spire (QoL Compilation)","Quick Restart","Random Character Button","StSLib"],"gold_per_floor":[18,68,83,94,68,68,98,98,98,114,114,133,133,151,151,230,230,250,264,179,209,209,209],"floor_reached":22,"language":"ENG","playtime":759,"items_purged":[],"score":372,"play_id":"078ffc50-516b-47c0-892d-357ca7b048de","local_time":"20210112211337","is_ascension_mode":true,"campfire_choices":[{"data":"PathToVictory","floor":6.0,"key":"SMITH"},{"data":"Eruption","floor":8.0,"key":"SMITH"},{"data":"PathToVictory","floor":11.0,"key":"SMITH"},{"floor":13,"key":"REST"},{"data":"LikeWater","floor":15,"key":"SMITH"}],"circlet_count":0,"master_deck":["AscendersBane","Strike_P","Strike_P","Defend_P","Defend_P","Defend_P","Defend_P","Eruption+1","Vigilance","WheelKick","PathToVictory+1","ThirdEye","ThirdEye","PathToVictory+1","LikeWater+1","PathToVictory","Scrawl","Wireheading","EmptyBody"],"relics":["PureWater","Du-Vu Doll","Ornamental Fan","Empty Cage","Shuriken","Red Mask"],"acts_visited":["Exordium","TheCity"],"potions_floor_usage":[19,21],"damage_taken":[{"damage":7.0,"enemies":"Jaw Worm","floor":1.0,"turns":3.0},{"damage":0.0,"enemies":"Cultist","floor":3.0,"turns":3.0},{"damage":2.0,"enemies":"Small Slimes","floor":4.0,"turns":3.0},{"damage":34.0,"enemies":"3 Sentries","floor":7.0,"turns":8.0},{"damage":2.0,"enemies":"Blue Slaver","floor":10.0,"turns":3.0},{"damage":11,"enemies":"Large Slime","floor":12,"turns":4},{"damage":0,"enemies":"Looter","floor":14,"turns":3},{"damage":1,"enemies":"The Guardian","floor":16,"turns":7},{"damage":13,"enemies":"Shell Parasite","floor":18,"turns":3},{"damage":15,"enemies":"Chosen","floor":19,"turns":4},{"damage":74,"enemies":"Masked Bandits","floor":21,"turns":6},{"damage":0,"enemies":"Shelled Parasite and Fungi","floor":22,"turns":1}],"seed_played":"4948810304437167865","potions_obtained":[{"floor":1.0,"key":"Energy Potion"},{"floor":3.0,"key":"FairyPotion"},{"floor":12,"key":"SpeedPotion"},{"floor":16,"key":"EntropicBrew"}],"is_trial":false,"path_per_floor":["M","?","M","M","$","R","E","R","T","M","R","M","R","M","R","B",null,"M","M","?","?","M"],"character_chosen":"WATCHER","items_purchased":["ThirdEye"],"campfire_rested":1,"item_purchase_floors":[5],"current_hp_per_floor":[66,66,66,64,64,64,30,30,30,28,28,17,41,41,41,40,70,57,42,42,1,1,1],"gold":209,"neow_bonus":"TWENTY_PERCENT_HP_BONUS","is_daily":false,"chose_seed":false,"campfire_upgraded":4,"win_rate":0.0,"timestamp":1610514817,"path_taken":["M","?","M","M","?","R","E","R","T","M","R","M","R","M","R","BOSS","M","M","?","?","M"],"items_purchased_type":["Card"],"build_version":"2020-12-18","purchased_purges":0,"victory":false,"max_hp_per_floor":[80,80,80,80,80,80,80,80,80,80,80,80,80,80,80,80,80,80,80,80,80,80,80],"card_choices":[{"not_picked":["Worship","ReachHeaven"],"picked":"WheelKick","floor":1.0},{"not_picked":["FollowUp","EmptyBody"],"picked":"PathToVictory","floor":3.0},{"not_picked":["Consecrate","Crescendo"],"picked":"ThirdEye","floor":4.0},{"not_picked":["JustLucky","Study","EmptyFist"],"picked":"SKIP","floor":7.0},{"not_picked":["DeceiveReality","BowlingBash"],"picked":"PathToVictory","floor":10.0},{"not_picked":["MentalFortress","Conclude"],"picked":"LikeWater","floor":12},{"not_picked":["CarveReality","Wireheading"],"picked":"PathToVictory","floor":14},{"not_picked":["LessonLearned","Omniscience"],"picked":"Scrawl","floor":16},{"not_picked":["Halt","Conclude"],"picked":"Wireheading","floor":18},{"not_picked":["Halt","Wallop","FollowUp"],"picked":"SKIP","floor":19},{"not_picked":["ClearTheMind","Halt"],"picked":"EmptyBody","floor":21}],"player_experience":891102,"relics_obtained":[{"floor":7.0,"key":"Du-Vu Doll"},{"floor":9.0,"key":"Ornamental Fan"},{"floor":21,"key":"Red Mask"}],"event_choices":[{"damage_healed":0.0,"max_hp_gain":0.0,"max_hp_loss":0.0,"gold_gain":50.0,"event_name":"Golden Shrine","player_choice":"Pray","floor":2.0,"gold_loss":0.0,"damage_taken":0.0},{"damage_healed":0,"gold_gain":0,"player_choice":"Obtained Relic","damage_taken":0,"relics_obtained":["Shuriken"],"max_hp_gain":0,"max_hp_loss":0,"event_name":"Addict","floor":20,"gold_loss":85},{"damage_healed":0,"gold_gain":0,"player_choice":"Fought Bandits","damage_taken":0,"max_hp_gain":0,"max_hp_loss":0,"event_name":"Masked Bandits","floor":21,"gold_loss":0}],"is_beta":true,"boss_relics":[{"not_picked":["Philosopher\u0027s Stone","Black Star"],"picked":"Empty Cage"}],"items_purged_floors":[],"is_endless":false,"potions_floor_spawned":[1,3,12,16],"killed_by":"Shelled Parasite and Fungi","ascension_level":20}}