{"host":"7l2t4psy44vpcd9q","time":1610555642,"event":{"mods":["AchievementEnabler","BaseMod","DeckTracker","Minty Spire (QoL Compilation)","SuperFastMode"],"gold_per_floor":[113,24,37,37,49,49,1,31,81,81,98,128,53,67,67,140,140,153,203,153,153,53,53,53,73,128,128,128],"floor_reached":27,"language":"KOR","playtime":1093,"items_purged":["Strike_G","Defend_G"],"score":482,"play_id":"ac326be7-08e9-4651-8b54-fb1262e0ff81","local_time":"20210114013402","is_ascension_mode":true,"campfire_choices":[{"data":"Sucker Punch","floor":6,"key":"SMITH"},{"floor":10,"key":"REST"},{"floor":15,"key":"REST"},{"floor":24,"key":"REST"}],"circlet_count":0,"master_deck":["AscendersBane","Strike_G","Strike_G","Strike_G","Strike_G","Defend_G","Defend_G","Defend_G","Defend_G","Survivor","Neutralize","Sucker Punch+1","Predator","PiercingWail","Dagger Spray","Heel Hook","Noxious Fumes","Backstab","Glass Knife","CurseOfTheBell","Calculated Gamble"],"relics":["SlaversCollar","Toy Ornithopter","Anchor","Potion Belt","Calling Bell","Omamori","Pear","TungstenRod","Bag of Preparation"],"acts_visited":["Exordium","TheCity"],"potions_floor_usage":[16,16,18,23,23],"damage_taken":[{"damage":1,"enemies":"2 Louse","floor":1,"turns":3},{"damage":7,"enemies":"Small Slimes","floor":3,"turns":3},{"damage":3,"enemies":"Jaw Worm","floor":5,"turns":4},{"damage":35,"enemies":"3 Sentries","floor":8,"turns":11},{"damage":1,"enemies":"Large Slime","floor":11,"turns":6},{"damage":24,"enemies":"Gremlin Nob","floor":12,"turns":4},{"damage":2,"enemies":"Exordium Wildlife","floor":14,"turns":7},{"damage":33,"enemies":"The Guardian","floor":16,"turns":11},{"damage":30,"enemies":"Spheric Guardian","floor":18,"turns":6},{"damage":13,"enemies":"2 Thieves","floor":20,"turns":5},{"damage":20,"enemies":"Slavers","floor":23,"turns":4},{"damage":33,"enemies":"Cultist and Chosen","floor":25,"turns":9},{"damage":14,"enemies":"Sentry and Sphere","floor":27,"turns":3}],"seed_played":"7891913234939981397","potions_obtained":[{"floor":5,"key":"DistilledChaos"},{"floor":12,"key":"DuplicationPotion"},{"floor":14,"key":"PowerPotion"},{"floor":16,"key":"GhostInAJar"},{"floor":18,"key":"SmokeBomb"}],"is_trial":false,"path_per_floor":["M","$","M","?","M","R","?","E","T","R","M","E","$","M","R","B",null,"M","?","M","?","$","E","R","M","T","M"],"character_chosen":"THE_SILENT","items_purchased":["Predator"],"campfire_rested":3,"item_purchase_floors":[2],"current_hp_per_floor":[58,58,51,56,53,53,53,18,18,39,38,14,14,12,33,10,66,41,41,28,28,28,18,42,9,9,0,0],"gold":128,"neow_bonus":"BOSS_RELIC","is_daily":false,"chose_seed":false,"campfire_upgraded":1,"win_rate":0.0,"timestamp":1610555642,"path_taken":["M","$","M","?","M","R","?","E","T","R","M","E","$","M","R","BOSS","M","?","M","?","$","E","R","M","T","M"],"items_purchased_type":["Card"],"build_version":"2020-12-22","purchased_purges":2,"victory":false,"max_hp_per_floor":[66,66,66,71,71,71,71,71,71,71,71,71,71,71,71,71,81,81,81,81,81,81,81,81,81,81,81,81],"card_choices":[{"not_picked":["Terror","Deflect"],"picked":"Sucker Punch","floor":1},{"not_picked":["Catalyst","Blur"],"picked":"PiercingWail","floor":3},{"not_picked":["Quick Slash","Dagger Throw"],"picked":"Dagger Spray","floor":5},{"not_picked":["PiercingWail","Tactician"],"picked":"Heel Hook","floor":8},{"not_picked":["Sucker Punch","Dagger Spray","Eviscerate"],"picked":"SKIP","floor":11},{"not_picked":["Acrobatics","PiercingWail"],"picked":"Noxious Fumes","floor":12},{"not_picked":["Flechettes","Dodge and Roll"],"picked":"Backstab","floor":14},{"not_picked":["Burst","Tools of the Trade"],"picked":"Glass Knife","floor":16},{"not_picked":["Sucker Punch","Dagger Spray","Skewer"],"picked":"SKIP","floor":18},{"not_picked":["Slice","Bane+1"],"picked":"Calculated Gamble","floor":20},{"not_picked":["Heel Hook","Underhanded Strike","Catalyst"],"picked":"SKIP","floor":25}],"player_experience":1232044,"relics_obtained":[{"floor":8,"key":"Toy Ornithopter"},{"floor":9,"key":"Anchor"},{"floor":12,"key":"Potion Belt"},{"floor":17,"key":"Omamori"},{"floor":17,"key":"Pear"},{"floor":17,"key":"TungstenRod"},{"floor":26,"key":"Bag of Preparation"}],"event_choices":[{"damage_healed":0,"gold_gain":0,"player_choice":"Donut","damage_taken":0,"max_hp_gain":5,"max_hp_loss":0,"event_name":"Big Fish","floor":4,"gold_loss":0},{"damage_healed":0,"gold_gain":0,"player_choice":"Left Gold","damage_taken":0,"max_hp_gain":0,"max_hp_loss":0,"event_name":"World of Goop","floor":7,"gold_loss":48},{"damage_healed":0,"gold_gain":50,"player_choice":"Stole From Cult","damage_taken":0,"max_hp_gain":0,"max_hp_loss":0,"event_name":"Nest","floor":19,"gold_loss":0},{"damage_healed":0,"gold_gain":0,"player_choice":"Ignored","damage_taken":0,"max_hp_gain":0,"max_hp_loss":0,"event_name":"Ghosts","floor":21,"gold_loss":0}],"is_beta":false,"boss_relics":[{"not_picked":["WristBlade","Tiny House"],"picked":"Calling Bell"}],"items_purged_floors":[13,22],"is_endless":false,"potions_floor_spawned":[5,12,14,16,18],"killed_by":"Sentry and Sphere","ascension_level":20}}