{"host":"7qoz5gmva6til3yp","time":1610535761,"event":{"mods":["AchievementEnabler","BaseMod","Minty Spire (QoL Compilation)","StSLib","SuperFastMode"],"gold_per_floor":[111,111,127,127,127,152,152,178,231,245,245,276,291,305,305,406,406,346,346,346,346,346,346,346],"floor_reached":23,"language":"KOR","playtime":905,"items_purged":[],"score":307,"play_id":"890ae562-4f79-4654-a120-9159444a9b74","local_time":"20210113200241","is_ascension_mode":true,"campfire_choices":[{"data":"Dagger Spray","floor":7,"key":"SMITH"},{"floor":15,"key":"REST"}],"circlet_count":0,"master_deck":["Strike_G+1","Strike_G","Strike_G","Strike_G","Strike_G","Defend_G","Defend_G","Defend_G+1","Defend_G","Survivor","Neutralize","Dagger Spray+1","Deadly Poison","Predator","Leg Sweep","Well Laid Plans","Footwork","After Image"],"relics":["Ring of the Snake","NeowsBlessing","Toy Ornithopter","Sundial","Happy Flower","TungstenRod","Ectoplasm"],"acts_visited":["Exordium","TheCity"],"potions_floor_usage":[16,16,19],"damage_taken":[{"damage":0,"enemies":"Small Slimes","floor":1,"turns":1},{"damage":0,"enemies":"Jaw Worm","floor":3,"turns":1},{"damage":0,"enemies":"Lagavulin","floor":6,"turns":1},{"damage":22,"enemies":"3 Sentries","floor":8,"turns":7},{"damage":1,"enemies":"Cultist","floor":10,"turns":3},{"damage":15,"enemies":"Gremlin Nob","floor":12,"turns":4},{"damage":0,"enemies":"Exordium Wildlife","floor":13,"turns":3},{"damage":4,"enemies":"3 Louse","floor":14,"turns":3},{"damage":10,"enemies":"Slime Boss","floor":16,"turns":8},{"damage":9,"enemies":"2 Thieves","floor":18,"turns":4},{"damage":11,"enemies":"Spheric Guardian","floor":19,"turns":6},{"damage":23,"enemies":"Shelled Parasite and Fungi","floor":20,"turns":6},{"damage":24,"enemies":"Book of Stabbing","floor":23,"turns":8}],"seed_played":"7232094524365083527","potions_obtained":[{"floor":6,"key":"Swift Potion"},{"floor":13,"key":"CultistPotion"},{"floor":14,"key":"EssenceOfSteel"},{"floor":20,"key":"Poison Potion"}],"is_trial":false,"path_per_floor":["M","?","M","?","?","E","R","E","T","M","?","E","M","M","R","B",null,"M","M","M","?","?","E"],"character_chosen":"THE_SILENT","items_purchased":[],"campfire_rested":1,"item_purchase_floors":[],"current_hp_per_floor":[63,63,63,63,49,49,49,27,27,26,26,11,11,7,28,28,60,51,45,22,22,22,0,0],"gold":346,"neow_bonus":"THREE_ENEMY_KILL","is_daily":false,"chose_seed":false,"campfire_upgraded":1,"win_rate":0.0,"timestamp":1610535761,"path_taken":["M","?","M","?","?","E","R","E","T","M","?","E","M","M","R","BOSS","M","?","M","?","?","E"],"items_purchased_type":[],"build_version":"2020-12-22","purchased_purges":0,"victory":false,"max_hp_per_floor":[70,70,70,70,70,70,70,70,70,70,70,70,70,70,70,70,70,70,70,70,70,70,70,70],"card_choices":[{"not_picked":["Calculated Gamble","Acrobatics"],"picked":"Dagger Spray","floor":1},{"not_picked":["Dagger Throw","PiercingWail"],"picked":"Deadly Poison","floor":3},{"not_picked":["Glass Knife","PiercingWail"],"picked":"Predator","floor":6},{"not_picked":["Deflect","Bane"],"picked":"Leg Sweep","floor":8},{"not_picked":["PiercingWail","Distraction"],"picked":"Well Laid Plans","floor":10},{"not_picked":["Slice","Outmaneuver","Dagger Throw"],"picked":"SKIP","floor":12},{"not_picked":["Expertise","Blade Dance"],"picked":"Footwork","floor":13},{"not_picked":["Underhanded Strike","Heel Hook","Quick Slash"],"picked":"SKIP","floor":14},{"not_picked":["Unload","Night Terror"],"picked":"After Image","floor":16},{"not_picked":["Slice","Outmaneuver","Blade Dance+1"],"picked":"SKIP","floor":18},{"not_picked":["Sucker Punch","Deflect","Underhanded Strike+1"],"picked":"SKIP","floor":19},{"not_picked":["Deadly Poison","Dagger Spray","Well Laid Plans"],"picked":"SKIP","floor":20}],"player_experience":335814,"relics_obtained":[{"floor":6,"key":"Toy Ornithopter"},{"floor":8,"key":"Sundial"},{"floor":9,"key":"Happy Flower"},{"floor":12,"key":"TungstenRod"}],"event_choices":[{"damage_healed":0,"gold_gain":0,"player_choice":"Ignored","damage_taken":0,"max_hp_gain":0,"max_hp_loss":0,"event_name":"Liars Game","floor":2,"gold_loss":0},{"damage_healed":0,"gold_gain":0,"player_choice":"Ignored","damage_taken":0,"max_hp_gain":0,"max_hp_loss":0,"event_name":"Golden Idol","floor":4,"gold_loss":0},{"damage_healed":0,"gold_gain":0,"player_choice":"Entered Light","damage_taken":14,"max_hp_gain":0,"max_hp_loss":0,"event_name":"Shining Light","floor":5,"gold_loss":0,"cards_upgraded":["Defend_G","Strike_G"]},{"cards_removed":["Defend_G"],"damage_healed":0,"gold_gain":0,"player_choice":"Purged","damage_taken":0,"max_hp_gain":0,"max_hp_loss":0,"event_name":"Purifier","floor":11,"gold_loss":0},{"damage_healed":0,"gold_gain":99,"player_choice":"Stole From Cult","damage_taken":0,"max_hp_gain":0,"max_hp_loss":0,"event_name":"Nest","floor":21,"gold_loss":0},{"damage_healed":0,"gold_gain":0,"player_choice":"Ignored","damage_taken":0,"max_hp_gain":0,"max_hp_loss":0,"event_name":"Ghosts","floor":22,"gold_loss":0}],"is_beta":false,"boss_relics":[{"not_picked":["Velvet Choker","Busted Crown"],"picked":"Ectoplasm"}],"items_purged_floors":[],"is_endless":false,"potions_floor_spawned":[6,13,14,20],"killed_by":"Book of Stabbing","ascension_level":6}}