{"host":"h4lp0eeso8a0ssq0","time":1610518031,"event":{"mods":["2.2 Compatiblity","AchievementEnabler","BaseMod","CapriCore","Colored Map","Minty Spire (QoL Compilation)","StSLib","SuperFastMode"],"gold_per_floor":[113,113,131,143,160,194,194,242,294,109,109,127,139,89,89,187,187,201,216,38,57,57,57,70,96,121,138,152,170,170,170,170,273,273,285,285,299,316,316,328,342,342,365,365,365,53,53,73,73,73],"floor_reached":51,"language":"KOR","playtime":1679,"items_purged":["Strike_R"],"score":723,"play_id":"70a5ebbc-9a06-474b-b63b-99acc4660e1d","local_time":"20210113150711","is_ascension_mode":false,"campfire_choices":[{"data":"Feed","floor":11.0,"key":"SMITH"},{"data":"Blood for Blood","floor":15.0,"key":"SMITH"},{"floor":23.0,"key":"REST"},{"floor":30.0,"key":"REST"},{"floor":32.0,"key":"REST"},{"floor":44.0,"key":"REST"},{"floor":49.0,"key":"REST"}],"circlet_count":0,"master_deck":["Strike_R","Strike_R","Defend_R","Defend_R","Defend_R","Defend_R","Bash","Feed+1","Shrug It Off","Seeing Red","Blood for Blood+1","Battle Trance","Flame Barrier","Evolve","True Grit","Clothesline","Corruption","Sever Soul","Clothesline+1","Whirlwind","Fire Breathing","Reaper","Disarm","Wild Strike","Impervious","Pommel Strike","Flame Barrier+1","Shockwave+1","Hemokinesis+1","Metamorphosis","Mind Blast","Metamorphosis","Carnage+1"],"relics":["Burning Blood","Self Forming Clay","Dream Catcher","Happy Flower","Omamori","Fusion Hammer","TungstenRod","Red Skull","Mark of Pain","Orichalcum","Shovel"],"acts_visited":["Exordium","TheCity","TheBeyond"],"potions_floor_usage":[50,50],"damage_taken":[{"damage":6.0,"enemies":"2 Louse","floor":1.0,"turns":3.0},{"damage":2.0,"enemies":"Jaw Worm","floor":3.0,"turns":5.0},{"damage":0.0,"enemies":"Small Slimes","floor":4.0,"turns":5.0},{"damage":25.0,"enemies":"Exordium Wildlife","floor":5.0,"turns":5.0},{"damage":38.0,"enemies":"Lagavulin","floor":6.0,"turns":7.0},{"damage":7.0,"enemies":"Gremlin Gang","floor":12.0,"turns":5.0},{"damage":8.0,"enemies":"2 Fungi Beasts","floor":13.0,"turns":4.0},{"damage":12.0,"enemies":"The Guardian","floor":16.0,"turns":14.0},{"damage":2.0,"enemies":"Spheric Guardian","floor":18.0,"turns":4.0},{"damage":8.0,"enemies":"Shell Parasite","floor":19.0,"turns":8.0},{"damage":10.0,"enemies":"Centurion and Healer","floor":21.0,"turns":7.0},{"damage":27.0,"enemies":"Shelled Parasite and Fungi","floor":24.0,"turns":6.0},{"damage":66.0,"enemies":"Gremlin Leader","floor":25.0,"turns":7.0},{"damage":19.0,"enemies":"Sentry and Sphere","floor":27.0,"turns":6.0},{"damage":5.0,"enemies":"Snecko","floor":28.0,"turns":3.0},{"damage":17.0,"enemies":"Centurion and Healer","floor":29.0,"turns":4.0},{"damage":77.0,"enemies":"Automaton","floor":33.0,"turns":12.0},{"damage":1.0,"enemies":"Orb Walker","floor":35.0,"turns":4.0},{"damage":15.0,"enemies":"3 Darklings","floor":37.0,"turns":4.0},{"damage":24.0,"enemies":"4 Shapes","floor":38.0,"turns":7.0},{"damage":24.0,"enemies":"Jaw Worm Horde","floor":40.0,"turns":7.0},{"damage":29.0,"enemies":"Spire Growth","floor":41.0,"turns":6.0},{"damage":23.0,"enemies":"3 Darklings","floor":48.0,"turns":5.0},{"damage":79,"enemies":"Awakened One","floor":50,"turns":14}],"seed_played":"3037508186121430367","potions_obtained":[{"floor":3.0,"key":"BlessingOfTheForge"},{"floor":6.0,"key":"Fruit Juice"},{"floor":12.0,"key":"LiquidMemories"},{"floor":16.0,"key":"Dexterity Potion"},{"floor":18.0,"key":"EntropicBrew"},{"floor":25.0,"key":"Ancient Potion"},{"floor":33.0,"key":"SkillPotion"},{"floor":35.0,"key":"SpeedPotion"},{"floor":38.0,"key":"Fire Potion"},{"floor":40.0,"key":"Swift Potion"},{"floor":48.0,"key":"Fire Potion"}],"is_trial":false,"path_per_floor":["M","?","M","M","M","E","?","T","T","$","R","M","M","?","R","B",null,"M","M","$","M","?","R","M","E","T","M","M","M","R","?","R","B",null,"M","?","M","M","?","M","M","?","T","R","?","$","?","M","R","B",null],"character_chosen":"IRONCLAD","items_purchased":["Flame Barrier","Evolve","FairyPotion","Whirlwind","Shovel"],"campfire_rested":5,"item_purchase_floors":[10,10,20,20,46],"current_hp_per_floor":[83,71,78,87,71,47,47,47,47,47,47,50,52,52,52,50,112,116,118,118,118,118,124,107,51,51,42,53,60,102,73,116,72,149,153,153,144,139,157,139,122,157,157,157,148,148,148,131,157,90],"gold":73,"neow_bonus":"ONE_RANDOM_RARE_CARD","is_daily":false,"chose_seed":false,"campfire_upgraded":2,"win_rate":0.0,"timestamp":1610518031,"path_taken":["M","?","M","M","M","E","?","?","T","$","R","M","M","?","R","BOSS","M","M","$","M","?","R","M","E","T","M","M","?","R","?","R","BOSS","M","?","M","M","?","M","M","?","T","R","?","$","?","?","R","BOSS"],"items_purchased_type":["Card","Card","Potion","Card","Relic"],"build_version":"2020-12-22","purchased_purges":1,"victory":true,"max_hp_per_floor":[83,83,86,89,92,100,100,100,100,100,100,104,108,108,108,112,112,116,120,120,124,124,124,128,132,132,136,136,140,140,145,145,149,149,153,153,153,157,157,157,157,157,157,157,157,157,157,157,157,157],"card_choices":[{"not_picked":["Dual Wield","Clothesline"],"picked":"Shrug It Off","floor":1.0},{"not_picked":["Havoc","Armaments"],"picked":"Seeing Red","floor":3.0},{"not_picked":["Heavy Blade","Infernal Blade"],"picked":"Blood for Blood","floor":4.0},{"not_picked":["Bloodletting","Perfected Strike"],"picked":"Battle Trance","floor":5.0},{"not_picked":["Sentinel","Brutality","Twin Strike"],"picked":"SKIP","floor":6.0},{"not_picked":["Anger","Heavy Blade"],"picked":"True Grit","floor":12.0},{"not_picked":["Infernal Blade","Metallicize"],"picked":"Clothesline","floor":13.0},{"not_picked":["Berserk","Limit Break"],"picked":"Corruption","floor":16.0},{"not_picked":["Twin Strike","Thunderclap+1"],"picked":"Sever Soul","floor":18.0},{"not_picked":["Havoc","Warcry"],"picked":"Clothesline+1","floor":19.0},{"not_picked":["Body Slam","Burning Pact"],"picked":"Fire Breathing","floor":21.0},{"not_picked":["Corruption","Heavy Blade","Perfected Strike+1"],"picked":"SKIP","floor":24.0},{"not_picked":["Warcry","Clothesline"],"picked":"Reaper","floor":25.0},{"not_picked":["Body Slam","Clash","Armaments"],"picked":"SKIP","floor":27.0},{"not_picked":["Perfected Strike","Sever Soul","Combust+1"],"picked":"SKIP","floor":28.0},{"not_picked":["Metallicize","Clash"],"picked":"Disarm","floor":29.0},{"not_picked":["Iron Wave","Infernal Blade"],"picked":"Wild Strike","floor":30.0},{"not_picked":["Brutality","Reaper"],"picked":"Impervious","floor":33.0},{"not_picked":["Twin Strike+1","Reckless Charge"],"picked":"Pommel Strike","floor":35.0},{"not_picked":["Anger+1","Perfected Strike"],"picked":"Flame Barrier+1","floor":37.0},{"not_picked":["Armaments","Perfected Strike+1","Pummel"],"picked":"SKIP","floor":38.0},{"not_picked":["Battle Trance","Infernal Blade+1"],"picked":"Shockwave+1","floor":40.0},{"not_picked":["Cleave","Fire Breathing","Wild Strike+1"],"picked":"SKIP","floor":41.0},{"not_picked":["True Grit+1","Sword Boomerang+1"],"picked":"Hemokinesis+1","floor":44.0},{"not_picked":["Secret Weapon","Sadistic Nature"],"picked":"Metamorphosis","floor":45.0},{"not_picked":["Secret Technique","Dark Shackles"],"picked":"Mind Blast","floor":45.0},{"not_picked":["Jack Of All Trades","Forethought"],"picked":"Metamorphosis","floor":45.0},{"not_picked":["Rampage","Wild Strike"],"picked":"Carnage+1","floor":48.0}],"player_experience":148416,"relics_obtained":[{"floor":6.0,"key":"Dream Catcher"},{"floor":8.0,"key":"Happy Flower"},{"floor":9.0,"key":"Omamori"},{"floor":25.0,"key":"TungstenRod"},{"floor":26.0,"key":"Red Skull"},{"floor":43.0,"key":"Orichalcum"}],"event_choices":[{"damage_healed":0.0,"max_hp_gain":0.0,"max_hp_loss":0.0,"gold_gain":0.0,"event_name":"Scrap Ooze","player_choice":"Success","floor":2.0,"gold_loss":0.0,"damage_taken":12.0,"relics_obtained":["Self Forming Clay"]},{"cards_removed":["Strike_R"],"damage_healed":0.0,"max_hp_gain":0.0,"max_hp_loss":0.0,"gold_gain":0.0,"event_name":"Living Wall","player_choice":"Forget","floor":7.0,"gold_loss":0.0,"damage_taken":0.0},{"cards_removed":["Strike_R"],"damage_healed":0.0,"max_hp_gain":0.0,"max_hp_loss":0.0,"gold_gain":0.0,"event_name":"The Cleric","player_choice":"Card Removal","floor":14.0,"gold_loss":50.0,"damage_taken":0.0},{"damage_healed":0.0,"max_hp_gain":0.0,"max_hp_loss":0.0,"gold_gain":0.0,"event_name":"Match and Keep!","player_choice":"0 cards matched","floor":22.0,"gold_loss":0.0,"damage_taken":0.0,"cards_obtained":[]},{"damage_healed":0.0,"max_hp_gain":5.0,"max_hp_loss":0.0,"gold_gain":0.0,"event_name":"Forgotten Altar","player_choice":"Shed Blood","floor":31.0,"gold_loss":0.0,"damage_taken":35.0},{"damage_healed":0.0,"max_hp_gain":0.0,"max_hp_loss":0.0,"gold_gain":0.0,"event_name":"Tomb of Lord Red Mask","player_choice":"Ignored","floor":36.0,"gold_loss":0.0,"damage_taken":0.0},{"damage_healed":39.0,"max_hp_gain":0.0,"max_hp_loss":0.0,"gold_gain":0.0,"event_name":"Winding Halls","player_choice":"Writhe","floor":39.0,"gold_loss":0.0,"damage_taken":0.0,"cards_obtained":["Writhe"]},{"damage_healed":35.0,"max_hp_gain":0.0,"max_hp_loss":0.0,"gold_gain":0.0,"event_name":"MindBloom","player_choice":"Heal","floor":42.0,"gold_loss":0.0,"damage_taken":0.0,"cards_obtained":["Doubt"]},{"damage_healed":0.0,"max_hp_gain":0.0,"max_hp_loss":0.0,"gold_gain":0.0,"event_name":"SensoryStone","player_choice":"Memory 3","floor":45.0,"gold_loss":0.0,"damage_taken":10.0},{"damage_healed":0.0,"max_hp_gain":0.0,"max_hp_loss":0.0,"gold_gain":0.0,"event_name":"Mysterious Sphere","player_choice":"Ignored","floor":47.0,"gold_loss":0.0,"damage_taken":0.0}],"is_beta":false,"boss_relics":[{"not_picked":["Pandora\u0027s Box","Runic Pyramid"],"picked":"Fusion Hammer"},{"not_picked":["Coffee Dripper","SacredBark"],"picked":"Mark of Pain"}],"items_purged_floors":[10],"is_endless":false,"potions_floor_spawned":[3,6,12,16,18,25,33,35,38,40,48],"ascension_level":0}}