{"host":"4udtejx3ummmwg8f","time":1610522873,"event":{"mods":["BaseMod","Minty Spire (QoL Compilation)"],"gold_per_floor":[110,60,75,89,99,99,129,129,153,153,185,460,470,490,490,587,587,597,607,366,384,215,215,215,241,292,302,315,347,347,447,447,447,447],"floor_reached":33,"language":"ENG","playtime":2399,"items_purged":["Regret","Strike_R"],"score":324,"play_id":"fec76140-a63b-404c-afc1-d695e810755e","local_time":"20210113175753","is_ascension_mode":false,"campfire_choices":[{"data":"Rampage","floor":6,"key":"SMITH"},{"floor":8,"key":"REST"},{"data":"Flex","floor":10,"key":"SMITH"},{"floor":15,"key":"REST"},{"floor":23,"key":"REST"},{"floor":30,"key":"REST"},{"floor":32,"key":"REST"}],"circlet_count":0,"master_deck":["Strike_R","Strike_R","Strike_R","Defend_R","Defend_R","Defend_R","Bash","Rampage+1","Reckless Charge","Battle Trance","Perfected Strike","Pommel Strike","Clothesline","Flex+1","Dropkick","Inflame","Thunderclap","Berserk","Sword Boomerang","Shrug It Off+1","Rage","Good Instincts","Shrug It Off+1","Rage","Fiend Fire","Seeing Red+1","Dual Wield+1","Inflame+1","Fire Breathing+1"],"relics":["Burning Blood","Bronze Scales","Toy Ornithopter","Red Skull","Black Star","Regal Pillow","Bottled Tornado","Vajra","Frozen Egg 2","Question Card","WingedGreaves","InkBottle"],"acts_visited":["Exordium","TheCity"],"potions_floor_usage":[7,24,25,27,29,29],"damage_taken":[{"damage":1,"enemies":"Jaw Worm","floor":1,"turns":3},{"damage":4,"enemies":"2 Louse","floor":3,"turns":3},{"damage":1,"enemies":"Cultist","floor":4,"turns":3},{"damage":0,"enemies":"2 Fungi Beasts","floor":5,"turns":2},{"damage":21,"enemies":"Lagavulin","floor":7,"turns":5},{"damage":0,"enemies":"Gremlin Nob","floor":11,"turns":2},{"damage":15,"enemies":"3 Louse","floor":13,"turns":2},{"damage":13,"enemies":"Looter","floor":14,"turns":2},{"damage":67,"enemies":"The Guardian","floor":16,"turns":8},{"damage":35,"enemies":"Shell Parasite","floor":18,"turns":4},{"damage":27,"enemies":"2 Thieves","floor":19,"turns":4},{"damage":17,"enemies":"Shelled Parasite and Fungi","floor":21,"turns":3},{"damage":0,"enemies":"Snake Plant","floor":24,"turns":1},{"damage":20,"enemies":"Book of Stabbing","floor":25,"turns":5},{"damage":16,"enemies":"Cultist and Chosen","floor":27,"turns":5},{"damage":27,"enemies":"3 Cultists","floor":28,"turns":4},{"damage":27,"enemies":"Gremlin Leader","floor":29,"turns":5},{"damage":18,"enemies":"Colosseum Slavers","floor":31,"turns":4},{"damage":45,"enemies":"Colosseum Nobs","floor":31,"turns":4},{"damage":69,"enemies":"Automaton","floor":33,"turns":6}],"seed_played":"-2046921161888185207","potions_obtained":[{"floor":1,"key":"SmokeBomb"},{"floor":3,"key":"Weak Potion"},{"floor":16,"key":"BloodPotion"},{"floor":21,"key":"LiquidMemories"},{"floor":25,"key":"LiquidMemories"},{"floor":27,"key":"SteroidPotion"}],"is_trial":false,"path_per_floor":["M","?","M","M","M","R","E","R","T","R","E","?","M","M","R","B",null,"M","M","$","M","$","R","M","E","T","M","M","E","R","?","R","B"],"character_chosen":"IRONCLAD","items_purchased":["Rage","Good Instincts","Rage"],"campfire_rested":5,"item_purchase_floors":[20,20,22],"current_hp_per_floor":[80,80,80,80,80,80,65,80,80,80,80,80,71,64,80,19,80,51,30,30,19,19,43,54,45,45,40,19,24,63,12,51,0,0],"gold":447,"neow_bonus":"TRANSFORM_TWO_CARDS","is_daily":false,"chose_seed":false,"campfire_upgraded":2,"win_rate":0.0,"timestamp":1610522873,"path_taken":["M","?","M","M","M","R","E","R","T","R","E","?","M","M","R","BOSS","M","M","$","M","?","R","M","E","T","M","M","E","R","?","R","BOSS"],"items_purchased_type":["Card","Card","Card"],"build_version":"2020-12-22","purchased_purges":2,"victory":false,"max_hp_per_floor":[80,80,80,80,80,80,80,80,80,80,80,80,80,80,80,80,80,80,80,80,80,80,80,80,80,80,80,80,80,80,80,80,80,80],"card_choices":[{"not_picked":["Pommel Strike","Rampage"],"picked":"Battle Trance","floor":1},{"not_picked":["Headbutt","Battle Trance"],"picked":"Perfected Strike","floor":3},{"not_picked":["Clothesline","Seeing Red"],"picked":"Pommel Strike","floor":4},{"not_picked":["Warcry","Feel No Pain"],"picked":"Clothesline","floor":5},{"not_picked":["Anger","Iron Wave"],"picked":"Flex","floor":7},{"not_picked":["Fire Breathing","Armaments"],"picked":"Dropkick","floor":11},{"not_picked":["Body Slam","Heavy Blade"],"picked":"Inflame","floor":13},{"not_picked":["Twin Strike","Carnage"],"picked":"Thunderclap","floor":14},{"not_picked":["Offering","Immolate"],"picked":"Berserk","floor":16},{"not_picked":["Clash","Thunderclap"],"picked":"Sword Boomerang","floor":18},{"not_picked":["Clothesline","Hemokinesis"],"picked":"Shrug It Off+1","floor":19},{"not_picked":["Wild Strike","Pommel Strike"],"picked":"Shrug It Off+1","floor":21},{"not_picked":["Havoc","Perfected Strike"],"picked":"Fiend Fire","floor":25},{"not_picked":["Perfected Strike","Entrench"],"picked":"Seeing Red+1","floor":27},{"not_picked":["Rage","Anger"],"picked":"Dual Wield+1","floor":28},{"not_picked":["Rupture+1","Burning Pact"],"picked":"Inflame+1","floor":29},{"not_picked":["Bloodletting","True Grit","Perfected Strike"],"picked":"Fire Breathing+1","floor":31}],"player_experience":54809,"relics_obtained":[{"floor":7,"key":"Bronze Scales"},{"floor":9,"key":"Toy Ornithopter"},{"floor":11,"key":"Red Skull"},{"floor":25,"key":"Regal Pillow"},{"floor":25,"key":"Bottled Tornado"},{"floor":26,"key":"Vajra"},{"floor":29,"key":"Frozen Egg 2"},{"floor":29,"key":"Question Card"},{"floor":31,"key":"WingedGreaves"},{"floor":31,"key":"InkBottle"}],"event_choices":[{"cards_removed":["Writhe"],"damage_healed":0,"gold_gain":0,"player_choice":"Card Removal","damage_taken":0,"max_hp_gain":0,"max_hp_loss":0,"event_name":"The Cleric","floor":2,"gold_loss":50},{"damage_healed":0,"gold_gain":275,"player_choice":"Desecrate","damage_taken":0,"max_hp_gain":0,"max_hp_loss":0,"event_name":"Golden Shrine","floor":12,"gold_loss":0,"cards_obtained":["Regret"]},{"damage_healed":0,"gold_gain":0,"player_choice":"Fight","damage_taken":0,"max_hp_gain":0,"max_hp_loss":0,"event_name":"Colosseum","floor":31,"gold_loss":0},{"damage_healed":0,"gold_gain":0,"player_choice":"Fought Nobs","damage_taken":0,"max_hp_gain":0,"max_hp_loss":0,"event_name":"Colosseum","floor":31,"gold_loss":0}],"is_beta":false,"boss_relics":[{"not_picked":["Coffee Dripper","Philosopher\u0027s Stone"],"picked":"Black Star"}],"items_purged_floors":[20,22],"is_endless":false,"potions_floor_spawned":[1,3,16,21,24,25,27,31],"killed_by":"Automaton","ascension_level":0}}