{"host":"dtvgc7uk609653br","time":1610500995,"event":{"mods":["BaseMod","Minty Spire (QoL Compilation)","Shade Mod","StSLib","The Druid"],"gold_per_floor":[111,36,36,53,53,81,81,29,29,56,56,87,105,118,118,213,213,223,138,157,57,57,57,92,92,168,200,200,211,224,252,252,357,357,374,374,24,38,38,38,63,63,87,98,98,148,148,148,148,148],"floor_reached":51,"language":"ENG","playtime":1887,"items_purged":["Shade:Strike_Shade","Shade:Strike_Shade","Shade:LoseControl"],"score":747,"play_id":"9e8dc2a6-6ed3-4f0c-bccd-bba724aa8a4c","local_time":"20210112202315","is_ascension_mode":false,"campfire_choices":[{"floor":7,"key":"REST"},{"floor":11,"key":"REST"},{"data":"Shade:SkeletonArmy","floor":15,"key":"SMITH"},{"floor":23,"key":"REST"},{"floor":25,"key":"REST"},{"data":"Shade:FreshBones","floor":28,"key":"SMITH"},{"floor":32,"key":"REST"},{"floor":40,"key":"REST"},{"data":"Shade:FreshBones","floor":47,"key":"SMITH"},{"data":"Shade:PressTheAttack","floor":49,"key":"SMITH"}],"circlet_count":0,"master_deck":["Shade:Strike_Shade","Shade:Strike_Shade","Shade:Defend_Shade","Shade:Defend_Shade+1","Shade:Defend_Shade","Shade:Defend_Shade+1","Shade:AnimateDead+1","Shade:FreshBones+1","Shade:SkeletonArmy+1","Shade:FreshBones+1","Shade:CommandSoldier","Shade:FleshLikeOak","Shade:GraveStillness","Shade:FleshLikeOak","Necronomicurse","Clumsy","Shade:PressTheAttack+1","Shade:LastGasp","Shade:Coordination","Parasite"],"relics":["Shade:YorickSkull","Meat on the Bone","Happy Flower","Lantern","Toy Ornithopter","Cursed Key","Strawberry","Necronomicon","Blood Vial","White Beast Statue","Ice Cream","Anchor","SacredBark","Sling","Pocketwatch","Potion Belt","CaptainsWheel"],"acts_visited":["Exordium","TheCity","TheBeyond"],"potions_floor_usage":[16,16,27,27,31,33,41,50,50,50,50],"damage_taken":[{"damage":0,"enemies":"Small Slimes","floor":1,"turns":3},{"damage":0,"enemies":"2 Louse","floor":4,"turns":2},{"damage":15,"enemies":"3 Sentries","floor":6,"turns":5},{"damage":30,"enemies":"Gremlin Nob","floor":10,"turns":4},{"damage":10,"enemies":"3 Sentries","floor":12,"turns":4},{"damage":3,"enemies":"Jaw Worm","floor":13,"turns":2},{"damage":0,"enemies":"Looter","floor":14,"turns":3},{"damage":27,"enemies":"Hexaghost","floor":16,"turns":6},{"damage":12,"enemies":"Spheric Guardian","floor":18,"turns":4},{"damage":0,"enemies":"Chosen","floor":20,"turns":2},{"damage":23,"enemies":"Book of Stabbing","floor":24,"turns":5},{"damage":16,"enemies":"Slavers","floor":27,"turns":5},{"damage":11,"enemies":"Centurion and Healer","floor":29,"turns":5},{"damage":0,"enemies":"Snake Plant","floor":30,"turns":3},{"damage":10,"enemies":"Book of Stabbing","floor":31,"turns":4},{"damage":34,"enemies":"Collector","floor":33,"turns":7},{"damage":5,"enemies":"3 Darklings","floor":35,"turns":5},{"damage":24,"enemies":"3 Shapes","floor":38,"turns":6},{"damage":44,"enemies":"Reptomancer","floor":41,"turns":6},{"damage":5,"enemies":"Spire Growth","floor":44,"turns":5},{"damage":0,"enemies":"Mind Bloom Boss Battle","floor":46,"turns":6},{"damage":40,"enemies":"Time Eater","floor":50,"turns":8}],"seed_played":"1587426314259387814","potions_obtained":[{"floor":10,"key":"Regen Potion"},{"floor":12,"key":"Ancient Potion"},{"floor":14,"key":"SkillPotion"},{"floor":16,"key":"Strength Potion"},{"floor":20,"key":"Weak Potion"},{"floor":27,"key":"FearPotion"},{"floor":29,"key":"SneckoOil"},{"floor":30,"key":"FairyPotion"},{"floor":31,"key":"LiquidBronze"},{"floor":33,"key":"LiquidBronze"},{"floor":35,"key":"DuplicationPotion"},{"floor":38,"key":"PowerPotion"},{"floor":41,"key":"Block Potion"},{"floor":44,"key":"Ancient Potion"},{"floor":46,"key":"Fire Potion"}],"is_trial":false,"path_per_floor":["M","$","?","M","?","E","R","$","T","E","R","E","M","M","R","B",null,"M","?","M","$","?","R","E","R","T","E","R","M","M","E","R","B",null,"M","?","$","M","?","R","E","$","T","M","$","?","R","?","R","B",null],"character_chosen":"SHADE","items_purchased":["Shade:FreshBones","Shade:Coordination","Sling"],"campfire_rested":6,"item_purchase_floors":[8,37,37],"current_hp_per_floor":[65,65,52,52,52,37,56,56,56,38,57,47,44,44,44,42,65,53,60,60,60,44,65,42,63,63,56,56,47,49,46,67,38,72,67,67,67,44,44,64,36,36,36,45,45,47,47,47,47,41],"gold":148,"neow_bonus":"UPGRADE_CARD","is_daily":false,"chose_seed":false,"campfire_upgraded":4,"win_rate":0.0,"timestamp":1610500995,"path_taken":["M","$","?","M","?","E","R","$","T","E","R","E","M","M","R","BOSS","M","?","M","$","?","R","E","R","T","E","R","M","M","E","R","BOSS","M","?","$","M","?","R","E","?","T","?","$","?","R","?","R","BOSS"],"items_purchased_type":["Card","Card","Relic"],"build_version":"2020-12-22","purchased_purges":3,"victory":true,"max_hp_per_floor":[65,65,65,65,65,65,65,65,65,65,65,65,65,65,65,65,65,65,72,72,72,72,72,72,72,72,72,72,72,72,72,72,72,72,72,68,68,68,68,68,68,68,68,68,68,68,68,68,68,68],"card_choices":[{"not_picked":["Shade:AncientSpear","Shade:ScuttlingHand"],"picked":"Shade:FreshBones","floor":1},{"not_picked":["Shade:Premonition","Shade:GoDigging"],"picked":"Shade:SkeletonArmy","floor":4},{"not_picked":["Shade:Consume","Shade:GreyBargain","Shade:Brains"],"picked":"SKIP","floor":6},{"not_picked":["Shade:CoffinDance","Shade:CallWraith"],"picked":"Shade:CommandSoldier","floor":10},{"not_picked":["Shade:Frenzy","Shade:FleshToFlesh","Shade:Premonition"],"picked":"SKIP","floor":12},{"not_picked":["Shade:SpontaneousRitual","Shade:CoffinDance","Shade:SpectralStrikes"],"picked":"SKIP","floor":13},{"not_picked":["Shade:MadHubris","Shade:SkeletonHug","Shade:FleshLikeOak"],"picked":"SKIP","floor":14},{"not_picked":["Shade:MadHubris","Shade:SkeletonHug"],"picked":"Shade:FleshLikeOak","floor":14},{"not_picked":["Shade:Tombstone","Shade:OfferingToTheBeyond"],"picked":"Shade:LoseControl","floor":16},{"not_picked":["Shade:ClawBack","Shade:FingerOfDeath+1"],"picked":"Shade:GraveStillness","floor":18},{"not_picked":["Shade:Asphyxiate","Shade:GoDigging+1"],"picked":"Shade:FleshLikeOak","floor":20},{"not_picked":["Shade:SpontaneousRitual","Shade:Trample+1","Shade:RitualOffering"],"picked":"SKIP","floor":24},{"not_picked":["Shade:AncientSpear","Shade:Haruspicy+1","Shade:Premonition"],"picked":"SKIP","floor":27},{"not_picked":["Shade:CommandSoldier","Shade:Premonition","Shade:FingerOfDeath"],"picked":"SKIP","floor":29},{"not_picked":["Shade:ClawBack+1","Shade:PotionOfRestlessness+1","Shade:CoffinDance"],"picked":"SKIP","floor":30},{"not_picked":["Shade:ClawBack+1","Shade:PotionOfRestlessness+1","Shade:CoffinDance"],"picked":"SKIP","floor":30},{"not_picked":["Shade:FingerOfDeath","Shade:CloudOfShrapnel"],"picked":"Shade:PressTheAttack","floor":31},{"not_picked":["Shade:UnbarTheGrave","Shade:OneIsEnough"],"picked":"Shade:LastGasp","floor":33},{"not_picked":["Shade:CoffinDance","Shade:GraveStillness","Shade:BoneShards"],"picked":"SKIP","floor":35},{"not_picked":["Shade:PotionOfRestlessness+1","Shade:ExtraLimbs+1","Shade:AncientSpear+1"],"picked":"SKIP","floor":38},{"not_picked":["Shade:Brains","Shade:CommandSoldier+1","Shade:ClawBack+1"],"picked":"SKIP","floor":41},{"not_picked":["Shade:RitualOffering+1","Shade:FreshBones","Shade:WallOfFlesh"],"picked":"SKIP","floor":44}],"player_experience":523126,"relics_obtained":[{"floor":6,"key":"Meat on the Bone"},{"floor":9,"key":"Happy Flower"},{"floor":10,"key":"Lantern"},{"floor":12,"key":"Toy Ornithopter"},{"floor":22,"key":"Necronomicon"},{"floor":24,"key":"Blood Vial"},{"floor":26,"key":"White Beast Statue"},{"floor":27,"key":"Ice Cream"},{"floor":31,"key":"Anchor"},{"floor":41,"key":"Pocketwatch"},{"floor":43,"key":"Potion Belt"},{"floor":46,"key":"CaptainsWheel"}],"event_choices":[{"damage_healed":0,"gold_gain":0,"player_choice":"Entered Light","damage_taken":13,"max_hp_gain":0,"max_hp_loss":0,"event_name":"Shining Light","floor":3,"gold_loss":0,"cards_upgraded":["Shade:Defend_Shade","Shade:Defend_Shade"]},{"damage_healed":0,"gold_gain":0,"player_choice":"Ignored","damage_taken":0,"max_hp_gain":0,"max_hp_loss":0,"event_name":"Golden Idol","floor":5,"gold_loss":0},{"damage_healed":0,"gold_gain":0,"player_choice":"Obtained Relic","damage_taken":0,"relics_obtained":["Strawberry"],"max_hp_gain":0,"max_hp_loss":0,"event_name":"Addict","floor":19,"gold_loss":85},{"damage_healed":0,"gold_gain":0,"player_choice":"Obtained Book","damage_taken":16,"max_hp_gain":0,"max_hp_loss":0,"event_name":"Cursed Tome","floor":22,"gold_loss":0},{"damage_healed":0,"gold_gain":0,"player_choice":"Max HP","damage_taken":0,"max_hp_gain":0,"max_hp_loss":4,"event_name":"Winding Halls","floor":36,"gold_loss":0},{"cards_removed":["Shade:CarefulCut"],"damage_healed":0,"gold_gain":0,"player_choice":"Removed Attack","damage_taken":0,"max_hp_gain":0,"max_hp_loss":0,"event_name":"Falling","floor":39,"gold_loss":0},{"damage_healed":0,"gold_gain":0,"player_choice":"Fight","damage_taken":0,"max_hp_gain":0,"max_hp_loss":0,"event_name":"MindBloom","floor":46,"gold_loss":0},{"damage_healed":0,"gold_gain":0,"player_choice":"Ignored","damage_taken":0,"max_hp_gain":0,"max_hp_loss":0,"event_name":"SecretPortal","floor":48,"gold_loss":0}],"is_beta":false,"boss_relics":[{"not_picked":["Velvet Choker","Shade:YorickPolishedSkull"],"picked":"Cursed Key"},{"not_picked":["Coffee Dripper","Runic Pyramid"],"picked":"SacredBark"}],"items_purged_floors":[2,21,37],"is_endless":false,"potions_floor_spawned":[10,12,14,16,20,24,27,29,30,31,33,35,38,41,44,46],"ascension_level":0}}