{"host":"jnjxzd6rarbui4j8","time":1610563904,"event":{"mods":["AchievementEnabler","BaseMod","Colored Map","Highlight Path","Minty Spire (QoL Compilation)","Relic Stats","StSLib"],"gold_per_floor":[110,124,49,61,79,79,97,127,127,127,127,127],"floor_reached":11,"language":"ENG","playtime":814,"items_purged":[],"score":150,"play_id":"1d5b426a-ef28-4956-a488-043bf66d4d12","local_time":"20210113135144","is_ascension_mode":true,"campfire_choices":[{"data":"Crippling Poison","floor":6,"key":"SMITH"},{"floor":10,"key":"REST"}],"circlet_count":0,"master_deck":["AscendersBane","Strike_G","Strike_G","Strike_G","Strike_G","Defend_G","Defend_G","Defend_G","Defend_G","Defend_G","Survivor","Neutralize","Dagger Spray","Crippling Poison+1","Blade Dance","Leg Sweep","Caltrops","Backflip"],"relics":["Sozu","Pantograph","Gremlin Horn"],"acts_visited":["Exordium"],"potions_floor_usage":[],"damage_taken":[{"damage":3,"enemies":"2 Louse","floor":1,"turns":4},{"damage":0,"enemies":"Small Slimes","floor":2,"turns":3},{"damage":4,"enemies":"Cultist","floor":4,"turns":4},{"damage":0,"enemies":"Looter","floor":5,"turns":4},{"damage":0,"enemies":"Exordium Wildlife","floor":7,"turns":3},{"damage":46,"enemies":"Gremlin Nob","floor":8,"turns":6},{"damage":26,"enemies":"Lagavulin","floor":11,"turns":9}],"seed_played":"6063871156363657856","potions_obtained":[],"is_trial":false,"path_per_floor":["M","M","?","M","M","R","M","E","T","R","E"],"character_chosen":"THE_SILENT","items_purchased":[],"campfire_rested":1,"item_purchase_floors":[],"current_hp_per_floor":[56,56,56,52,52,52,52,6,6,25,0,0],"gold":127,"neow_bonus":"BOSS_RELIC","is_daily":false,"chose_seed":false,"campfire_upgraded":1,"win_rate":0.0,"timestamp":1610563904,"path_taken":["M","M","?","M","M","R","M","E","T","R","E"],"items_purchased_type":[],"build_version":"2020-12-22","purchased_purges":0,"victory":false,"max_hp_per_floor":[66,66,66,66,66,66,66,66,66,66,66,66],"relic_stats":{"Sozu":1,"Gremlin Horn":[0,0],"counters":[7,33],"Pantograph":0,"obtain_stats":[{"Sozu":0,"Gremlin Horn":9,"Pantograph":8,"Ring of the Snake":0},{"Sozu":0,"Gremlin Horn":6,"Pantograph":6,"Ring of the Snake":0},{"Sozu":0,"Gremlin Horn":24,"Pantograph":24,"Ring of the Snake":0}]},"card_choices":[{"not_picked":["Dagger Throw","Bane"],"picked":"Dagger Spray","floor":1},{"not_picked":["Dash","Backflip"],"picked":"Crippling Poison","floor":2},{"not_picked":["Bane","Accuracy"],"picked":"Blade Dance","floor":4},{"not_picked":["Choke","Backflip"],"picked":"Leg Sweep","floor":5},{"not_picked":["Distraction","Deflect"],"picked":"Caltrops","floor":7},{"not_picked":["All Out Attack","Caltrops"],"picked":"Backflip","floor":8}],"player_experience":2421607,"relics_obtained":[{"floor":8,"key":"Pantograph"},{"floor":9,"key":"Gremlin Horn"}],"event_choices":[{"cards_removed":["Strike_G"],"damage_healed":0,"gold_gain":0,"player_choice":"Card Removal","damage_taken":0,"max_hp_gain":0,"max_hp_loss":0,"event_name":"The Cleric","floor":3,"gold_loss":75}],"is_beta":false,"boss_relics":[],"items_purged_floors":[],"is_endless":false,"potions_floor_spawned":[5],"killed_by":"Lagavulin","ascension_level":20}}