{"host":"oehe2dxjvdgux73m","time":1610550426,"event":{"mods":["AchievementEnabler","BaseMod","Colored Map","Colored Powertips","DeckTracker","Keyboard Shortcuts","Minty Spire (QoL Compilation)","Permanent Neow","Quick Restart","StSLib","SuperFastMode"],"gold_per_floor":[114,114,132,21,21,65,65,65,65],"floor_reached":8,"language":"KOR","playtime":299,"items_purged":["Strike_G"],"score":86,"play_id":"bc2b60f4-d22f-45ff-b683-0c956a044b4d","local_time":"20210114000706","is_ascension_mode":true,"campfire_choices":[],"circlet_count":0,"master_deck":["AscendersBane","Strike_G","Strike_G","Defend_G","Defend_G","Defend_G","Defend_G","Defend_G","Survivor","Neutralize","Dagger Throw","Slice","Blur"],"relics":["Ring of the Snake","Golden Idol","Happy Flower"],"acts_visited":["Exordium"],"potions_floor_usage":[6,8,8],"damage_taken":[{"damage":3.0,"enemies":"Jaw Worm","floor":1.0,"turns":6.0},{"damage":4.0,"enemies":"Small Slimes","floor":3.0,"turns":4.0},{"damage":31,"enemies":"3 Sentries","floor":6,"turns":15},{"damage":32,"enemies":"Lagavulin","floor":8,"turns":8}],"seed_played":"5516417932435267052","potions_obtained":[{"floor":1.0,"key":"LiquidBronze"},{"floor":3.0,"key":"PowerPotion"},{"floor":6,"key":"Swift Potion"}],"is_trial":false,"path_per_floor":["M","?","M","$","?","E","$","E"],"character_chosen":"THE_SILENT","items_purchased":["Blur"],"campfire_rested":0,"item_purchase_floors":[4],"current_hp_per_floor":[60,65,61,61,61,30,30,0,0],"gold":65,"neow_bonus":"REMOVE_TWO","is_daily":false,"chose_seed":false,"campfire_upgraded":0,"win_rate":0.0,"timestamp":1610550426,"path_taken":["M","?","M","$","?","E","$","E"],"items_purchased_type":["Card"],"build_version":"2020-12-22","purchased_purges":1,"victory":false,"max_hp_per_floor":[63,68,68,68,63,63,63,63,63],"card_choices":[{"not_picked":["Quick Slash","Acrobatics"],"picked":"Dagger Throw","floor":1.0},{"not_picked":["Eviscerate","Poisoned Stab"],"picked":"Slice","floor":3.0},{"not_picked":["Deflect","Bane","Setup"],"picked":"SKIP","floor":6}],"player_experience":163378,"relics_obtained":[{"floor":6,"key":"Happy Flower"}],"event_choices":[{"damage_healed":0.0,"max_hp_gain":5.0,"max_hp_loss":0.0,"gold_gain":0.0,"event_name":"Big Fish","player_choice":"Donut","floor":2.0,"gold_loss":0.0,"damage_taken":0.0},{"damage_healed":0.0,"max_hp_gain":0.0,"max_hp_loss":5.0,"gold_gain":0.0,"event_name":"Golden Idol","player_choice":"Lose Max HP","floor":5.0,"gold_loss":0.0,"damage_taken":0.0,"relics_obtained":["Golden Idol"]}],"is_beta":false,"boss_relics":[],"items_purged_floors":[4],"is_endless":false,"potions_floor_spawned":[1,3,6],"killed_by":"Lagavulin","ascension_level":12}}