{"host":"k67zwea37tbl4jhz","time":1610511060,"event":{"mods":["AchievementEnabler","Aspiration","BaseMod","Better Altar","Better Match","Better Sensory Stone","Better Skull","Better Third Choice","BetterRewards","CCEM","Clawfect","Colored Map","Conspire","Downfall","GifTheSpireLib","Googly Eyes","Halation","Highlight Path","Mimic Mod","Minty Spire (QoL Compilation)","Permanent Neow","Replay The Spire","Shop Mod","Spicy Shops","StSLib","Stuff the Spire","Unceasing Turn Reminder","everything is the same but u backflip on backflip"],"gold_per_floor":[99,115,127,172,8,8,8,8,27,27,44,44,58,58,74,175,175,100,100,100,85,109,34,34,51,77,77,90,108,108,119,132,236,236,236,253,271,271,1,1,1,1,19,19,19,19,19,19,19],"floor_reached":47,"language":"ENG","playtime":2553,"items_purged":["ReplayTheSpireMod:Splinters"],"score":508,"play_id":"8365dfe7-c59d-4454-b2df-ab415cc2de46","local_time":"20210112231100","is_ascension_mode":false,"campfire_choices":[{"floor":1,"key":"RECALL"},{"data":"hexamod:HeatShield","floor":12,"key":"SMITH"},{"data":"hexamod:ApocalypticArmor","floor":18,"key":"SMITH"},{"data":"RitualDagger","floor":23,"key":"SMITH"},{"floor":30,"key":"REST"}],"circlet_count":0,"master_deck":["hexamod:Strike+1","hexamod:Strike+1","hexamod:Strike","hexamod:Defend","hexamod:Defend+1","hexamod:Sear","hexamod:Float+1","hexamod:RadiantFlame","hexamod:FastForward+1","hexamod:HeatShield+1","hexamod:SuperheatedStrike+1","Regret","hexamod:FirstSeal","hexamod:Incineration","hexamod:ExtraCrispy","hexamod:ApocalypticArmor+1","RitualDagger+1","hexamod:VolcanoVisage","Replay:UnknownCurse","Slimebound:Icky","Injury","hexamod:BurningTouch+1","hexamod:ThermalTransfer+1","hexamod:HeatMetal+1"],"relics":["hexamod:SpiritBrand","Whetstone","Singing Bowl","Blue Doll","halation:ForbiddenBikini","downfall:HeartBlessingRed","downfall:HeartBlessingBlue","halation:KoshaPiece","Nloth\u0027s Gift","Replay:Ancient Bell","Juzu Bracelet","CCEMRelics:WhiteRose","halation:SwordOfLegend","halation:EternalFortune","CCEMRelics:CocoNut","halation:YellowSoulGem","StuffTheSpire:EmeraldSignet","halation:PapillonHeart"],"acts_visited":["Exordium","TheCity","TheBeyond"],"potions_floor_usage":[],"damage_taken":[{"damage":0,"enemies":"2 Louse","floor":2,"turns":3},{"damage":0,"enemies":"Cultist","floor":3,"turns":3},{"damage":0,"enemies":"downfall:FleeingMerchant","floor":5,"turns":4},{"damage":0,"enemies":"Small Slimes","floor":9,"turns":2},{"damage":10,"enemies":"2 Fungi Beasts","floor":11,"turns":3},{"damage":3,"enemies":"Blue Slaver","floor":13,"turns":3},{"damage":10,"enemies":"Large Slime","floor":15,"turns":5},{"damage":24,"enemies":"downfall:Watcher","floor":16,"turns":9},{"damage":2,"enemies":"downfall:FleeingMerchant","floor":21,"turns":4},{"damage":5,"enemies":"Chosen","floor":25,"turns":3},{"damage":42,"enemies":"Slavers","floor":26,"turns":7},{"damage":24,"enemies":"3 Byrds","floor":28,"turns":5},{"damage":21,"enemies":"Centurion and Healer","floor":29,"turns":4},{"damage":6,"enemies":"Snecko","floor":31,"turns":4},{"damage":25,"enemies":"Chosen and Byrds","floor":32,"turns":7},{"damage":27,"enemies":"downfall:Defect","floor":33,"turns":8},{"damage":25,"enemies":"Orb Walker","floor":36,"turns":4},{"damage":61,"enemies":"3 Darklings","floor":37,"turns":5},{"damage":1,"enemies":"downfall:FleeingMerchant","floor":39,"turns":4},{"damage":52,"enemies":"Writhing Mass","floor":43,"turns":4},{"damage":42,"enemies":"Maw","floor":47,"turns":5}],"seed_played":"-1744314831954504862","potions_obtained":[{"floor":2,"key":"Flashbang"},{"floor":3,"key":"DuplicationPotion"},{"floor":4,"key":"Flashbang"},{"floor":36,"key":"FairyPotion"},{"floor":43,"key":"Energy Potion"}],"is_trial":false,"path_per_floor":["R","M","M","?","$","?","T","?","M","?","M","R","M","?","M","B",null,"R","?","?","$","T","R","T","M","E","?","M","M","R","M","M","B",null,"R_BF","M","M","?","$","?","T","R","M","?","?","R","M"],"character_chosen":"THE_SPIRIT","items_purchased":["Whetstone","CCEMRelics:CocoNut"],"campfire_rested":1,"item_purchase_floors":[5,39],"current_hp_per_floor":[63,63,63,63,63,63,63,63,65,58,50,50,54,47,44,27,67,67,67,61,68,68,78,78,81,48,48,33,21,47,50,34,14,97,96,71,17,20,33,33,33,39,32,32,32,35,0,0,0],"gold":19,"neow_bonus":"REMOVE_TWO","is_daily":false,"chose_seed":false,"campfire_upgraded":3,"win_rate":0.0,"timestamp":1610511060,"path_taken":["R","M","M","?","?","?","T","?","M","?","?","R","M","?","M","BOSS","R","?","?","$","?","R","T","M","E","?","M","M","R","M","M","BOSS","R_BF","M","M","?","$","?","T","R","M","?","?","R","M"],"items_purchased_type":["Relic","Relic"],"build_version":"2020-12-22","purchased_purges":1,"victory":false,"max_hp_per_floor":[63,63,63,63,63,63,63,63,65,65,67,67,67,67,67,67,67,67,67,67,69,69,79,79,81,83,83,85,87,87,89,91,91,97,97,97,97,100,107,107,107,107,107,107,102,102,102,102,102],"card_choices":[{"not_picked":["hexamod:NecessarySacrifice","hexamod:ShieldOfDarkness","hexamod:RecurringNightmare"],"picked":"SKIP","floor":2},{"not_picked":["hexamod:Firestarter","hexamod:GhostShield"],"picked":"hexamod:RadiantFlame","floor":3},{"not_picked":["hexamod:GhostShield","hexamod:BurningTouch"],"picked":"hexamod:FastForward","floor":4},{"not_picked":["hexamod:NightmareGuise","hexamod:ChargedBarrage"],"picked":"hexamod:HeatShield","floor":4},{"not_picked":["hexamod:TurnItUp","hexamod:InspiringFlames"],"picked":"hexamod:SuperheatedStrike","floor":5},{"not_picked":["hexamod:HeatShield","hexamod:PhantomCloak","hexamod:Again"],"picked":"Singing Bowl","floor":9},{"not_picked":["hexamod:SpectralSpark","hexamod:ShieldOfDarkness","hexamod:CatchUp"],"picked":"Singing Bowl","floor":11},{"not_picked":["hexamod:RecurringNightmare","hexamod:FirstSeal"],"picked":"hexamod:Incineration","floor":13},{"not_picked":["hexamod:InspiringFlames","hexamod:Firestarter"],"picked":"hexamod:ExtraCrispy","floor":15},{"not_picked":["hexamod:Toasty","hexamod:VolcanoVisage"],"picked":"hexamod:ApocalypticArmor","floor":16},{"not_picked":["hexamod:RainOfEmbers","hexamod:FastForward","hexamod:HeatMetal+1"],"picked":"Singing Bowl","floor":21},{"not_picked":["hexamod:Hexaguard","hexamod:ShieldOfDarkness","hexamod:GhostShield"],"picked":"Singing Bowl","floor":25},{"not_picked":["hexamod:RainOfEmbers","hexamod:StepThrough+1","hexamod:GhostLash"],"picked":"Singing Bowl","floor":26},{"not_picked":["hexamod:NightmareStrike+1","hexamod:BacktrackSmack","hexamod:SpectralAdrenaline"],"picked":"Singing Bowl","floor":28},{"not_picked":["hexamod:PhantomCloak","hexamod:RecurringNightmare+1","hexamod:Again"],"picked":"Singing Bowl","floor":29},{"not_picked":["hexamod:SpectersWail","hexamod:GhostShield","hexamod:SwordOfDarkness"],"picked":"Singing Bowl","floor":31},{"not_picked":["hexamod:HeatShield","hexamod:TimeOfNeed","hexamod:SecondSeal"],"picked":"Singing Bowl","floor":32},{"not_picked":["hexamod:TimeWarp","hexamod:ParanormalForm"],"picked":"hexamod:VolcanoVisage","floor":33},{"not_picked":["Replay:UnknownCurse","AbeCurse","sneckomod:Bewildered"],"picked":"Singing Bowl","floor":34},{"not_picked":["Slimebound:Icky","Parasite","Delirium"],"picked":"Singing Bowl","floor":34},{"not_picked":["AbeCurse","StuffTheSpire:WarCurse","Injury"],"picked":"Singing Bowl","floor":34},{"not_picked":["hexamod:GhostOfSpirePresent+1","hexamod:RetreatToShadows"],"picked":"hexamod:BurningTouch+1","floor":36},{"not_picked":["hexamod:Firestarter+1","hexamod:FastForward+1"],"picked":"hexamod:ThermalTransfer+1","floor":37},{"not_picked":["hexamod:InspiringFlames+1","hexamod:BurningTouch","hexamod:GhostShield+1"],"picked":"Singing Bowl","floor":39},{"not_picked":["hexamod:NightmareStrike","hexamod:SpectralAdrenaline"],"picked":"hexamod:HeatMetal+1","floor":43}],"player_experience":221769,"relics_obtained":[{"floor":7,"key":"Singing Bowl"},{"floor":24,"key":"InkBottle"},{"floor":26,"key":"halation:KoshaPiece"},{"floor":41,"key":"StuffTheSpire:EmeraldSignet"}],"event_choices":[{"damage_healed":0,"gold_gain":0,"player_choice":"Relic ","damage_taken":7,"max_hp_gain":0,"max_hp_loss":0,"event_name":"betterThird:BetterScrap","floor":14,"gold_loss":0,"cards_obtained":["Evolve"]},{"damage_healed":0,"gold_gain":0,"player_choice":"Leave","damage_taken":0,"max_hp_gain":0,"max_hp_loss":0,"event_name":"conspire:Investor","floor":19,"gold_loss":0},{"damage_healed":0,"gold_gain":0,"player_choice":"Forge","damage_taken":0,"max_hp_gain":0,"max_hp_loss":0,"event_name":"Accursed Blacksmith","floor":44,"gold_loss":0,"cards_upgraded":["hexamod:Float"]}],"is_beta":false,"boss_relics":[{"not_picked":["conspire:RunicOctahedron","Tiny House"],"picked":"halation:ForbiddenBikini"},{"not_picked":["CCEMRelics:TransientCore","Astrolabe"],"picked":"Replay:Ancient Bell"},{"not_picked":["halation:LettersToHer","Happy Flower"],"picked":"Juzu Bracelet"},{"not_picked":["halation:TwoAmDonut","halation:Toothbrush"],"picked":"CCEMRelics:WhiteRose"},{"not_picked":["CCEMRelics:OrganicArmor","StuffTheSpire:DarkSteelAnvil"],"picked":"halation:SwordOfLegend"}],"items_purged_floors":[5],"is_endless":false,"potions_floor_spawned":[2,3,26,29,33,36,43],"killed_by":"Maw","ascension_level":0}}