{"host":"40ttcv3g5w633xb3","time":1610556437,"event":{"mods":["AchievementEnabler","Act Like it!","Ascension Reborn","Aspiration","BaseMod","Beaked The Cultist","BetterRewards","Challenge The Spire","Clawfect","Colored Map","Colored Powertips","Conspire","Custom Start","Downfall","Elementarium","Emptier Cage","Energized Spire","Gensokyo","GifTheSpireLib","GungeonMod","Halation","Hallownest","Hermit","Highlight Path","Hubris","HumanHunterMod(????mod)","Humility","Infinite Spire","Jedi Mod","KomeijiMod","Marisa????????","Marked Mod","Minty Spire (QoL Compilation)","MostiFishMod","Pale of the Ancients","Permanent Neow","Quarter Circle Forward PUNCH!","Quick Restart","Random Character Button","Rare Cards Sparkle","Relic Stats","Replay The Spire","Shade Mod","Spicy Shops","Spikes Relics","StSLib","Stuff the Spire","SuperFastMode","The Edgeheg","The Hierophant","The Jungle","The Necromancer","The Problem Sleuth","TheArtist","Trackpad","Wandering Minibosses","vexMod","yUi"],"gold_per_floor":[119,19,19,41,63,63,63,63,129,129,129,129,146,71,71,192,192,216,216,141,504,504],"floor_reached":21,"language":"ENG","playtime":1390,"items_purged":["Strike_R+1","Defend_R+1","Defend_R+1","Strike_R+1","Havoc+1"],"score":75,"play_id":"a36c1991-0972-4e4c-abc5-edfe21710287","local_time":"20210113164717","is_ascension_mode":true,"campfire_choices":[{"data":"Massacre","floor":6,"key":"SMITH"},{"data":"expansioncontent:DashGenerateEvil","floor":11,"key":"SMITH"},{"data":"Thunderclap","floor":15,"key":"SMITH"}],"circlet_count":0,"master_deck":["Strike_R+1","Strike_R+1","Strike_R+1","Defend_R+1","Defend_R+1","Bash+1","ReplayTheSpireMod:Limb From Limb","expansioncontent:DashGenerateEvil+1","Pommel Strike+1","Heavy Blade","Thunderclap+1","Massacre+1","Body Slam+1","Injury","Burning Pact","Inflame","expansioncontent:Flail+1","Pommel Strike+1","Shrug It Off+1","Heavy Blade+1","Feel No Pain","hubris:DuctTapeCard"],"relics":["Burning Blood","DaveBox","DiscerningMonocle","DemoMod:ClearGuonStone","SynthV:TestCard","Nunchaku","MiniBlackHole","halation:Jellyphish","Matryoshka","trackpad:Compendium","halation:BottledHappiness","DemoMod:GnawedKey","Juzu Bracelet","hubris:Potato","vexMod:GhostlyGear","SuspiciousGoo","halation:Diary","Molten Egg 2","jedi:gremlinknob","halation:PromiseList","StuffTheSpire:Gunfinga","qcfpunch:Red_Headband","CrustySpines","Membership Card","Iron Hammer","RoseTintedShades","TimeFreeze","Replay:Towering Pillar of Hats","energizedSpire:StickyHand","hubris:DuctTape","Blue Doll","aspiration:FrozenJewel","CeramicFish","BargainBundle","hubris:NiceRug","DemoMod:GlassGuonStoneRelic"],"acts_visited":["Exordium","TheCity"],"potions_floor_usage":[21,21],"damage_taken":[{"damage":0,"enemies":"Cultist","floor":1,"turns":2},{"damage":6,"enemies":"Jaw Worm","floor":4,"turns":3},{"damage":8,"enemies":"2 Louse","floor":5,"turns":1},{"damage":5,"enemies":"Exordium Thugs","floor":13,"turns":2},{"damage":35,"enemies":"Hexaghost","floor":16,"turns":5},{"damage":5,"enemies":"Shell Parasite","floor":18,"turns":2},{"damage":47,"enemies":"hubris:Merchant","floor":21,"turns":6}],"seed_played":"-1106796318369295265","potions_obtained":[{"floor":1,"key":"DistilledChaos"},{"floor":1,"key":"BloodPotion"},{"floor":21,"key":"AttackPotion"},{"floor":21,"key":"Ancient Potion"}],"is_trial":false,"path_per_floor":["M","$","?","M","M","R","$","?","T","?","R","?","M","$","R","B",null,"M","?","?","$"],"character_chosen":"IRONCLAD","items_purchased":["expansioncontent:DashGenerateEvil","Pommel Strike","Nunchaku","MiniBlackHole","halation:Jellyphish","Matryoshka","trackpad:Compendium","halation:BottledHappiness","DistilledChaos","DemoMod:GnawedKey","Body Slam","Juzu Bracelet","hubris:Potato","vexMod:GhostlyGear","SuspiciousGoo","hubris:Spice","halation:Diary","Inflame","MostiFishMod:KingOfFree+1","expansioncontent:Flail+1","qcfpunch:Red_Headband","CrustySpines","Membership Card","Iron Hammer","RoseTintedShades","TimeFreeze","Feel No Pain","hubris:DuctTape","Blue Doll","aspiration:FrozenJewel","CeramicFish","BargainBundle"],"campfire_rested":0,"item_purchase_floors":[2,2,2,2,2,2,2,2,2,2,7,7,7,7,7,7,7,14,14,14,14,14,14,14,14,14,21,21,21,21,21,21],"current_hp_per_floor":[85,85,85,85,85,85,93,93,93,74,74,62,76,76,76,59,106,106,106,106,99,99],"gold":504,"neow_bonus":"RANDOM_COMMON_RELIC","is_daily":false,"chose_seed":false,"campfire_upgraded":3,"win_rate":0.0,"timestamp":1610556437,"path_taken":["M","$","?","M","M","R","$","?","T","?","R","?","M","$","R","BOSS","M","?","?","$"],"items_purchased_type":["Card","Card","Relic","Relic","Relic","Relic","Relic","Relic","Potion","Relic","Card","Relic","Relic","Relic","Relic","Relic","Relic","Card","Card","Card","Relic","Relic","Relic","Relic","Relic","Relic","Card","Relic","Relic","Relic","Relic","Relic"],"build_version":"2020-12-22","purchased_purges":5,"victory":false,"max_hp_per_floor":[85,85,85,85,85,85,93,93,93,93,93,93,101,101,101,106,106,106,106,106,106,106],"relic_stats":{"Nunchaku":[5],"counters":[7,21],"CeramicFish":0,"Juzu Bracelet":1,"obtain_stats":[{"halation:Diary":7,"DaveBox":0,"DiscerningMonocle":0,"CeramicFish":21,"RoseTintedShades":14,"Blue Doll":21,"DemoMod:GlassGuonStoneRelic":5,"Juzu Bracelet":7,"qcfpunch:Unceasing_Flame":4,"Burning Blood":0,"Nunchaku":2,"StuffTheSpire:Gunfinga":12,"Centennial Puzzle":21,"Matryoshka":2,"MiniBlackHole":2,"trackpad:Compendium":2,"Iron Hammer":14,"DemoMod:GnawedKey":2,"halation:PromiseList":9,"DemoMod:ClearGuonStone":0,"BargainBundle":21,"Replay:Towering Pillar of Hats":16,"hubris:DuctTape":21,"SuspiciousGoo":7,"jedi:gremlinknob":9,"halation:BottledHappiness":2,"jedi:crownofsimplicity":16,"energizedSpire:StickyHand":17,"TimeFreeze":14,"aspiration:FrozenJewel":21,"vexMod:GhostlyGear":7,"SynthV:TestCard":1,"Transparent":5,"hubris:Spice":7,"halation:Jellyphish":2,"Molten Egg 2":8,"ChewingGum":18,"qcfpunch:Red_Headband":14,"Membership Card":14,"hubris:Potato":7,"CrustySpines":14,"hubris:NiceRug":21},{"halation:Diary":3,"DaveBox":0,"DiscerningMonocle":0,"CeramicFish":6,"RoseTintedShades":4,"Blue Doll":6,"DemoMod:GlassGuonStoneRelic":3,"Juzu Bracelet":3,"qcfpunch:Unceasing_Flame":1,"Burning Blood":0,"Nunchaku":1,"StuffTheSpire:Gunfinga":3,"Centennial Puzzle":6,"Matryoshka":1,"MiniBlackHole":1,"trackpad:Compendium":1,"Iron Hammer":4,"DemoMod:GnawedKey":1,"halation:PromiseList":3,"DemoMod:ClearGuonStone":0,"BargainBundle":6,"Replay:Towering Pillar of Hats":5,"hubris:DuctTape":6,"SuspiciousGoo":3,"jedi:gremlinknob":3,"halation:BottledHappiness":1,"jedi:crownofsimplicity":4,"energizedSpire:StickyHand":5,"TimeFreeze":4,"aspiration:FrozenJewel":6,"vexMod:GhostlyGear":3,"SynthV:TestCard":1,"Transparent":2,"hubris:Spice":3,"halation:Jellyphish":1,"Molten Egg 2":3,"ChewingGum":5,"qcfpunch:Red_Headband":4,"Membership Card":4,"hubris:Potato":3,"CrustySpines":4,"hubris:NiceRug":7},{"halation:Diary":6,"DaveBox":0,"DiscerningMonocle":0,"CeramicFish":15,"RoseTintedShades":8,"Blue Doll":15,"DemoMod:GlassGuonStoneRelic":6,"Juzu Bracelet":6,"qcfpunch:Unceasing_Flame":2,"Burning Blood":0,"Nunchaku":2,"StuffTheSpire:Gunfinga":6,"Centennial Puzzle":15,"Matryoshka":2,"MiniBlackHole":2,"trackpad:Compendium":2,"Iron Hammer":8,"DemoMod:GnawedKey":2,"halation:PromiseList":6,"DemoMod:ClearGuonStone":0,"BargainBundle":15,"Replay:Towering Pillar of Hats":13,"hubris:DuctTape":15,"SuspiciousGoo":6,"jedi:gremlinknob":6,"halation:BottledHappiness":2,"jedi:crownofsimplicity":8,"energizedSpire:StickyHand":13,"TimeFreeze":8,"aspiration:FrozenJewel":15,"vexMod:GhostlyGear":6,"SynthV:TestCard":2,"Transparent":5,"hubris:Spice":6,"halation:Jellyphish":2,"Molten Egg 2":6,"ChewingGum":13,"qcfpunch:Red_Headband":8,"Membership Card":8,"hubris:Potato":6,"CrustySpines":8,"hubris:NiceRug":21}],"Burning Blood":42},"card_choices":[{"not_picked":["Flex","Clash"],"picked":"ReplayTheSpireMod:Limb From Limb","floor":1},{"not_picked":["Warcry","Body Slam","Clash","Abandon"],"picked":"Thunderclap","floor":4},{"not_picked":["jedi:MakeshiftSword","Sever Soul+1","Absolvement","jedi:fear"],"picked":"Massacre","floor":5},{"not_picked":["Run Through+1","jedi:MakeshiftSword","True Grit","Power Through"],"picked":"Burning Pact","floor":13},{"not_picked":["Exhume","jedi:strikingstrike+1","MostiFishMod:Chiaki","Barricade"],"picked":"Immolate+1","floor":16},{"not_picked":["Pommel Strike+1","Shrug It Off+1","Heavy Blade+1","Havoc+1"],"picked":"Rupture","floor":18}],"player_experience":320535,"relics_obtained":[{"floor":1,"key":"SynthV:TestCard"},{"floor":9,"key":"jedi:gremlinknob"},{"floor":9,"key":"halation:PromiseList"},{"floor":16,"key":"Replay:Towering Pillar of Hats"}],"event_choices":[{"damage_healed":0,"gold_gain":0,"player_choice":"Entered Light","damage_taken":19,"max_hp_gain":0,"max_hp_loss":0,"event_name":"Shining Light","floor":10,"gold_loss":0,"cards_upgraded":["Pommel Strike","Body Slam"]},{"damage_healed":0,"gold_gain":0,"player_choice":"Success","damage_taken":12,"relics_obtained":["StuffTheSpire:Gunfinga"],"max_hp_gain":0,"max_hp_loss":0,"event_name":"Scrap Ooze","floor":12,"gold_loss":0},{"damage_healed":0,"gold_gain":0,"player_choice":"Ignored","damage_taken":0,"max_hp_gain":0,"max_hp_loss":0,"event_name":"Ghosts","floor":19,"gold_loss":0},{"cards_removed":["Rupture"],"damage_healed":0,"gold_gain":0,"player_choice":"Gave Gold","damage_taken":0,"max_hp_gain":0,"max_hp_loss":0,"event_name":"Beggar","floor":20,"gold_loss":75}],"is_beta":false,"boss_relics":[{"not_picked":["energizedSpire:DecayingSkull","hubris:TerracottaHorce"],"picked":"energizedSpire:StickyHand"}],"items_purged_floors":[2,2,7,14,21],"is_endless":false,"potions_floor_spawned":[1,13],"killed_by":"hubris:Merchant","ascension_level":-20}}