{"host":"z9grmtg2w0nmz8n1","time":1610504379,"event":{"mods":["Aspiration","Bard","BaseMod","Beaked The Cultist","Better Altar","Better Match","Better Note","Better Sensory Stone","Better Skull","Better Third Choice","BetterRewards","CCEM","Colored Map","Conspire","Downfall","GifTheSpireLib","Googly Eyes","Halation","Hermit","Highlight Path","Hubris","Hunter ??","Jedi Mod","Jorbs\u0027s Wanderer Trilogy","Mad Scientist","Marisa????????","Minty Spire (QoL Compilation)","Permanent Neow","Replay The Spire","Shade Mod","Shop Mod","Spicy Shops","StSLib","Stuff the Spire","The Bug Knight","The Construct","The Necromancer","The Runesmith","The Witch"],"gold_per_floor":[114,6,18,93,104,104,123,155,167,9,26,55,55,67,67,167,267,282,86,86,98,98,98,108,58,58,58,58,58],"floor_reached":28,"language":"ENG","playtime":1077,"items_purged":["MadScienceMod:Strike_MadScience","MadScienceMod:Strike_MadScience","MadScienceMod:Strike_MadScience"],"score":228,"play_id":"e09f8c5b-b51c-47ee-ba3c-68d15af453ec","local_time":"20210113001939","is_ascension_mode":false,"campfire_choices":[{"floor":6,"key":"RECALL"},{"floor":15,"key":"REST"},{"data":"MadScienceMod:Bayonet","floor":23,"key":"SMITH"}],"circlet_count":0,"master_deck":["MadScienceMod:Strike_MadScience","MadScienceMod:Defend_MadScience","MadScienceMod:Defend_MadScience","MadScienceMod:Defend_MadScience","MadScienceMod:Defend_MadScience","MadScienceMod:PoweredStrike","MadScienceMod:HideBehindJunk","MadScienceMod:RadioactiveSword","MadScienceMod:AutoStrike+1","MadScienceMod:FlameCannon","MadScienceMod:FragmentationGrenade","MadScienceMod:Bayonet+1","MadScienceMod:FumeBlast","MadScienceMod:GatherParts","MadScienceMod:MechanicalClaw+1","Pain"],"relics":["MadScienceMod:FuelTank","NeowsBlessing","MadScienceMod:Funnel","ReplayTheSpireMod:TigerMarble","Question Card","Replay:Wanted Poster","halation:Thesaurus","Dream Catcher","WarpedTongs","CCEMRelics:TechnogenicHelmet"],"acts_visited":["Exordium","TheCity"],"potions_floor_usage":[12,12,14,18],"damage_taken":[{"damage":0,"enemies":"Cultist","floor":1,"turns":1},{"damage":0,"enemies":"Small Slimes","floor":3,"turns":1},{"damage":0,"enemies":"Jaw Worm","floor":5,"turns":1},{"damage":1,"enemies":"3 Louse","floor":7,"turns":2},{"damage":24,"enemies":"3 Sentries","floor":8,"turns":8},{"damage":5,"enemies":"Looter","floor":11,"turns":3},{"damage":33,"enemies":"Gremlin Nob","floor":12,"turns":5},{"damage":0,"enemies":"2 Fungi Beasts","floor":14,"turns":3},{"damage":7,"enemies":"Slime Boss","floor":16,"turns":8},{"damage":0,"enemies":"Chosen","floor":18,"turns":3},{"damage":3,"enemies":"Spheric Guardian","floor":21,"turns":3},{"damage":42,"enemies":"Snake Plant","floor":24,"turns":5},{"damage":39,"enemies":"Gremlin Leader","floor":28,"turns":4}],"seed_played":"9113968934221864107","potions_obtained":[{"floor":8,"key":"Adrenaline Potion"},{"floor":11,"key":"EssenceOfSteel"},{"floor":12,"key":"Weak Potion"},{"floor":16,"key":"SteroidPotion"}],"is_trial":false,"path_per_floor":["M","$","M","?","M","R","M","E","T","$","M","E","T","M","R","B",null,"M","$","?","M","?","R","M","?","T","$","E"],"character_chosen":"MAD_SCIENTIST","items_purchased":["MadScienceMod:AutoStrike+1","MadScienceMod:Funnel","halation:Thesaurus"],"campfire_rested":1,"item_purchase_floors":[2,10,19],"current_hp_per_floor":[75,75,75,64,64,64,63,39,39,39,34,1,1,1,23,16,75,75,75,75,72,72,72,30,30,30,30,0,0],"gold":58,"neow_bonus":"THREE_ENEMY_KILL","is_daily":false,"chose_seed":false,"campfire_upgraded":1,"win_rate":0.0,"timestamp":1610504379,"path_taken":["M","$","?","?","M","R","M","E","T","?","M","E","?","M","R","BOSS","M","$","?","M","?","R","?","?","T","$","E"],"items_purchased_type":["Card","Relic","Relic"],"build_version":"2020-12-22","purchased_purges":3,"victory":false,"max_hp_per_floor":[75,75,75,75,75,75,75,75,75,75,75,75,75,75,75,75,75,75,75,75,75,75,75,75,75,75,75,75,75],"card_choices":[{"not_picked":["MadScienceMod:FlameThrower","MadScienceMod:EnergyBarrier"],"picked":"MadScienceMod:RadioactiveSword","floor":1},{"not_picked":["MadScienceMod:Redesign","MadScienceMod:FragmentationGrenade"],"picked":"MadScienceMod:FlameCannon","floor":3},{"not_picked":["MadScienceMod:Sprocket","MadScienceMod:EnergyBarrier","MadScienceMod:AntimatterBomb"],"picked":"SKIP","floor":5},{"not_picked":["MadScienceMod:MechanicalClaw","MadScienceMod:Weaponize","MadScienceMod:LightOnFire"],"picked":"SKIP","floor":7},{"not_picked":["MadScienceMod:Refuel","MadScienceMod:CondenseVapors"],"picked":"MadScienceMod:FragmentationGrenade","floor":8},{"not_picked":["MadScienceMod:EnergyBarrier","MadScienceMod:Probe","MadScienceMod:ShrinkRay"],"picked":"SKIP","floor":11},{"not_picked":["MadScienceMod:MechanicalClaw","MadScienceMod:FlammableWall"],"picked":"MadScienceMod:Bayonet","floor":12},{"not_picked":["MadScienceMod:EnergyBarrier","MadScienceMod:RecyclingStation","MadScienceMod:FlammableWall"],"picked":"MadScienceMod:FumeBlast","floor":14},{"not_picked":["MadScienceMod:Assemble","MadScienceMod:MechanicalSnecko","MadScienceMod:Reconstitute"],"picked":"MadScienceMod:GatherParts","floor":16},{"not_picked":["MadScienceMod:SoftenUp","MadScienceMod:OmniHammer","MadScienceMod:FlexibleSpear+1","MadScienceMod:Redesign"],"picked":"SKIP","floor":18},{"not_picked":["MadScienceMod:AcidSpray","MadScienceMod:ExploreOptions+1","MadScienceMod:LightOnFire"],"picked":"MadScienceMod:MechanicalClaw+1","floor":21},{"not_picked":["MadScienceMod:MakeOrBreak","MadScienceMod:Liquify","MadScienceMod:GattlingGun+1","MadScienceMod:Detonate"],"picked":"SKIP","floor":24}],"player_experience":855894,"relics_obtained":[{"floor":8,"key":"MawBank"},{"floor":12,"key":"ReplayTheSpireMod:TigerMarble"},{"floor":13,"key":"Question Card"},{"floor":26,"key":"CCEMRelics:TechnogenicHelmet"}],"event_choices":[{"damage_healed":0,"gold_gain":75,"player_choice":"Gold","damage_taken":11,"max_hp_gain":0,"max_hp_loss":0,"event_name":"betterThird:BetterGoop","floor":4,"gold_loss":0},{"cards_removed":["MadScienceMod:Strike_MadScience"],"damage_healed":0,"gold_gain":0,"player_choice":"Give","damage_taken":0,"max_hp_gain":0,"max_hp_loss":0,"event_name":"betterNote:BetterNote","floor":20,"gold_loss":0,"cards_obtained":["Strike_G"]},{"damage_healed":0,"gold_gain":0,"player_choice":"Rummage","damage_taken":0,"relics_obtained":["WarpedTongs"],"max_hp_gain":0,"max_hp_loss":0,"event_name":"Accursed Blacksmith","floor":22,"gold_loss":0,"cards_obtained":["Pain"]},{"damage_healed":0,"gold_gain":0,"player_choice":"Bet on Murderer","damage_taken":0,"max_hp_gain":0,"max_hp_loss":0,"event_name":"The Joust","floor":25,"gold_loss":50}],"is_beta":false,"boss_relics":[{"not_picked":["aspiration:MarisaSkillbook","Honey Jar"],"picked":"Replay:Wanted Poster"}],"items_purged_floors":[2,10,19],"is_endless":false,"potions_floor_spawned":[8,11,12,16],"killed_by":"Gremlin Leader","ascension_level":0}}