{"host":"mn5kbj4x7gv3jr0o","time":1610523137,"event":{"mods":["100% Spire Juice","2.2 Compatiblity","AchievementEnabler","Ascension Reborn","Ascension Unlocker","Aspiration","BaseMod","Better Note","CCEM","Conjunction","Conspire","Curses Come First","Downfall","HololiveMod","Hubris","Infinite Spire","Jess\u0027s Bottle","Minty Spire (QoL Compilation)","Quarter Circle Forward PUNCH!","Quick Restart","Relic Sorter","Relic Stats","Replay The Spire","Reworked Bosses","SCP261 Mod","SacredBarkPlus","Shedinja","Small Relic Pack","Spicy Shops","Spikes Relics","StSLib","Trackpad","Uncapped","Unceasing Turn Reminder","Virulent Crown","vexMod"],"gold_per_floor":[116,116,116,116,116,148,148,43,67,95,50,77,95,95,95,77,77,93,93,111,44,44,44,44],"floor_reached":23,"language":"ENG","playtime":1700,"items_purged":[],"score":205,"play_id":"0c62d94d-b1df-4a1e-86e1-f743480596ae","local_time":"20210113023217","is_ascension_mode":true,"campfire_choices":[{"floor":7,"key":"REST"},{"floor":15,"key":"REST"}],"circlet_count":0,"master_deck":["Moonworks:Strike","Moonworks:Strike","Moonworks:Strike","Moonworks:Defend","Moonworks:Defend","Moonworks:Defend","Moonworks:Defend","Moonworks:Ambush","Moonworks:LongDistanceShot","Moonworks:NicePresent","Moonworks:MixPhenomenon","Moonworks:JonathanRush","Moonworks:Dash","Burn","Moonworks:MiracleRedBeanIceCream","Moonworks:LulusLuckyEgg","Moonworks:CrystalBarrier","Moonworks:CloudOfSeagulls","Moonworks:JonathanRush","Moonworks:CompletionReward+1"],"relics":["Moonworks:BrokenBomb","Conjunction:StoneHearth","Moonworks:Homemark","aspiration:Nostalgia","Unceasing Top","hubris:ToyBattleship","aspiration:TomeofQuesting","qcfpunch:Fighting_Gloves","CCEMRelics:OrganicArmor","Honey Jar","Orichalcum"],"acts_visited":["Exordium","TheCity"],"potions_floor_usage":[10,12,16],"damage_taken":[{"damage":5,"enemies":"Small Slimes","floor":1,"turns":3},{"damage":31,"enemies":"3 Sentries","floor":6,"turns":10},{"damage":0,"enemies":"Cultist","floor":8,"turns":3},{"damage":34,"enemies":"Lagavulin","floor":10,"turns":7},{"damage":6,"enemies":"3 Sentries","floor":12,"turns":6},{"damage":0,"enemies":"Jaw Worm","floor":13,"turns":2},{"damage":23,"enemies":"Fading Forest","floor":16,"turns":11},{"damage":0,"enemies":"conspire:FuzzyDice","floor":18,"turns":15},{"damage":0,"enemies":"Spheric Guardian","floor":20,"turns":3},{"damage":71,"enemies":"Gremlin Leader","floor":23,"turns":6}],"seed_played":"-4623243290991949706","potions_obtained":[{"floor":8,"key":"LiquidMemories"},{"floor":10,"key":"Conjunction:LightningMarble"},{"floor":12,"key":"SCP261:BarrettColaPotion"}],"is_trial":false,"path_per_floor":["M","?","$","T","$","E","R","M","T","E","?","E","M","$","R","B",null,"M","?","M","$","?","E"],"character_chosen":"THE_STARBREAKER","items_purchased":["Moonworks:JonathanRush"],"campfire_rested":2,"item_purchase_floors":[21],"current_hp_per_floor":[55,55,55,55,55,24,42,42,42,8,8,2,2,2,20,17,60,60,60,60,60,60,0,0],"gold":44,"neow_bonus":"NOSTALGIA","is_daily":false,"chose_seed":false,"campfire_upgraded":0,"win_rate":0.0,"timestamp":1610523137,"path_taken":["M","?","$","?","?","E","R","M","T","E","?","E","M","$","R","BOSS","M","?","M","?","?","E"],"items_purchased_type":["Card"],"build_version":"2020-12-22","purchased_purges":0,"victory":false,"max_hp_per_floor":[60,60,60,60,60,60,60,60,60,60,60,60,60,60,60,60,60,60,60,60,60,60,60,60],"relic_stats":{"counters":[10,66],"Orichalcum":[12],"obtain_stats":[{"aspiration:Nostalgia":0,"Moonworks:Homemark":0,"qcfpunch:Fighting_Gloves":10,"Honey Jar":17,"aspiration:TomeofQuesting":9,"Conjunction:StoneHearth":0,"hubris:ToyBattleship":6,"Orichalcum":19,"Unceasing Top":4,"Moonworks:BrokenBomb":0,"CCEMRelics:OrganicArmor":12},{"aspiration:Nostalgia":0,"Moonworks:Homemark":0,"qcfpunch:Fighting_Gloves":4,"Honey Jar":7,"aspiration:TomeofQuesting":3,"Conjunction:StoneHearth":0,"hubris:ToyBattleship":2,"Orichalcum":8,"Unceasing Top":1,"Moonworks:BrokenBomb":0,"CCEMRelics:OrganicArmor":5},{"aspiration:Nostalgia":0,"Moonworks:Homemark":0,"qcfpunch:Fighting_Gloves":23,"Honey Jar":42,"aspiration:TomeofQuesting":16,"Conjunction:StoneHearth":0,"hubris:ToyBattleship":13,"Orichalcum":57,"Unceasing Top":3,"Moonworks:BrokenBomb":0,"CCEMRelics:OrganicArmor":29}],"Unceasing Top":[4]},"card_choices":[{"not_picked":["Moonworks:SealedMemories","Moonworks:BigMagnum"],"picked":"Moonworks:NicePresent","floor":1},{"not_picked":["Moonworks:ImOnFire","Moonworks:Dinner"],"picked":"Moonworks:MixPhenomenon","floor":6},{"not_picked":["Moonworks:EvilSpyWorkPreparation","Moonworks:SakisCookie"],"picked":"Moonworks:JonathanRush","floor":8},{"not_picked":["Moonworks:ForcedRevival","Moonworks:ScrambledEve"],"picked":"Moonworks:Dash","floor":10},{"not_picked":["Moonworks:IndiscriminateFireSupport","Moonworks:RagingMadness"],"picked":"Moonworks:MiracleRedBeanIceCream","floor":12},{"not_picked":["Moonworks:SweetBattle","Moonworks:NicePresent"],"picked":"Moonworks:LulusLuckyEgg","floor":13},{"not_picked":["Moonworks:Wanted","Moonworks:MeltingMemories"],"picked":"Moonworks:CrystalBarrier","floor":16},{"not_picked":["Moonworks:IndiscriminateFireSupport","Moonworks:BackdoorTrade","Moonworks:Assault"],"picked":"Moonworks:Flamethrower","floor":18},{"not_picked":["Moonworks:x16BigRocket","Moonworks:Assault+1","Moonworks:LulusLuckyEgg"],"picked":"Moonworks:CloudOfSeagulls","floor":20}],"player_experience":151766,"relics_obtained":[{"floor":4,"key":"Unceasing Top"},{"floor":6,"key":"hubris:ToyBattleship"},{"floor":9,"key":"aspiration:TomeofQuesting"},{"floor":10,"key":"qcfpunch:Fighting_Gloves"},{"floor":12,"key":"CCEMRelics:OrganicArmor"}],"event_choices":[{"cards_removed":["Moonworks:Strike"],"damage_healed":0,"gold_gain":0,"player_choice":"Purged","damage_taken":0,"max_hp_gain":0,"max_hp_loss":0,"event_name":"Purifier","floor":2,"gold_loss":0},{"cards_removed":["Moonworks:Flamethrower"],"damage_healed":0,"gold_gain":0,"player_choice":"Gave Card","damage_taken":0,"relics_obtained":["Orichalcum"],"max_hp_gain":0,"max_hp_loss":0,"event_name":"WeMeetAgain","floor":19,"gold_loss":0},{"cards_removed":["Moonworks:Dash"],"damage_healed":0,"gold_gain":0,"player_choice":"Take \u0026 Give","damage_taken":0,"max_hp_gain":0,"max_hp_loss":0,"event_name":"betterNote:BetterNote","floor":22,"gold_loss":0,"cards_obtained":["Moonworks:CompletionReward"]}],"is_beta":false,"boss_relics":[{"not_picked":["Hololive_ChaosS","aspiration:WatcherSkillbook"],"picked":"Honey Jar"}],"items_purged_floors":[],"is_endless":false,"potions_floor_spawned":[8,10,12],"killed_by":"Gremlin Leader","ascension_level":0}}