{"host":"urvvf8749ekcxo1a","time":1610510868,"event":{"mods":["BaseMod","Better Sensory Stone","BetterRewards","Colored Powertips","Evolution","Gold Saver","Marisa????????","Minty Spire (QoL Compilation)","Quick Restart","Replay The Spire","StSLib","The Cursed","The Servant 0.9.4","The Wild Card"],"gold_per_floor":[563,563,578,578,588,588,622,635,708,727,727,737,756,766,766,871,871,889,392,412,424,424,457,387,400,400,400,400,426,341,352,352,456,456,473,473,228,247,208,208,235,235,235,235,249,281,293,310,310,310],"floor_reached":51,"language":"ENG","playtime":2108,"items_purged":["TheCursedMod:Strike_TheCursed","TheCursedMod:Strike_TheCursed"],"score":1026,"play_id":"ce08053c-4a78-4edc-a1ce-c14eda126a78","local_time":"20210112230748","is_ascension_mode":false,"campfire_choices":[{"data":"TheCursedMod:CircleOfCorruption","floor":6,"key":"SMITH"},{"data":"TheCursedMod:CircleOfCorruption","floor":11,"key":"SMITH"},{"floor":15,"key":"REST"},{"floor":28,"key":"REST"},{"floor":32,"key":"REST"},{"data":"TheCursedMod:ManaCirculation","floor":40,"key":"SMITH"},{"data":"TheCursedMod:CollectTribute","floor":42,"key":"SMITH"},{"data":"TheCursedMod:SaltUponWound","floor":44,"key":"SMITH"}],"circlet_count":0,"master_deck":["TheCursedMod:CursedBlade","TheCursedMod:CursedBlade+1","TheCursedMod:Defend_TheCursed","TheCursedMod:Defend_TheCursed+1","TheCursedMod:Defend_TheCursed","TheCursedMod:CursedWand","TheCursedMod:CleanUpWorkshop+1","TheCursedMod:Dregs","TheCursedMod:CircleOfCorruption+1","TheCursedMod:CircleOfCorruption+1","TheCursedMod:WearCloak","TheCursedMod:StingEye","TheCursedMod:ManaCirculation+1","TheCursedMod:AntiAging","TheCursedMod:CircleOfFlame+1","Chrysalis","TheCursedMod:CursedAmulet","TheCursedMod:SaltUponWound+1","TheCursedMod:CursedAmulet","TheCursedMod:LuckyCharm+1","TheCursedMod:DemonSword","TheCursedMod:Torture+1","TheCursedMod:CursedBlade+1","TheCursedMod:Torture+1","TheCursedMod:CollectTribute+1","Voices","TheCursedMod:SpitefulPray+1"],"relics":["TheCursedMod:BlackMagic101","EVO:Axolotl","Bird Faced Urn","Lizard Tail","Singing Bowl","Painkiller Herb","Letter Opener","Juzu Bracelet","TheCursedMod:Tack","War Paint","Replay:Wax Seal","Cursed Key","Lantern","Replay:Kaleidoscope","Art of War","ReplayTheSpireMod:Shallot"],"acts_visited":["Exordium","TheCity","TheBeyond"],"potions_floor_usage":[16,16,18,29,29,33,41,45,47],"damage_taken":[{"damage":3,"enemies":"Small Slimes","floor":1,"turns":2},{"damage":0,"enemies":"2 Louse","floor":3,"turns":2},{"damage":1,"enemies":"Cultist","floor":5,"turns":3},{"damage":0,"enemies":"Gremlin Nob","floor":7,"turns":3},{"damage":12,"enemies":"Exordium Wildlife","floor":8,"turns":2},{"damage":0,"enemies":"3 Louse","floor":10,"turns":2},{"damage":0,"enemies":"Gremlin Gang","floor":12,"turns":2},{"damage":0,"enemies":"Looter","floor":13,"turns":2},{"damage":2,"enemies":"Blue Slaver","floor":14,"turns":3},{"damage":20,"enemies":"Hexaghost","floor":16,"turns":9},{"damage":12,"enemies":"Shell Parasite","floor":18,"turns":5},{"damage":17,"enemies":"3 Byrds","floor":20,"turns":4},{"damage":1,"enemies":"Snake Plant","floor":21,"turns":3},{"damage":29,"enemies":"Book of Stabbing","floor":23,"turns":5},{"damage":5,"enemies":"Chosen and Byrds","floor":25,"turns":6},{"damage":28,"enemies":"Gremlin Leader","floor":29,"turns":7},{"damage":9,"enemies":"3 Cultists","floor":31,"turns":4},{"damage":80,"enemies":"Pondfish","floor":33,"turns":18},{"damage":25,"enemies":"3 Shapes","floor":35,"turns":4},{"damage":14,"enemies":"Orb Walker","floor":38,"turns":3},{"damage":9,"enemies":"R_Hoarder","floor":41,"turns":7},{"damage":30,"enemies":"Jaw Worm Horde","floor":45,"turns":3},{"damage":39,"enemies":"Nemesis","floor":46,"turns":7},{"damage":0,"enemies":"3 Darklings","floor":47,"turns":2},{"damage":0,"enemies":"Sphere and 2 Shapes","floor":48,"turns":2},{"damage":52,"enemies":"Donu and Deca","floor":50,"turns":11}],"seed_played":"4378089522018099389","potions_obtained":[{"floor":7,"key":"GamblersBrew"},{"floor":8,"key":"SpeedPotion"},{"floor":13,"key":"SneckoOil"},{"floor":14,"key":"Swift Potion"},{"floor":18,"key":"Fruit Juice"},{"floor":23,"key":"Ancient Potion"},{"floor":31,"key":"Toxic Potion"},{"floor":38,"key":"ColorlessPotion"},{"floor":41,"key":"Adrenaline Potion"},{"floor":46,"key":"Swift Potion"}],"is_trial":false,"path_per_floor":["M","?","M","?","M","R","E","M","T","M","R","M","M","M","R","B",null,"?","T","?","?","?","E","T","?","T","?","T","E","?","?","T","B",null,"?","?","T","?","T","T","E","T","T","T","?","E","?","?","T","B",null],"character_chosen":"THE_CURSED","items_purchased":["Letter Opener","Chrysalis","TheCursedMod:SaltUponWound","Lantern","TheCursedMod:Torture+1"],"campfire_rested":3,"item_purchase_floors":[19,19,24,37,39],"current_hp_per_floor":[51,36,36,36,35,35,35,23,23,25,25,27,29,29,53,33,83,78,78,63,66,66,41,41,38,38,17,49,25,25,16,49,32,113,92,92,92,82,82,82,77,77,77,77,53,24,32,38,77,33],"gold":310,"neow_bonus":"ONE_RARE_RELIC","is_daily":false,"chose_seed":false,"campfire_upgraded":5,"win_rate":0.0,"timestamp":1610510868,"path_taken":["M","?","M","?","M","R","E","M","T","M","R","M","M","M","R","BOSS","?","T","?","?","?","E","T","?","T","?","T","E","?","?","T","BOSS","?","?","T","?","T","T","E","T","T","T","?","E","?","?","T","BOSS"],"items_purchased_type":["Relic","Card","Card","Relic","Card"],"build_version":"2020-12-22","purchased_purges":2,"victory":true,"max_hp_per_floor":[75,75,75,75,75,75,75,75,75,77,77,79,81,83,83,83,83,90,90,92,96,96,100,100,102,102,107,107,111,111,111,111,113,113,115,115,115,117,117,117,119,119,119,119,121,125,129,133,133,135],"card_choices":[{"not_picked":["TheCursedMod:SurpriseAttack","TheCursedMod:FleshFromBone"],"picked":"TheCursedMod:CircleOfCorruption","floor":1},{"not_picked":["TheCursedMod:ManaBullet","TheCursedMod:SmokeScreen"],"picked":"TheCursedMod:CircleOfCorruption","floor":3},{"not_picked":["TheCursedMod:SpitefulStrike","TheCursedMod:CircleOfFocus"],"picked":"TheCursedMod:WearCloak","floor":5},{"not_picked":["TheCursedMod:FleshFromBone","TheCursedMod:Wield"],"picked":"TheCursedMod:StingEye","floor":7},{"not_picked":["TheCursedMod:Stigma","TheCursedMod:Wield"],"picked":"TheCursedMod:ManaCirculation","floor":8},{"not_picked":["TheCursedMod:CursedMace","TheCursedMod:Obscuration","TheCursedMod:Evocation"],"picked":"Singing Bowl","floor":10},{"not_picked":["TheCursedMod:SmokeScreen","TheCursedMod:SurpriseAttack","TheCursedMod:SpreadPlague"],"picked":"Singing Bowl","floor":12},{"not_picked":["TheCursedMod:AshesToAshes","TheCursedMod:CursedMace","TheCursedMod:FleshFromBone"],"picked":"Singing Bowl","floor":13},{"not_picked":["TheCursedMod:CursedBlade","TheCursedMod:Wield","TheCursedMod:SurpriseAttack"],"picked":"Singing Bowl","floor":14},{"not_picked":["TheCursedMod:ShockAndAwe","TheCursedMod:CircleOfAbyss"],"picked":"TheCursedMod:AntiAging","floor":16},{"not_picked":["TheCursedMod:CursedMace","TheCursedMod:RavingStaff"],"picked":"TheCursedMod:CircleOfFlame","floor":18},{"not_picked":["TheCursedMod:AbyssShockwave","TheCursedMod:TacticalStrike"],"picked":"TheCursedMod:CursedAmulet","floor":20},{"not_picked":["TheCursedMod:SpitefulStrike","TheCursedMod:SmokeScreen","TheCursedMod:StingEye"],"picked":"Singing Bowl","floor":21},{"not_picked":["TheCursedMod:NeowsMight","TheCursedMod:Evocation","TheCursedMod:FleshFromBone"],"picked":"Singing Bowl","floor":23},{"not_picked":["TheCursedMod:TacticalStrike","TheCursedMod:CircleOfCorruption"],"picked":"TheCursedMod:CursedAmulet","floor":25},{"not_picked":["TheCursedMod:CircleOfCorruption+1","TheCursedMod:SpitefulStrike","TheCursedMod:ReleasedStrength"],"picked":"Singing Bowl","floor":29},{"not_picked":["TheCursedMod:CursedAmulet","TheCursedMod:RavingStaff"],"picked":"TheCursedMod:LuckyCharm","floor":31},{"not_picked":["TheCursedMod:VoidForm","TheCursedMod:ForbiddenAlchemy"],"picked":"TheCursedMod:DemonSword","floor":33},{"not_picked":["TheCursedMod:SmokeScreen","TheCursedMod:TacticalStrike"],"picked":"TheCursedMod:Torture+1","floor":35},{"not_picked":["TheCursedMod:RapidMovement+1","TheCursedMod:SoulCrush"],"picked":"TheCursedMod:CursedBlade+1","floor":38},{"not_picked":["TheCursedMod:CircleOfWindfury+1","TheCursedMod:Wield+1"],"picked":"TheCursedMod:CollectTribute","floor":41},{"not_picked":["TheCursedMod:CircleOfBlood","TheCursedMod:AbyssShockwave+1"],"picked":"TheCursedMod:SpitefulPray+1","floor":45},{"not_picked":["TheCursedMod:Stretching+1","TheCursedMod:CursedShiv","TheCursedMod:FleshFromBone+1"],"picked":"Singing Bowl","floor":46},{"not_picked":["TheCursedMod:RavingStaff+1","TheCursedMod:SpitefulStrike","TheCursedMod:CollectTribute"],"picked":"Singing Bowl","floor":47},{"not_picked":["TheCursedMod:SoulReap","TheCursedMod:VitalStrike+1","TheCursedMod:Wield+1"],"picked":"Singing Bowl","floor":48}],"player_experience":113138,"relics_obtained":[{"floor":7,"key":"Lizard Tail"},{"floor":9,"key":"Singing Bowl"},{"floor":23,"key":"Juzu Bracelet"},{"floor":26,"key":"TheCursedMod:Tack"},{"floor":29,"key":"War Paint"},{"floor":41,"key":"Replay:Kaleidoscope"},{"floor":43,"key":"Art of War"},{"floor":46,"key":"ReplayTheSpireMod:Shallot"}],"event_choices":[{"damage_healed":0,"gold_gain":0,"player_choice":"Entered Light","damage_taken":15,"max_hp_gain":0,"max_hp_loss":0,"event_name":"Shining Light","floor":2,"gold_loss":0,"cards_upgraded":["TheCursedMod:CursedBlade","TheCursedMod:CleanUpWorkshop"]},{"damage_healed":0,"gold_gain":0,"player_choice":"Ignored","damage_taken":0,"max_hp_gain":0,"max_hp_loss":0,"event_name":"Ghosts","floor":22,"gold_loss":0},{"damage_healed":0,"gold_gain":0,"player_choice":"Shed Blood","damage_taken":26,"max_hp_gain":5,"max_hp_loss":0,"event_name":"Forgotten Altar","floor":27,"gold_loss":0},{"damage_healed":0,"gold_gain":0,"player_choice":"Obtained Relic","damage_taken":0,"relics_obtained":["Replay:Wax Seal"],"max_hp_gain":0,"max_hp_loss":0,"event_name":"Addict","floor":30,"gold_loss":85},{"damage_healed":0,"gold_gain":0,"player_choice":"Ignored","damage_taken":0,"max_hp_gain":0,"max_hp_loss":0,"event_name":"Fountain of Cleansing","floor":36,"gold_loss":0}],"is_beta":false,"boss_relics":[{"not_picked":["Busted Crown","SlaversCollar"],"picked":"Painkiller Herb"},{"not_picked":["ReplayTheSpireMod:DimensionalGlitch","Replay:Drink Me"],"picked":"Cursed Key"}],"items_purged_floors":[19,37],"is_endless":false,"potions_floor_spawned":[7,8,13,14,18,23,31,38,41,46],"ascension_level":0}}