{"host":"bydnmyvf669xu6ab","time":1610503094,"event":{"mods":["BaseMod","BetterRewards","Colored Map","Infinite Spire","Minty Spire (QoL Compilation)","Poor People Problems","Rare Cards Sparkle","Relic Stats","Shop Mod","Spikes Relics","StSLib","SuperFastMode"],"gold_per_floor":[116,131,148,423,165,165,15,31,31,47,80,91,110,164,164,266,266,281,281,26,55,55,55,69,69,69,69,85,97,109,137,137,137,137],"floor_reached":33,"playtime":3724,"items_purged":["Regret","Doubt"],"score":387,"play_id":"570cb2f7-3dd5-427e-be3e-1c60d42e7929","local_time":"20210112175814","is_ascension_mode":true,"campfire_choices":[{"data":"Reforge","floor":6,"key":"SMITH"},{"data":"Armaments","floor":15,"key":"SMITH"},{"data":"infinitespire:Menacing","floor":23,"key":"SMITH"},{"floor":25,"key":"RECALL"},{"floor":32,"key":"REST"}],"circlet_count":0,"master_deck":["Bash","Bandage Up","Reforge+1","BarbarianYell","Shrug It Off","Hemokinesis","Body Slam","Shrug It Off","Warcry","Iron Wave","Flame Barrier","Shrug It Off","Flex","Armaments+1","BarbarianYell","Juggernaut","Hemokinesis","Warcry","Cleave","BarbarianYell","Flex","Pummel","Evolve","Blood for Blood","Reaper","Pummel","infinitespire:Menacing+1","Battle Trance","Inflame"],"relics":["Burning Blood","Strawberry","Chemical X","Bag of Preparation","Happy Flower","Question Card","Pandora\u0027s Box","Blood Vial","Red Mask","Bronze Scales"],"acts_visited":["Exordium","TheCity"],"potions_floor_usage":[24,30,30,33],"damage_taken":[{"damage":7,"enemies":"Small Slimes","floor":1,"turns":4},{"damage":11,"enemies":"Cultist","floor":2,"turns":4},{"damage":2,"enemies":"2 Louse","floor":3,"turns":2},{"damage":17,"enemies":"Looter","floor":8,"turns":4},{"damage":2,"enemies":"3 Louse","floor":10,"turns":5},{"damage":17,"enemies":"3 Sentries","floor":11,"turns":6},{"damage":2,"enemies":"Red Slaver","floor":12,"turns":3},{"damage":3,"enemies":"Blue Slaver","floor":13,"turns":4},{"damage":20,"enemies":"Hexaghost","floor":16,"turns":10},{"damage":12,"enemies":"Shell Parasite","floor":18,"turns":5},{"damage":51,"enemies":"Masked Bandits","floor":21,"turns":6},{"damage":11,"enemies":"2 Thieves","floor":24,"turns":4},{"damage":28,"enemies":"Centurion and Healer","floor":28,"turns":8},{"damage":19,"enemies":"Snake Plant","floor":29,"turns":4},{"damage":45,"enemies":"3 Cultists","floor":30,"turns":8},{"damage":48,"enemies":"Slavers","floor":31,"turns":7},{"damage":60,"enemies":"Automaton","floor":33,"turns":6}],"seed_played":"2095462917405707307","potions_obtained":[{"floor":8,"key":"Weak Potion"},{"floor":12,"key":"LiquidMemories"},{"floor":16,"key":"SneckoOil"},{"floor":28,"key":"AttackPotion"}],"is_trial":false,"path_per_floor":["M","M","M","?","$","R","$","M","T","M","E","M","M","?","R","B",null,"M","?","$","?","$","R","M","R","T","?","M","M","M","E","R","B"],"character_chosen":"IRONCLAD","items_purchased":["Bandage Up","Reforge","BarbarianYell","Strawberry","Shrug It Off","Hemokinesis","Body Slam","Chemical X","Flame Barrier","Bag of Preparation","Blood Vial"],"campfire_rested":1,"item_purchase_floors":[0,0,0,0,0,0,0,5,5,7,20],"current_hp_per_floor":[66,67,75,75,75,75,75,68,68,76,69,77,86,86,86,78,87,87,87,87,57,57,57,58,58,58,58,52,45,24,8,34,0,0],"gold":137,"neow_bonus":"","is_daily":false,"chose_seed":false,"campfire_upgraded":3,"win_rate":0.0,"timestamp":1610503094,"path_taken":["M","M","M","?","$","R","$","M","T","M","E","?","M","?","R","BOSS","M","?","$","?","$","R","M","R","T","?","M","M","?","E","R","BOSS"],"items_purchased_type":["Card","Card","Card","Relic","Card","Card","Card","Relic","Card","Relic","Relic"],"build_version":"2020-12-22","purchased_purges":2,"victory":false,"max_hp_per_floor":[87,87,87,87,87,87,87,87,87,87,87,87,87,87,87,87,87,87,87,87,87,87,87,87,87,87,87,87,87,87,87,87,87,87],"relic_stats":{"Blood Vial":12,"Happy Flower":[37],"counters":[122,504],"Bronze Scales":[18],"Pandora\u0027s Box":["Hemokinesis","Warcry","Cleave","BarbarianYell","Flex","Pummel","Evolve","Blood for Blood","Reaper"],"Bag of Preparation":[72],"Chemical X":[1],"Question Card":12,"obtain_stats":[{"infinitespire:BottledMercury":29,"Nilry\u0027s Codex":30,"Ginger":10,"Boot":54,"Sozu":17,"Blood Vial":20,"HornCleat":26,"DollysMirror":28,"Strawberry":31,"MealTicket":41,"infinitespire:Golems Mask":25,"Fusion Hammer":17,"Kunai":0,"Toxic Egg 2":0,"LugNut":2,"MerchantsRug":8,"Happy Flower":23,"Dead Branch":0,"Blue Candle":41,"Velvet Choker":17,"Pen Nib":8,"Letter Opener":0,"War Paint":0,"Question Card":11,"Shuriken":19,"infinitespire:Lychee Nut":26,"Bird Faced Urn":23,"Bronze Scales":22,"Molten Egg 2":0,"Pandora\u0027s Box":17,"Mark of Pain":17,"infinitespire:PuzzleCube":26,"Darkstone Periapt":11,"SnailShell":43,"Regal Pillow":0,"Black Blood":34,"BrokenLever":12,"Incense Burner":38,"Bag of Preparation":0,"HeavenlyBonsai":24,"PrismaticShard":0,"Cursed Key":34,"Burning Blood":0,"ClockworkSouvenir":20,"HailfireSword":17,"Matryoshka":0,"Gambling Chip":40,"Pantograph":0,"RollingBoulder":13,"Red Mask":42,"Chemical X":0,"InkBottle":0,"Paper Frog":42,"Potion Belt":38,"Thread and Needle":39,"infinitespire:Joker Card":8,"infinitespire:FocusingShard":43,"PreservedInsect":0,"Omamori":12,"infinitespire:CheckeredPen":9,"infinitespire:Lucky Rock":9,"Sandwich":34,"Busted Crown":34,"infinitespire:WardingShard":46,"infinitespire:Satchel":44,"SpikesRelics:DaevaFist":7,"Art of War":11,"GolemAmulet":46,"Membership Card":0,"Toy Ornithopter":23,"infinitespire:Midas Blood":13},{"infinitespire:BottledMercury":100,"Nilry\u0027s Codex":100,"Ginger":31,"Boot":82,"Sozu":68,"Blood Vial":115,"HornCleat":71,"DollysMirror":50,"Strawberry":52,"MealTicket":57,"infinitespire:Golems Mask":71,"Fusion Hammer":9,"Kunai":83,"Toxic Egg 2":0,"LugNut":28,"MerchantsRug":5,"Happy Flower":96,"Dead Branch":0,"Blue Candle":77,"Velvet Choker":91,"Pen Nib":5,"Letter Opener":27,"War Paint":0,"Question Card":111,"Shuriken":10,"infinitespire:Lychee Nut":15,"Bird Faced Urn":13,"Bronze Scales":69,"Molten Egg 2":61,"Pandora\u0027s Box":114,"Mark of Pain":46,"infinitespire:PuzzleCube":49,"Darkstone Periapt":31,"SnailShell":25,"Regal Pillow":83,"Black Blood":19,"BrokenLever":65,"Incense Burner":56,"Bag of Preparation":83,"HeavenlyBonsai":37,"PrismaticShard":27,"Cursed Key":53,"Burning Blood":0,"ClockworkSouvenir":35,"HailfireSword":33,"Matryoshka":61,"Gambling Chip":23,"Pantograph":27,"RollingBoulder":66,"Red Mask":77,"Chemical X":61,"InkBottle":83,"Paper Frog":57,"Potion Belt":21,"Thread and Needle":56,"infinitespire:Joker Card":42,"infinitespire:FocusingShard":77,"PreservedInsect":83,"Omamori":6,"infinitespire:CheckeredPen":30,"infinitespire:Lucky Rock":87,"Sandwich":102,"Busted Crown":73,"infinitespire:WardingShard":26,"infinitespire:Satchel":78,"SpikesRelics:DaevaFist":42,"Art of War":44,"GolemAmulet":79,"Membership Card":0,"Toy Ornithopter":70,"infinitespire:Midas Blood":90},{"infinitespire:BottledMercury":388,"Nilry\u0027s Codex":388,"Ginger":129,"Boot":332,"Sozu":289,"Blood Vial":461,"HornCleat":296,"DollysMirror":215,"Strawberry":223,"MealTicket":249,"infinitespire:Golems Mask":296,"Fusion Hammer":34,"Kunai":340,"Toxic Egg 2":0,"LugNut":114,"MerchantsRug":17,"Happy Flower":376,"Dead Branch":0,"Blue Candle":313,"Velvet Choker":365,"Pen Nib":17,"Letter Opener":111,"War Paint":0,"Question Card":439,"Shuriken":36,"infinitespire:Lychee Nut":54,"Bird Faced Urn":48,"Bronze Scales":290,"Molten Egg 2":268,"Pandora\u0027s Box":456,"Mark of Pain":199,"infinitespire:PuzzleCube":210,"Darkstone Periapt":129,"SnailShell":102,"Regal Pillow":340,"Black Blood":75,"BrokenLever":278,"Incense Burner":242,"Bag of Preparation":340,"HeavenlyBonsai":154,"PrismaticShard":111,"Cursed Key":231,"Burning Blood":0,"ClockworkSouvenir":146,"HailfireSword":139,"Matryoshka":268,"Gambling Chip":93,"Pantograph":111,"RollingBoulder":281,"Red Mask":313,"Chemical X":268,"InkBottle":340,"Paper Frog":249,"Potion Belt":84,"Thread and Needle":242,"infinitespire:Joker Card":180,"infinitespire:FocusingShard":313,"PreservedInsect":340,"Omamori":21,"infinitespire:CheckeredPen":123,"infinitespire:Lucky Rock":351,"Sandwich":401,"Busted Crown":304,"infinitespire:WardingShard":107,"infinitespire:Satchel":318,"SpikesRelics:DaevaFist":180,"Art of War":188,"GolemAmulet":321,"Membership Card":0,"Toy Ornithopter":294,"infinitespire:Midas Blood":361}],"Burning Blood":654},"card_choices":[{"not_picked":["True Grit","Combust"],"picked":"Shrug It Off","floor":1},{"not_picked":["Sentinel","Burning Pact"],"picked":"Warcry","floor":2},{"not_picked":["True Grit","Wild Strike"],"picked":"Iron Wave","floor":3},{"not_picked":["Clothesline","Clash"],"picked":"Shrug It Off","floor":8},{"not_picked":["Twin Strike","Sword Boomerang"],"picked":"Flex","floor":10},{"not_picked":["Bludgeon","Fire Breathing"],"picked":"Armaments","floor":11},{"not_picked":["Perfected Strike","Clothesline","Blood for Blood","Havoc"],"picked":"SKIP","floor":12},{"not_picked":["Pommel Strike","Headbutt","Iron Wave"],"picked":"BarbarianYell","floor":13},{"not_picked":["Brutality","Corruption","Bludgeon"],"picked":"Juggernaut","floor":16},{"not_picked":["Perfected Strike","Thunderclap","Anger"],"picked":"Pummel","floor":18},{"not_picked":["infinitespire:SevenWalls","infinitespire:Collect"],"picked":"infinitespire:Menacing","floor":19},{"not_picked":["Shrug It Off","Wild Strike","Havoc","Disarm"],"picked":"SKIP","floor":24},{"not_picked":["Clash","Wild Strike","Headbutt"],"picked":"Battle Trance","floor":28},{"not_picked":["Thunderclap","Brutality","Dark Embrace+1","Perfected Strike"],"picked":"SKIP","floor":29},{"not_picked":["Absolvement","Iron Wave","Body Slam","Twin Strike"],"picked":"SKIP","floor":30},{"not_picked":["Cleave","Shrug It Off+1","Havoc"],"picked":"Inflame","floor":31}],"player_experience":2222400,"relics_obtained":[{"floor":9,"key":"Happy Flower"},{"floor":11,"key":"Question Card"},{"floor":21,"key":"Red Mask"},{"floor":31,"key":"Bronze Scales"}],"event_choices":[{"damage_healed":0,"gold_gain":275,"player_choice":"Desecrate","damage_taken":0,"max_hp_gain":0,"max_hp_loss":0,"event_name":"Golden Shrine","floor":4,"gold_loss":0,"cards_obtained":["Regret"]},{"damage_healed":0,"gold_gain":54,"player_choice":"Gained Gold","damage_taken":0,"max_hp_gain":0,"max_hp_loss":0,"event_name":"Golden Wing","floor":14,"gold_loss":0},{"damage_healed":0,"gold_gain":0,"player_choice":"Fought Bandits","damage_taken":0,"max_hp_gain":0,"max_hp_loss":0,"event_name":"Masked Bandits","floor":21,"gold_loss":0},{"cards_removed":["Injury"],"damage_healed":0,"gold_gain":0,"player_choice":"Removed Curses","damage_taken":0,"max_hp_gain":0,"max_hp_loss":0,"event_name":"Fountain of Cleansing","floor":27,"gold_loss":0}],"is_beta":false,"boss_relics":[{"not_picked":["Astrolabe","infinitespire:Cupcake"],"picked":"Pandora\u0027s Box"}],"items_purged_floors":[5,20],"is_endless":false,"potions_floor_spawned":[8,12,16,21,28],"killed_by":"Automaton","ascension_level":1}}