{"host":"ci7cmvrwpmzqnw7e","time":1610570811,"event":{"mods":["BaseMod","BetterRewards","Colored Map","Downfall","GungeonMod","Highlight Path","Hubris","Infinite Spire","Minty Spire (QoL Compilation)","Random Character Button","Rare Cards Sparkle","Replay The Spire","Shop Mod","StSLib","The Saiyan"],"gold_per_floor":[97,97,118,118,141,141,174,201,201,235,235,273,305,334,334,464,464,439,459,27,27,50,50,81,115,141,165,190,190,228,248,248,262,262],"floor_reached":33,"language":"ENG","playtime":2819,"items_purged":[],"score":330,"play_id":"0eca842d-991b-4571-8c61-d475b47147ba","local_time":"20210113134651","is_ascension_mode":false,"campfire_choices":[{"data":"Saiyan:DragonRadar","floor":6,"key":"SMITH"},{"floor":15,"key":"REST"},{"data":"Saiyan:CCCapsule","floor":23,"key":"SMITH"},{"floor":29,"key":"REST"},{"floor":32,"key":"REST"}],"circlet_count":0,"master_deck":["Saiyan:SAIYA_Strike+1","Saiyan:SAIYA_Strike","Saiyan:SAIYA_Strike+1","Saiyan:SAIYA_Strike+1","Saiyan:SAIYA_Defend+1","Saiyan:SAIYA_Defend","Saiyan:SAIYA_Defend","Saiyan:SAIYA_Defend","Saiyan:EnergyBlast","Saiyan:KaioKen","Saiyan:RuthlessBlow","Saiyan:CCCapsule+1","Saiyan:DragonRadar+1","Saiyan:TurtleShell","Saiyan:SenzuBean","Saiyan:Quickening","CommonCold","Saiyan:FingerParry","Saiyan:HyperTimeChamber","Saiyan:SoulSpice","Saiyan:CCCapsule+1","Metamorphosis","Saiyan:TheBomb","DemoMod:Spice","DemoMod:Spice"],"relics":["SaiyanSoul","SaiyanHeart","NeowsBlessing","Golden Idol","Replay:Rubber Ducky","Replay:Bandana","Thread and Needle","Ring of Fury","Gremlin Food","infinitespire:PuzzleCube","Oddly Smooth Stone","Runic Pyramid","Orichalcum","Toy Ornithopter","infinitespire:Bottled Soul","Nunchaku","Juzu Bracelet","ReplayTheSpireMod:TigerMarble","ReplayFunnel","Pet Ghost","Red Mask","infinitespire:Beetle Shell","infinitespire:Lucky Rock"],"acts_visited":["Exordium","TheCity"],"potions_floor_usage":[16,16,16,24,25,30,33],"damage_taken":[{"damage":0,"enemies":"2 Louse","floor":1,"turns":1},{"damage":0,"enemies":"Jaw Worm","floor":3,"turns":1},{"damage":0,"enemies":"Replay:BlueRogue","floor":7,"turns":1},{"damage":21,"enemies":"Cultist","floor":8,"turns":6},{"damage":9,"enemies":"Looter","floor":10,"turns":3},{"damage":0,"enemies":"3 Louse","floor":12,"turns":2},{"damage":0,"enemies":"Gremlin Gang","floor":13,"turns":9},{"damage":0,"enemies":"Blue Slaver","floor":14,"turns":12},{"damage":7,"enemies":"Slime Boss","floor":16,"turns":17},{"damage":1,"enemies":"2 Thieves","floor":18,"turns":7},{"damage":0,"enemies":"Chosen","floor":19,"turns":13},{"damage":10,"enemies":"Snake Plant","floor":22,"turns":4},{"damage":0,"enemies":"Shelled Parasite and Fungi","floor":24,"turns":8},{"damage":24,"enemies":"Sentry and Sphere","floor":25,"turns":11},{"damage":0,"enemies":"Centurion and Healer","floor":27,"turns":14},{"damage":24,"enemies":"Snake Plant","floor":28,"turns":11},{"damage":52,"enemies":"Masked Bandits","floor":30,"turns":12},{"damage":0,"enemies":"Sentry and Sphere","floor":31,"turns":10},{"damage":53,"enemies":"Pondfish","floor":33,"turns":9}],"seed_played":"-2419911128248056986","potions_obtained":[{"floor":10,"key":"Dexterity Potion"},{"floor":12,"key":"Weak Potion"},{"floor":14,"key":"Guardian:BlockOnCardUsePotion"},{"floor":19,"key":"GamblersBrew"},{"floor":22,"key":"Ancient Potion"},{"floor":24,"key":"LifebloodPotion"},{"floor":27,"key":"Explosive Potion"}],"is_trial":false,"path_per_floor":["M","?","M","?","T","R","E","M","T","M","?","M","M","M","R","B",null,"M","M","$","?","M","R","M","M","T","M","M","R","?","M","R","B"],"character_chosen":"SAIYAJIN","items_purchased":["Metamorphosis","infinitespire:Bottled Soul"],"campfire_rested":3,"item_purchase_floors":[20,20],"current_hp_per_floor":[60,56,57,46,46,46,46,26,26,18,18,20,22,25,44,39,68,69,69,69,80,72,72,77,59,59,59,38,63,17,18,43,0,0],"gold":262,"neow_bonus":"THREE_ENEMY_KILL","is_daily":false,"chose_seed":false,"campfire_upgraded":2,"win_rate":0.0,"timestamp":1610570811,"path_taken":["M","?","M","?","?","R","E","?","T","M","?","M","M","M","R","BOSS","M","M","$","?","M","R","M","?","T","M","M","R","?","M","R","BOSS"],"items_purchased_type":["Card","Relic"],"build_version":"2020-12-22","purchased_purges":0,"victory":false,"max_hp_per_floor":[60,56,57,57,57,57,57,58,58,59,59,61,63,66,66,68,68,70,70,70,80,82,82,82,83,83,81,84,84,85,84,84,81,81],"card_choices":[{"not_picked":["Saiyan:FingerParry","Saiyan:KiStrike"],"picked":"Saiyan:CCCapsule","floor":1},{"not_picked":["Saiyan:RemoveWeights","Saiyan:KameHameHa"],"picked":"Saiyan:DragonRadar","floor":3},{"not_picked":["Saiyan:KiExplosion","Saiyan:KameHameHa"],"picked":"Saiyan:TurtleShell","floor":7},{"not_picked":["Saiyan:AugmentedBlast","Saiyan:RemoveWeights"],"picked":"Saiyan:SenzuBean","floor":8},{"not_picked":["Saiyan:TurtleShell","Saiyan:Planning"],"picked":"Saiyan:Quickening","floor":10},{"not_picked":["Saiyan:MeteorDash","Saiyan:TurtleShell"],"picked":"Saiyan:SenzuBean","floor":12},{"not_picked":["Saiyan:SaiyanHubris","Saiyan:Flurry"],"picked":"Saiyan:FingerParry","floor":13},{"not_picked":["Saiyan:Medicine","Saiyan:Teleport","Saiyan:Makankosappo"],"picked":"SKIP","floor":14},{"not_picked":["Saiyan:SenzuBean","Saiyan:GenkiDama"],"picked":"Saiyan:HyperTimeChamber","floor":16},{"not_picked":["Saiyan:Flurry","Saiyan:Fly+1"],"picked":"Saiyan:SoulSpice","floor":18},{"not_picked":["Saiyan:Flurry","Saiyan:Planning"],"picked":"Saiyan:CCCapsule","floor":19},{"not_picked":["Saiyan:Taunt+1","Saiyan:KameHameHa","Saiyan:Scouter"],"picked":"SKIP","floor":22},{"not_picked":["Saiyan:KiStrike","Saiyan:Planning","Saiyan:Quickening+1"],"picked":"SKIP","floor":24},{"not_picked":["Saiyan:KiExplosion","Saiyan:Scouter","Saiyan:RemoveWeights+1"],"picked":"SKIP","floor":25},{"not_picked":["Saiyan:MeteorDash+1","Saiyan:DoubleMasenko"],"picked":"Saiyan:TheBomb","floor":27},{"not_picked":["Saiyan:SenzuBean","Saiyan:TurtleShell","Saiyan:DoubleMasenko+1"],"picked":"SKIP","floor":28},{"not_picked":["Saiyan:ExpandingShockwave+1","Saiyan:Flurry"],"picked":"DemoMod:Spice","floor":30},{"not_picked":["Saiyan:BackAttack","Saiyan:Overexert"],"picked":"DemoMod:Spice","floor":31}],"player_experience":67723,"relics_obtained":[{"floor":5,"key":"Replay:Rubber Ducky"},{"floor":7,"key":"Replay:Bandana"},{"floor":9,"key":"Thread and Needle"},{"floor":11,"key":"Ring of Fury"},{"floor":13,"key":"Gremlin Food"},{"floor":14,"key":"infinitespire:PuzzleCube"},{"floor":16,"key":"Oddly Smooth Stone"},{"floor":18,"key":"Orichalcum"},{"floor":19,"key":"Toy Ornithopter"},{"floor":24,"key":"Nunchaku"},{"floor":25,"key":"Juzu Bracelet"},{"floor":26,"key":"ReplayTheSpireMod:TigerMarble"},{"floor":27,"key":"ReplayFunnel"},{"floor":28,"key":"Pet Ghost"},{"floor":30,"key":"Red Mask"},{"floor":30,"key":"infinitespire:Beetle Shell"},{"floor":31,"key":"infinitespire:Lucky Rock"}],"event_choices":[{"damage_healed":0,"gold_gain":0,"player_choice":"Lose Max HP","damage_taken":0,"relics_obtained":["Golden Idol"],"max_hp_gain":0,"max_hp_loss":4,"event_name":"Golden Idol","floor":2,"gold_loss":0},{"damage_healed":0,"gold_gain":0,"player_choice":"Entered Light","damage_taken":11,"max_hp_gain":0,"max_hp_loss":0,"event_name":"Shining Light","floor":4,"gold_loss":0,"cards_upgraded":["Saiyan:SAIYA_Strike","Saiyan:SAIYA_Defend"]},{"cards_removed":["Saiyan:SenzuBean"],"damage_healed":1,"gold_gain":0,"player_choice":"Offered Rare","damage_taken":0,"max_hp_gain":10,"max_hp_loss":0,"event_name":"Bonfire Elementals","floor":21,"gold_loss":0},{"damage_healed":0,"gold_gain":0,"player_choice":"Fought Bandits","damage_taken":0,"max_hp_gain":0,"max_hp_loss":0,"event_name":"Masked Bandits","floor":30,"gold_loss":0}],"is_beta":false,"boss_relics":[{"not_picked":["Ectoplasm","hubris:Stopwatch"],"picked":"Runic Pyramid"}],"items_purged_floors":[],"is_endless":false,"potions_floor_spawned":[10,12,14,19,22,24,27],"killed_by":"Pondfish","ascension_level":0}}