{"host":"jpcy2bclvs7juczu","time":1610524108,"event":{"mods":["AchievementEnabler","BaseMod","Block Reminder","Colored Map","Colored Powertips","Curses Come First","Dark Map","Minty Spire (QoL Compilation)","Quick Restart","Relic Stats","StSLib","ojb\u0027s Better Paths Mod","ojb\u0027s Info Mod","slay the spire mod where everything is the same but ironclad has a cowboy hat"],"gold_per_floor":[114,38,55,75,75,400,418,431,431,431,448,448,28,54,54,125,125,145,195,208,208,208,234,234,262,287,307,307,21,32,65,65,136,136,151,151,170,40,40,71,71,103,126,139,174,188,198,226,226,226,226,226,226,0,26,26],"floor_reached":57,"language":"ENG","playtime":4641,"items_purged":["Strike_G","Pain"],"score":3080,"play_id":"e1e2a0f2-e3b9-4c7b-9524-1f4655931472","local_time":"20210113074828","is_ascension_mode":true,"campfire_choices":[{"data":"Glass Knife","floor":10.0,"key":"SMITH"},{"data":"Skewer","floor":12.0,"key":"SMITH"},{"data":"All Out Attack","floor":15.0,"key":"SMITH"},{"data":"Calculated Gamble","floor":24.0,"key":"SMITH"},{"data":"Cloak And Dagger","floor":32.0,"key":"SMITH"},{"floor":49.0,"key":"RECALL"},{"data":"After Image","floor":53.0,"key":"SMITH"}],"circlet_count":0,"master_deck":["AscendersBane","Survivor","Neutralize","Skewer+1","All Out Attack+1","Blade Dance","Sucker Punch","Glass Knife+1","Adrenaline","Backflip","Deadly Poison","Bandage Up","Calculated Gamble+1","Underhanded Strike+1","After Image+1","Blade Dance","Skewer","Terror","Blur","Cloak And Dagger+1","Venomology","Endless Agony","Predator+1","Blade Dance","Outmaneuver+1","Dodge and Roll+1","Night Terror+1","Dodge and Roll+1","Outmaneuver+1","Blur+1","Secret Technique+1","Panacea+1","Bouncing Flask+1","Tactician+1","Acrobatics+1","Leg Sweep+1","Burst+1"],"relics":["Coffee Dripper","Old Coin","Sundial","TwistedFunnel","Kunai","Pandora\u0027s Box","Meat on the Bone","Regal Pillow","Whetstone","Toxic Egg 2","PreservedInsect","Snecko Eye","WarpedTongs","White Beast Statue","Snake Skull","Potion Belt","Ginger","Oddly Smooth Stone","Medical Kit","Centennial Puzzle"],"acts_visited":["Exordium","TheCity","TheBeyond","TheEnding"],"potions_floor_usage":[56,56,56,56,56],"damage_taken":[{"damage":22.0,"enemies":"Jaw Worm","floor":1.0,"turns":7.0},{"damage":0.0,"enemies":"Cultist","floor":3.0,"turns":3.0},{"damage":1.0,"enemies":"Small Slimes","floor":4.0,"turns":3.0},{"damage":6.0,"enemies":"Gremlin Nob","floor":6.0,"turns":3.0},{"damage":0.0,"enemies":"2 Fungi Beasts","floor":7.0,"turns":2.0},{"damage":0.0,"enemies":"Large Slime","floor":8.0,"turns":4.0},{"damage":10.0,"enemies":"Gremlin Gang","floor":11.0,"turns":5.0},{"damage":10.0,"enemies":"Lagavulin","floor":14.0,"turns":4.0},{"damage":0.0,"enemies":"Slime Boss","floor":16.0,"turns":6.0},{"damage":0.0,"enemies":"3 Byrds","floor":18.0,"turns":2.0},{"damage":0.0,"enemies":"Spheric Guardian","floor":20.0,"turns":3.0},{"damage":14.0,"enemies":"Book of Stabbing","floor":23.0,"turns":4.0},{"damage":8.0,"enemies":"Slavers","floor":25.0,"turns":2.0},{"damage":0.0,"enemies":"Centurion and Healer","floor":27.0,"turns":4.0},{"damage":0.0,"enemies":"Snecko","floor":30.0,"turns":3.0},{"damage":0.0,"enemies":"Gremlin Leader","floor":31.0,"turns":5.0},{"damage":60.0,"enemies":"Champ","floor":33.0,"turns":16.0},{"damage":13.0,"enemies":"Orb Walker","floor":35.0,"turns":3.0},{"damage":19.0,"enemies":"3 Darklings","floor":37.0,"turns":4.0},{"damage":4.0,"enemies":"Giant Head","floor":40.0,"turns":8.0},{"damage":17.0,"enemies":"Nemesis","floor":42.0,"turns":5.0},{"damage":21.0,"enemies":"Jaw Worm Horde","floor":44.0,"turns":3.0},{"damage":0.0,"enemies":"Giant Head","floor":45.0,"turns":7.0},{"damage":9.0,"enemies":"Transient","floor":46.0,"turns":6.0},{"damage":0.0,"enemies":"Spire Growth","floor":47.0,"turns":5.0},{"damage":12.0,"enemies":"Nemesis","floor":48.0,"turns":7.0},{"damage":32.0,"enemies":"Time Eater","floor":50.0,"turns":15.0},{"damage":62.0,"enemies":"Donu and Deca","floor":51.0,"turns":23.0},{"damage":37.0,"enemies":"Shield and Spear","floor":55.0,"turns":10.0},{"damage":23,"enemies":"The Heart","floor":56,"turns":13}],"seed_played":"-4131997077920970554","potions_obtained":[{"floor":3.0,"key":"SpeedPotion"},{"floor":4.0,"key":"FearPotion"},{"floor":6.0,"key":"DistilledChaos"},{"floor":14.0,"key":"GamblersBrew"},{"floor":25.0,"key":"Fruit Juice"},{"floor":30.0,"key":"Strength Potion"},{"floor":40.0,"key":"Block Potion"},{"floor":42.0,"key":"Dexterity Potion"},{"floor":44.0,"key":"ColorlessPotion"},{"floor":45.0,"key":"DistilledChaos"},{"floor":46.0,"key":"GamblersBrew"},{"floor":48.0,"key":"Strength Potion"},{"floor":55.0,"key":"PowerPotion"}],"is_trial":false,"path_per_floor":["M","$","M","M","?","E","M","M","T","R","M","R","$","E","R","B",null,"M","?","M","?","?","E","R","E","T","M","?","$","M","E","R","B",null,"M","?","M","$","T","E","?","E","T","M","E","M","M","E","R","B","B",null,"R","$","E","B",null],"character_chosen":"THE_SILENT","items_purchased":["All Out Attack","TwistedFunnel","Bandage Up","Calculated Gamble","Toxic Egg 2","Outmaneuver+1","Medical Kit","Energy Potion"],"campfire_rested":0,"item_purchase_floors":[2,13,13,13,29,38,54,54],"current_hp_per_floor":[37,37,37,36,36,30,30,30,30,30,20,20,20,14,14,18,54,58,58,62,62,62,52,52,44,44,53,81,81,81,81,81,33,69,56,56,41,41,41,43,33,34,34,29,45,52,58,52,52,36,29,68,68,68,47,42],"gold":26,"neow_bonus":"BOSS_RELIC","is_daily":false,"chose_seed":false,"campfire_upgraded":6,"win_rate":0.0,"timestamp":1610524108,"path_taken":["M","$","M","M","?","E","?","M","T","R","M","R","?","E","R","BOSS","M","?","M","?","?","E","R","E","T","M","?","$","?","E","R","BOSS","M","?","M","$","?","E","?","E","T","M","E","?","M","E","R","BOSS","BOSS","R","$","E","BOSS"],"items_purchased_type":["Card","Relic","Card","Card","Relic","Card","Relic","Potion"],"build_version":"2020-12-22","purchased_purges":2,"victory":true,"max_hp_per_floor":[66,66,66,66,66,66,66,66,66,66,66,66,66,66,66,66,66,66,66,66,66,66,66,66,66,66,71,81,81,81,81,81,81,81,81,81,81,81,81,81,81,81,81,81,81,81,81,81,81,81,81,81,81,81,81,81],"relic_stats":{"Regal Pillow":0,"counters":[30,185],"PreservedInsect":437,"Snake Skull":[117],"Whetstone":["Predator","Underhanded Strike"],"Ginger":[3],"Medical Kit":[12],"WarpedTongs":[91],"Centennial Puzzle":[3],"Sundial":[24],"Snecko Eye":[204,225,203,201],"Pandora\u0027s Box":["Blade Dance","Skewer","Terror","Blur","Glass Knife","Cloak And Dagger","Venomology","Endless Agony"],"Kunai":[148],"obtain_stats":[{"TwistedFunnel":13,"Potion Belt":42,"Regal Pillow":25,"Oddly Smooth Stone":48,"PreservedInsect":31,"Snake Skull":40,"Whetstone":26,"Ginger":45,"Medical Kit":54,"White Beast Statue":39,"Old Coin":6,"WarpedTongs":36,"Centennial Puzzle":55,"Sundial":9,"Snecko Eye":34,"Pandora\u0027s Box":17,"Coffee Dripper":0,"Kunai":14,"Toxic Egg 2":29,"Ring of the Snake":0,"Meat on the Bone":23},{"TwistedFunnel":7,"Potion Belt":21,"Regal Pillow":13,"Oddly Smooth Stone":26,"PreservedInsect":16,"Snake Skull":20,"Whetstone":13,"Ginger":23,"Medical Kit":28,"White Beast Statue":19,"Old Coin":4,"WarpedTongs":18,"Centennial Puzzle":29,"Sundial":6,"Snecko Eye":17,"Pandora\u0027s Box":9,"Coffee Dripper":0,"Kunai":8,"Toxic Egg 2":14,"Ring of the Snake":0,"Meat on the Bone":12},{"TwistedFunnel":27,"Potion Belt":96,"Regal Pillow":48,"Oddly Smooth Stone":124,"PreservedInsect":60,"Snake Skull":91,"Whetstone":48,"Ginger":106,"Medical Kit":162,"White Beast Statue":83,"Old Coin":16,"WarpedTongs":79,"Centennial Puzzle":172,"Sundial":22,"Snecko Eye":76,"Pandora\u0027s Box":37,"Coffee Dripper":0,"Kunai":31,"Toxic Egg 2":52,"Ring of the Snake":0,"Meat on the Bone":46}],"Meat on the Bone":108},"card_choices":[{"not_picked":["Deadly Poison","Finisher"],"picked":"Skewer","floor":1.0},{"not_picked":["Prepared","Reflex"],"picked":"Blade Dance","floor":3.0},{"not_picked":["Flechettes","Outmaneuver"],"picked":"Sucker Punch","floor":4.0},{"not_picked":["Skewer","Glass Knife"],"picked":"Adrenaline","floor":6.0},{"not_picked":["All Out Attack","Tactician","Outmaneuver"],"picked":"SKIP","floor":7.0},{"not_picked":["Cloak And Dagger","Underhanded Strike"],"picked":"Backflip","floor":8.0},{"not_picked":["Riddle With Holes","Slice"],"picked":"Deadly Poison","floor":11.0},{"not_picked":["Expertise","Poisoned Stab"],"picked":"Underhanded Strike","floor":14.0},{"not_picked":["Phantasmal Killer","Adrenaline"],"picked":"After Image","floor":16.0},{"not_picked":["Dagger Spray","Flechettes"],"picked":"Predator","floor":18.0},{"not_picked":["Poisoned Stab","Prepared","Expertise"],"picked":"SKIP","floor":20.0},{"not_picked":["Dagger Spray","Riddle With Holes","Underhanded Strike"],"picked":"SKIP","floor":23.0},{"not_picked":["Slice","Deflect"],"picked":"Blade Dance","floor":25.0},{"not_picked":["Caltrops","Cloak And Dagger","Noxious Fumes"],"picked":"SKIP","floor":27.0},{"not_picked":["Masterful Stab","Bane"],"picked":"Outmaneuver+1","floor":30.0},{"not_picked":["Predator","Accuracy"],"picked":"Dodge and Roll+1","floor":31.0},{"not_picked":["Storm of Steel+1","Bullet Time+1"],"picked":"Night Terror+1","floor":33.0},{"not_picked":["Prepared+1","Cloak And Dagger+1"],"picked":"Dodge and Roll+1","floor":35.0},{"not_picked":["Bane","Setup+1","Underhanded Strike"],"picked":"SKIP","floor":37.0},{"not_picked":["Sucker Punch","Adrenaline+1"],"picked":"Blur+1","floor":40.0},{"not_picked":["Blind+1","Dark Shackles+1"],"picked":"Secret Technique+1","floor":41.0},{"not_picked":["Flash of Steel","Deep Breath+1"],"picked":"Panacea+1","floor":41.0},{"not_picked":["Endless Agony","Glass Knife"],"picked":"Bouncing Flask+1","floor":42.0},{"not_picked":["Dagger Throw","Dagger Spray"],"picked":"Tactician+1","floor":44.0},{"not_picked":["Prepared+1","Glass Knife","Infinite Blades"],"picked":"SKIP","floor":45.0},{"not_picked":["Calculated Gamble+1","Cloak And Dagger+1"],"picked":"Acrobatics+1","floor":46.0},{"not_picked":["Bane+1","Flying Knee+1","Cloak And Dagger+1"],"picked":"SKIP","floor":47.0},{"not_picked":["Acrobatics+1","Prepared+1"],"picked":"Leg Sweep+1","floor":48.0},{"not_picked":["Outmaneuver+1","Setup+1"],"picked":"Burst+1","floor":55.0}],"player_experience":391635,"relics_obtained":[{"floor":6.0,"key":"Old Coin"},{"floor":9.0,"key":"Sundial"},{"floor":14.0,"key":"Kunai"},{"floor":23.0,"key":"Meat on the Bone"},{"floor":25.0,"key":"Regal Pillow"},{"floor":26.0,"key":"Whetstone"},{"floor":31.0,"key":"PreservedInsect"},{"floor":39.0,"key":"White Beast Statue"},{"floor":40.0,"key":"Snake Skull"},{"floor":42.0,"key":"Potion Belt"},{"floor":45.0,"key":"Ginger"},{"floor":48.0,"key":"Oddly Smooth Stone"},{"floor":55.0,"key":"Centennial Puzzle"}],"event_choices":[{"damage_healed":0.0,"max_hp_gain":0.0,"max_hp_loss":0.0,"gold_gain":0.0,"cards_transformed":["Strike_G"],"event_name":"Transmorgrifier","player_choice":"Transformed","floor":5.0,"gold_loss":0.0,"damage_taken":0.0,"cards_obtained":["Glass Knife"]},{"damage_healed":0.0,"max_hp_gain":0.0,"max_hp_loss":0.0,"gold_gain":50.0,"event_name":"Nest","player_choice":"Stole From Cult","floor":19.0,"gold_loss":0.0,"damage_taken":0.0},{"damage_healed":0.0,"max_hp_gain":0.0,"max_hp_loss":0.0,"gold_gain":0.0,"event_name":"Vampires","player_choice":"Ignored","floor":21.0,"gold_loss":0.0,"damage_taken":0.0},{"damage_healed":0.0,"max_hp_gain":0.0,"max_hp_loss":0.0,"gold_gain":0.0,"event_name":"Beggar","player_choice":"Ignored","floor":22.0,"gold_loss":0.0,"damage_taken":0.0},{"cards_removed":["Glass Knife"],"damage_healed":18.0,"max_hp_gain":10.0,"max_hp_loss":0.0,"gold_gain":0.0,"event_name":"Bonfire Elementals","player_choice":"Offered Rare","floor":28.0,"gold_loss":0.0,"damage_taken":0.0},{"damage_healed":0.0,"max_hp_gain":0.0,"max_hp_loss":0.0,"gold_gain":0.0,"event_name":"Accursed Blacksmith","player_choice":"Rummage","floor":36.0,"gold_loss":0.0,"damage_taken":0.0,"relics_obtained":["WarpedTongs"],"cards_obtained":["Pain"]},{"damage_healed":0.0,"max_hp_gain":0.0,"max_hp_loss":0.0,"gold_gain":0.0,"event_name":"SensoryStone","player_choice":"Memory 3","floor":41.0,"gold_loss":0.0,"damage_taken":10.0}],"is_beta":false,"boss_relics":[{"not_picked":["HoveringKite","Velvet Choker"],"picked":"Pandora\u0027s Box"},{"not_picked":["Tiny House","Fusion Hammer"],"picked":"Snecko Eye"}],"items_purged_floors":[13,38],"is_endless":false,"potions_floor_spawned":[3,4,6,8,14,23,25,30,40,42,44,45,46,47,48,55],"ascension_level":20}}