{"host":"jl3raagrljzztomj","time":1610541598,"event":{"mods":["Aspiration","BaseMod","BetterRewards","Colored Map","Colored Powertips","Custom Start","Hermit","Highlight Path","Minty Spire (QoL Compilation)","Permanent Neow","StSLib","The Runesmith"],"gold_per_floor":[114,125,138,149,159,187,187,187,187,187,137,202,202,237,237,334,334,347,347,358,545,176,201,201,221,221,221,235,335,335,351,351,454,454,465,476,488,504,504,504,504],"floor_reached":40,"language":"ENG","playtime":1898,"items_purged":["Strike_R"],"score":418,"play_id":"a1e61638-41f1-4b0a-bf14-282b191012dc","local_time":"20210113063958","is_ascension_mode":false,"campfire_choices":[{"floor":8.0,"key":"REST"},{"data":"Hemokinesis","floor":10.0,"key":"SMITH"},{"floor":13.0,"key":"REST"},{"data":"Hemokinesis","floor":15.0,"key":"SMITH"},{"floor":24,"key":"REST"},{"data":"RitualDagger","floor":27,"key":"SMITH"},{"data":"Bash","floor":30,"key":"SMITH"},{"data":"Berserk","floor":32,"key":"SMITH"}],"circlet_count":0,"master_deck":["Strike_R","Strike_R","Strike_R","Defend_R","Defend_R","Defend_R","Bash+1","Hemokinesis+1","Hemokinesis+1","Juggernaut","Berserk+1","Combust+1","RitualDagger+1","Immolate","Demon Form","Combust"],"relics":["Burning Blood","Orichalcum","Lizard Tail","Pantograph","Unceasing Top","Kunai","Meat on the Bone","Sozu","Old Coin","Magic Flower","Thread and Needle","Letter Opener","Mango","Matryoshka","Cursed Key"],"acts_visited":["Exordium","TheCity","TheBeyond"],"potions_floor_usage":[18],"damage_taken":[{"damage":0.0,"enemies":"Cultist","floor":1.0,"turns":3.0},{"damage":0.0,"enemies":"2 Louse","floor":2.0,"turns":3.0},{"damage":6.0,"enemies":"Jaw Worm","floor":3.0,"turns":3.0},{"damage":9.0,"enemies":"3 Louse","floor":4.0,"turns":4.0},{"damage":5.0,"enemies":"Large Slime","floor":5.0,"turns":3.0},{"damage":36.0,"enemies":"Lagavulin","floor":6.0,"turns":6.0},{"damage":32.0,"enemies":"Lagavulin Event","floor":12.0,"turns":4.0},{"damage":19.0,"enemies":"Gremlin Nob","floor":14.0,"turns":4.0},{"damage":59.0,"enemies":"Hexaghost","floor":16.0,"turns":9.0},{"damage":17,"enemies":"3 Byrds","floor":18,"turns":5},{"damage":15,"enemies":"Chosen","floor":20,"turns":3},{"damage":51,"enemies":"Slavers","floor":23,"turns":5},{"damage":14,"enemies":"Centurion and Healer","floor":25,"turns":3},{"damage":7,"enemies":"3 Cultists","floor":28,"turns":5},{"damage":35,"enemies":"Colosseum Slavers","floor":29,"turns":4},{"damage":20,"enemies":"Colosseum Nobs","floor":29,"turns":4},{"damage":21,"enemies":"Chosen and Byrds","floor":31,"turns":5},{"damage":103,"enemies":"Automaton","floor":33,"turns":10},{"damage":15,"enemies":"Orb Walker","floor":35,"turns":3},{"damage":33,"enemies":"3 Darklings","floor":36,"turns":4},{"damage":23,"enemies":"4 Shapes","floor":37,"turns":6},{"damage":26,"enemies":"Transient","floor":38,"turns":5},{"damage":70,"enemies":"Nemesis","floor":40,"turns":5}],"seed_played":"-3800965686586224845","potions_obtained":[{"floor":1.0,"key":"AttackPotion"},{"floor":14.0,"key":"AttackPotion"},{"floor":16.0,"key":"DistilledChaos"}],"is_trial":false,"path_per_floor":["M","M","M","M","M","E","T","R","T","R","?","?","R","E","R","B",null,"M","?","M","?","$","E","R","M","T","R","M","?","R","M","R","B",null,"M","M","M","M","?","E"],"character_chosen":"IRONCLAD","items_purchased":["Magic Flower"],"campfire_rested":3,"item_purchase_floors":[22],"current_hp_per_floor":[80,80,80,77,78,48,48,72,72,72,72,46,70,57,57,39,80,69,63,54,54,54,30,54,67,67,67,69,64,64,70,70,77,94,88,64,68,69,69,0,0],"gold":504,"neow_bonus":"RANDOM_COMMON_RELIC","is_daily":false,"chose_seed":false,"campfire_upgraded":5,"win_rate":0.0,"timestamp":1610541598,"path_taken":["M","M","M","M","M","E","?","R","T","R","?","?","R","E","R","BOSS","M","?","M","?","$","E","R","?","T","R","M","?","R","M","R","BOSS","M","M","M","M","?","E"],"items_purchased_type":["Relic"],"build_version":"2020-12-22","purchased_purges":1,"victory":false,"max_hp_per_floor":[80,80,80,80,80,80,80,80,80,80,80,80,80,80,80,80,80,80,80,80,80,80,80,80,80,80,80,80,94,94,94,94,94,94,94,94,94,94,94,94,94],"card_choices":[{"not_picked":["Cleave","Flex","Body Slam"],"picked":"SKIP","floor":1.0},{"not_picked":["Flex","Armaments","Cleave"],"picked":"SKIP","floor":2.0},{"not_picked":["Perfected Strike","Anger"],"picked":"Hemokinesis","floor":3.0},{"not_picked":["Headbutt","Shrug It Off"],"picked":"Hemokinesis","floor":4.0},{"not_picked":["Iron Wave","Rage","Clash"],"picked":"SKIP","floor":5.0},{"not_picked":["Cleave","Shockwave"],"picked":"Juggernaut","floor":6.0},{"not_picked":["Wild Strike","Dropkick","Carnage"],"picked":"SKIP","floor":14.0},{"not_picked":["Impervious","Immolate"],"picked":"Berserk","floor":16.0},{"not_picked":["Twin Strike+1","Rampage"],"picked":"Combust+1","floor":18},{"not_picked":["Infernal Blade","Clash+1","Flex"],"picked":"SKIP","floor":20},{"not_picked":["Power Through","Havoc"],"picked":"Immolate","floor":23},{"not_picked":["Evolve","Inflame","Clash"],"picked":"SKIP","floor":25},{"not_picked":["Twin Strike","Dual Wield","Body Slam+1"],"picked":"SKIP","floor":28},{"not_picked":["Cleave","Clothesline","Wild Strike"],"picked":"SKIP","floor":31},{"not_picked":["Immolate","Corruption"],"picked":"Demon Form","floor":33},{"not_picked":["Sword Boomerang","Infernal Blade","Uppercut+1"],"picked":"SKIP","floor":35},{"not_picked":["Thunderclap","Iron Wave"],"picked":"Combust","floor":36},{"not_picked":["Cleave","Sword Boomerang","Havoc+1"],"picked":"SKIP","floor":37},{"not_picked":["Dark Embrace+1","Entrench+1","Twin Strike+1"],"picked":"SKIP","floor":38}],"player_experience":931724,"relics_obtained":[{"floor":6.0,"key":"Lizard Tail"},{"floor":7.0,"key":"Pantograph"},{"floor":9.0,"key":"Unceasing Top"},{"floor":12.0,"key":"Kunai"},{"floor":14.0,"key":"Meat on the Bone"},{"floor":23,"key":"Thread and Needle"},{"floor":26,"key":"Letter Opener"},{"floor":29,"key":"Mango"},{"floor":29,"key":"Matryoshka"}],"event_choices":[{"cards_removed":["Strike_R"],"damage_healed":0.0,"max_hp_gain":0.0,"max_hp_loss":0.0,"gold_gain":0.0,"event_name":"The Cleric","player_choice":"Card Removal","floor":11.0,"gold_loss":50.0,"damage_taken":0.0},{"damage_healed":0.0,"max_hp_gain":0.0,"max_hp_loss":0.0,"gold_gain":0.0,"event_name":"Dead Adventurer","player_choice":"Searched \u00271\u0027 times","floor":12.0,"gold_loss":0.0,"damage_taken":0.0},{"damage_healed":0,"gold_gain":0,"player_choice":"Joined the Cult","damage_taken":6,"max_hp_gain":0,"max_hp_loss":0,"event_name":"Nest","floor":19,"gold_loss":0,"cards_obtained":["RitualDagger"]},{"damage_healed":0,"gold_gain":0,"player_choice":"Paid Gold","damage_taken":0,"relics_obtained":["Old Coin"],"max_hp_gain":0,"max_hp_loss":0,"event_name":"WeMeetAgain","floor":21,"gold_loss":113},{"damage_healed":0,"gold_gain":0,"player_choice":"Fight","damage_taken":0,"max_hp_gain":0,"max_hp_loss":0,"event_name":"Colosseum","floor":29,"gold_loss":0},{"damage_healed":0,"gold_gain":0,"player_choice":"Fought Nobs","damage_taken":0,"max_hp_gain":0,"max_hp_loss":0,"event_name":"Colosseum","floor":29,"gold_loss":0},{"cards_removed":["Defend_R"],"damage_healed":0,"gold_gain":0,"player_choice":"Removed Skill","damage_taken":0,"max_hp_gain":0,"max_hp_loss":0,"event_name":"Falling","floor":39,"gold_loss":0}],"is_beta":false,"boss_relics":[{"not_picked":["Busted Crown","Tiny House"],"picked":"Sozu"},{"not_picked":["Runesmith:UraniumAnvil","Calling Bell"],"picked":"Cursed Key"}],"items_purged_floors":[22],"is_endless":false,"potions_floor_spawned":[1,14,16,20,28,29,33,37,38],"killed_by":"Nemesis","ascension_level":0}}