{"host":"utcbn1j9ebmpc40m","time":1610559140,"event":{"mods":["BaseMod","Better Match","Minty Spire (QoL Compilation)","Poor People Problems","StSLib","SuperFastMode","The IronCluck"],"gold_per_floor":[114,114,114,114,114,148,148,165,165,180,180,195,206,234,234,234,234],"floor_reached":16,"language":"ENG","playtime":544,"items_purged":[],"score":165,"play_id":"465ca2da-df28-40ed-bf88-761afe64bbe0","local_time":"20210113123220","is_ascension_mode":true,"campfire_choices":[{"floor":7,"key":"REST"},{"floor":11,"key":"REST"},{"floor":15,"key":"REST"}],"circlet_count":0,"master_deck":["AscendersBane","Strike_G","Strike_G+1","Strike_G","Strike_G+1","Strike_G","Defend_G","Defend_G","Defend_G","Defend_G","Survivor","Neutralize","Cloak And Dagger","Accuracy","Cloak And Dagger","Underhanded Strike","Blade Dance","Burst"],"relics":["Ring of the Snake","Whetstone","Mummified Hand","The Specimen"],"acts_visited":["Exordium"],"potions_floor_usage":[6],"damage_taken":[{"damage":0,"enemies":"2 Louse","floor":1,"turns":4},{"damage":47,"enemies":"Lagavulin","floor":6,"turns":7},{"damage":1,"enemies":"Cultist","floor":8,"turns":4},{"damage":0,"enemies":"Jaw Worm","floor":10,"turns":3},{"damage":0,"enemies":"Exordium Wildlife","floor":12,"turns":3},{"damage":9,"enemies":"3 Louse","floor":13,"turns":4},{"damage":26,"enemies":"3 Sentries","floor":14,"turns":9},{"damage":43,"enemies":"Hexaghost","floor":16,"turns":9}],"seed_played":"4355355976367703479","potions_obtained":[{"floor":1,"key":"CunningPotion"},{"floor":14,"key":"Dexterity Potion"}],"is_trial":false,"path_per_floor":["M","$","?","$","?","E","R","M","T","M","R","M","M","E","R","B"],"character_chosen":"THE_SILENT","items_purchased":[],"campfire_rested":3,"item_purchase_floors":[],"current_hp_per_floor":[63,63,63,63,63,16,37,36,36,36,57,57,48,22,43,0,0],"gold":234,"neow_bonus":"THREE_CARDS","is_daily":false,"chose_seed":false,"campfire_upgraded":0,"win_rate":0.0,"timestamp":1610559140,"path_taken":["M","$","?","?","?","E","R","M","T","M","R","M","?","E","R","BOSS"],"items_purchased_type":[],"build_version":"2020-12-22","purchased_purges":0,"victory":false,"max_hp_per_floor":[70,70,70,70,70,70,70,70,70,70,70,70,70,70,70,70,70],"card_choices":[{"not_picked":["Quick Slash","Dagger Throw"],"picked":"Cloak And Dagger","floor":0},{"not_picked":["Endless Agony","Sucker Punch","Dodge and Roll"],"picked":"SKIP","floor":1},{"not_picked":["Infinite Blades","Dodge and Roll"],"picked":"Accuracy","floor":6},{"not_picked":["Leg Sweep","Flying Knee"],"picked":"Cloak And Dagger","floor":8},{"not_picked":["Heel Hook","Reflex","Tactician"],"picked":"SKIP","floor":10},{"not_picked":["Deadly Poison","Crippling Poison"],"picked":"Underhanded Strike","floor":12},{"not_picked":["Flying Knee","Poisoned Stab"],"picked":"Blade Dance","floor":13},{"not_picked":["Dodge and Roll","Distraction"],"picked":"Burst","floor":14}],"player_experience":465141,"relics_obtained":[{"floor":6,"key":"Whetstone"},{"floor":9,"key":"Mummified Hand"},{"floor":14,"key":"The Specimen"}],"event_choices":[{"cards_removed":["Defend_G"],"damage_healed":0,"gold_gain":0,"player_choice":"Offered Basic","damage_taken":0,"max_hp_gain":0,"max_hp_loss":0,"event_name":"Bonfire Elementals","floor":3,"gold_loss":0},{"damage_healed":0,"gold_gain":0,"player_choice":"Ignored","damage_taken":0,"max_hp_gain":0,"max_hp_loss":0,"event_name":"Golden Wing","floor":5,"gold_loss":0}],"is_beta":false,"boss_relics":[],"items_purged_floors":[],"is_endless":false,"potions_floor_spawned":[1,14],"killed_by":"Hexaghost","ascension_level":10}}