{"host":"52lujqhsyicpcskq","time":1610542856,"event":{"mods":["BaseMod","Colored Map","DeckTracker","Minty Spire (QoL Compilation)","Permanent Neow","StSLib","SuperFastMode","everything is the same but u backflip on backflip"],"gold_per_floor":[109,121,138,156,156,184,184,218,218,218,251,251,283,248,248,248,248],"floor_reached":16,"language":"KOR","playtime":430,"items_purged":[],"score":198,"play_id":"a67768ad-7e05-406c-b771-1139667a1d77","local_time":"20210113220056","is_ascension_mode":true,"campfire_choices":[{"floor":7.0,"key":"REST"},{"floor":10,"key":"REST"},{"floor":12,"key":"REST"},{"data":"Echo Form","floor":15,"key":"SMITH"}],"circlet_count":0,"master_deck":["AscendersBane","Strike_B","Strike_B","Strike_B","Defend_B","Defend_B","Defend_B","Defend_B","Zap","Dualcast","Self Repair","Ball Lightning","Streamline","Rebound","Echo Form+1","Cold Snap","Hologram","Ball Lightning+1"],"relics":["Cracked Core","Tiny Chest","Letter Opener","HornCleat","Eternal Feather","Ornamental Fan","Molten Egg 2"],"acts_visited":["Exordium"],"potions_floor_usage":[16],"damage_taken":[{"damage":1.0,"enemies":"Cultist","floor":1.0,"turns":3.0},{"damage":11.0,"enemies":"Small Slimes","floor":2.0,"turns":3.0},{"damage":7.0,"enemies":"Jaw Worm","floor":3.0,"turns":3.0},{"damage":0.0,"enemies":"Large Slime","floor":4.0,"turns":4.0},{"damage":30.0,"enemies":"Lagavulin","floor":6.0,"turns":6.0},{"damage":26,"enemies":"Gremlin Nob","floor":8,"turns":4},{"damage":52,"enemies":"Lagavulin","floor":11,"turns":7},{"damage":27,"enemies":"Gremlin Nob","floor":13,"turns":4},{"damage":62,"enemies":"The Guardian","floor":16,"turns":8}],"seed_played":"-8002296531826121927","potions_obtained":[{"floor":2.0,"key":"Swift Potion"},{"floor":8,"key":"PotionOfCapacity"}],"is_trial":false,"path_per_floor":["M","M","M","M","?","E","R","E","T","R","E","R","E","?","R","B"],"character_chosen":"DEFECT","items_purchased":[],"campfire_rested":3,"item_purchase_floors":[],"current_hp_per_floor":[67,56,56,63,56,33,55,29,29,60,15,46,33,51,60,0,0],"gold":248,"neow_bonus":"RANDOM_COMMON_RELIC","is_daily":false,"chose_seed":false,"campfire_upgraded":1,"win_rate":0.0,"timestamp":1610542856,"path_taken":["M","M","M","?","?","E","R","E","T","R","E","R","E","?","R","BOSS"],"items_purchased_type":[],"build_version":"2020-12-22","purchased_purges":0,"victory":false,"max_hp_per_floor":[75,75,75,75,75,75,75,75,75,75,75,75,75,75,75,75,75],"card_choices":[{"not_picked":["Streamline","Reprogram"],"picked":"Self Repair","floor":1.0},{"not_picked":["Consume","Undo"],"picked":"Ball Lightning","floor":2.0},{"not_picked":["Go for the Eyes","Turbo"],"picked":"Streamline","floor":3.0},{"not_picked":["Aggregate","Capacitor"],"picked":"Rebound","floor":4.0},{"not_picked":["Beam Cell","Redo"],"picked":"Echo Form","floor":6.0},{"not_picked":["Coolheaded","Rebound"],"picked":"Cold Snap","floor":8},{"not_picked":["Force Field","Storm"],"picked":"Hologram","floor":11},{"not_picked":["Darkness","Machine Learning"],"picked":"Ball Lightning+1","floor":13}],"player_experience":681263,"relics_obtained":[{"floor":6.0,"key":"Letter Opener"},{"floor":8,"key":"HornCleat"},{"floor":9,"key":"Eternal Feather"},{"floor":11,"key":"Ornamental Fan"},{"floor":13,"key":"Molten Egg 2"}],"event_choices":[{"cards_removed":["Strike_B"],"damage_healed":0.0,"max_hp_gain":0.0,"max_hp_loss":0.0,"gold_gain":0.0,"event_name":"Golden Wing","player_choice":"Card Removal","floor":5.0,"gold_loss":0.0,"damage_taken":7.0},{"damage_healed":18,"gold_gain":0,"player_choice":"Healed","damage_taken":0,"max_hp_gain":0,"max_hp_loss":0,"event_name":"The Cleric","floor":14,"gold_loss":35}],"is_beta":false,"boss_relics":[],"items_purged_floors":[],"is_endless":false,"potions_floor_spawned":[2,8,11],"killed_by":"The Guardian","ascension_level":11}}