{"host":"jggt5i9rbuoqvque","time":1610568007,"event":{"mods":["BaseMod","Colored Map","Minty Spire (QoL Compilation)","StSLib"],"gold_per_floor":[112,130,130,80,80,107,120,120,120,120,133,133,159,159,159,262,262,282,207,132,144,158,158,169,189,189,222,237,337,337,356,356,456,456,470,485,231,246,246,246,276,276,276],"floor_reached":42,"language":"KOR","playtime":1314,"items_purged":["Strike_R","Defend_R"],"score":671,"play_id":"ec8a19fa-04e8-42c3-93a9-cd404a19a486","local_time":"20210114050007","is_ascension_mode":true,"campfire_choices":[{"data":"Pommel Strike","floor":8.0,"key":"SMITH"},{"data":"Bash","floor":10.0,"key":"SMITH"},{"data":"Disarm","floor":12.0,"key":"SMITH"},{"floor":15.0,"key":"REST"},{"data":"Rampage","floor":23.0,"key":"SMITH"},{"floor":32,"key":"REST"},{"floor":40,"key":"REST"}],"circlet_count":0,"master_deck":["Defend_R","Defend_R","Defend_R","Bash+1","Battle Trance","Pommel Strike+1","Disarm+1","Rampage+1","Feed","Rampage+1"],"relics":["Black Blood","Centennial Puzzle","Blue Candle","Bird Faced Urn","Busted Crown","Pear","PreservedInsect","Happy Flower","Question Card"],"acts_visited":["Exordium","TheCity","TheBeyond"],"potions_floor_usage":[28,30,30,33,33,35,38],"damage_taken":[{"damage":4.0,"enemies":"Small Slimes","floor":1.0,"turns":4.0},{"damage":2.0,"enemies":"2 Louse","floor":2.0,"turns":4.0},{"damage":40.0,"enemies":"Gremlin Nob","floor":6.0,"turns":5.0},{"damage":12.0,"enemies":"Jaw Worm","floor":7.0,"turns":2.0},{"damage":3.0,"enemies":"Blue Slaver","floor":11.0,"turns":4.0},{"damage":34.0,"enemies":"Lagavulin","floor":13.0,"turns":5.0},{"damage":23.0,"enemies":"The Guardian","floor":16.0,"turns":10.0},{"damage":14.0,"enemies":"Spheric Guardian","floor":18.0,"turns":4.0},{"damage":1.0,"enemies":"Chosen","floor":21.0,"turns":3.0},{"damage":14.0,"enemies":"Centurion and Healer","floor":22.0,"turns":4.0},{"damage":1.0,"enemies":"Cultist and Chosen","floor":24.0,"turns":4.0},{"damage":7.0,"enemies":"Snecko","floor":25.0,"turns":3.0},{"damage":53,"enemies":"Slavers","floor":27,"turns":5},{"damage":20,"enemies":"Centurion and Healer","floor":28,"turns":3},{"damage":0,"enemies":"Shelled Parasite and Fungi","floor":30,"turns":1},{"damage":12,"enemies":"Snake Plant","floor":31,"turns":3},{"damage":50,"enemies":"Automaton","floor":33,"turns":6},{"damage":6,"enemies":"Orb Walker","floor":35,"turns":3},{"damage":61,"enemies":"3 Darklings","floor":36,"turns":5},{"damage":31,"enemies":"Maw","floor":38,"turns":5},{"damage":68,"enemies":"Nemesis","floor":41,"turns":7},{"damage":22,"enemies":"4 Shapes","floor":42,"turns":1}],"seed_played":"-7222224765617000668","potions_obtained":[{"floor":1.0,"key":"DuplicationPotion"},{"floor":7.0,"key":"EntropicBrew"},{"floor":11.0,"key":"Strength Potion"},{"floor":16.0,"key":"PowerPotion"},{"floor":24.0,"key":"SmokeBomb"},{"floor":27,"key":"DistilledChaos"},{"floor":28,"key":"AttackPotion"},{"floor":31,"key":"LiquidMemories"},{"floor":33,"key":"Block Potion"},{"floor":36,"key":"Strength Potion"}],"is_trial":false,"path_per_floor":["M","M","?","?","?","E","M","R","T","R","M","R","E","?","R","B",null,"M","$","?","M","M","R","M","M","T","E","M","?","M","M","R","B",null,"M","M","$","M","?","R","E","M"],"character_chosen":"IRONCLAD","items_purchased":["Happy Flower"],"campfire_rested":3,"item_purchase_floors":[37],"current_hp_per_floor":[82,86,79,79,79,45,39,39,39,39,42,42,14,14,40,23,72,67,67,67,72,67,67,75,79,89,45,31,31,37,34,68,24,93,99,53,53,34,34,69,16,0,0],"gold":276,"neow_bonus":"TEN_PERCENT_HP_BONUS","is_daily":false,"chose_seed":false,"campfire_upgraded":4,"win_rate":0.0,"timestamp":1610568007,"path_taken":["M","M","?","?","?","E","M","R","T","R","M","R","E","?","R","BOSS","M","$","?","M","M","R","M","M","T","E","M","?","M","M","R","BOSS","M","M","$","?","?","R","E","M"],"items_purchased_type":["Relic"],"build_version":"2020-12-22","purchased_purges":2,"victory":false,"max_hp_per_floor":[88,88,88,88,88,88,88,88,88,88,88,88,88,88,88,88,88,91,91,91,91,94,94,97,100,110,113,113,113,113,116,116,116,116,116,119,119,119,119,119,122,122,122],"card_choices":[{"not_picked":["Second Wind","Clash"],"picked":"Battle Trance","floor":1.0},{"not_picked":["Clothesline","Iron Wave"],"picked":"Pommel Strike","floor":2.0},{"not_picked":["Infernal Blade","Shockwave"],"picked":"Disarm","floor":6.0},{"not_picked":["Shockwave","Pommel Strike","Anger"],"picked":"SKIP","floor":7.0},{"not_picked":["Bloodletting","Sword Boomerang","Hemokinesis"],"picked":"SKIP","floor":11.0},{"not_picked":["Perfected Strike","Blood for Blood"],"picked":"Rampage","floor":13.0},{"not_picked":["Corruption","Fiend Fire"],"picked":"Feed","floor":16.0},{"not_picked":[],"picked":"Rampage+1","floor":18.0},{"not_picked":["Dual Wield"],"picked":"SKIP","floor":21.0},{"not_picked":["Clash"],"picked":"SKIP","floor":22.0},{"not_picked":["Clash"],"picked":"SKIP","floor":24.0},{"not_picked":["True Grit+1"],"picked":"SKIP","floor":25.0},{"not_picked":["Clothesline+1"],"picked":"SKIP","floor":27},{"not_picked":["Blood for Blood+1"],"picked":"SKIP","floor":28},{"not_picked":["Headbutt"],"picked":"SKIP","floor":31},{"not_picked":["Headbutt"],"picked":"SKIP","floor":35},{"not_picked":["True Grit+1"],"picked":"SKIP","floor":36},{"not_picked":["Dropkick+1"],"picked":"SKIP","floor":38},{"not_picked":["Cleave"],"picked":"SKIP","floor":41}],"player_experience":331437,"relics_obtained":[{"floor":6.0,"key":"Centennial Puzzle"},{"floor":9.0,"key":"Blue Candle"},{"floor":13.0,"key":"Bird Faced Urn"},{"floor":26.0,"key":"Pear"},{"floor":27,"key":"PreservedInsect"},{"floor":41,"key":"Question Card"}],"event_choices":[{"cards_removed":["Strike_R"],"damage_healed":0.0,"max_hp_gain":0.0,"max_hp_loss":0.0,"gold_gain":0.0,"event_name":"Golden Wing","player_choice":"Card Removal","floor":3.0,"gold_loss":0.0,"damage_taken":7.0},{"cards_removed":["Strike_R"],"damage_healed":0.0,"max_hp_gain":0.0,"max_hp_loss":0.0,"gold_gain":0.0,"event_name":"The Cleric","player_choice":"Card Removal","floor":4.0,"gold_loss":50.0,"damage_taken":0.0},{"cards_removed":["Strike_R"],"damage_healed":0.0,"max_hp_gain":0.0,"max_hp_loss":0.0,"gold_gain":0.0,"event_name":"Living Wall","player_choice":"Forget","floor":5.0,"gold_loss":0.0,"damage_taken":0.0},{"damage_healed":0.0,"max_hp_gain":0.0,"max_hp_loss":0.0,"gold_gain":0.0,"event_name":"Liars Game","player_choice":"Ignored","floor":14.0,"gold_loss":0.0,"damage_taken":0.0},{"cards_removed":["Strike_R"],"damage_healed":0.0,"max_hp_gain":0.0,"max_hp_loss":0.0,"gold_gain":0.0,"event_name":"Beggar","player_choice":"Gave Gold","floor":20.0,"gold_loss":75.0,"damage_taken":0.0},{"damage_healed":0,"gold_gain":100,"player_choice":"Pray","damage_taken":0,"max_hp_gain":0,"max_hp_loss":0,"event_name":"Golden Shrine","floor":29,"gold_loss":0},{"damage_healed":0,"gold_gain":0,"player_choice":"Ignored","damage_taken":0,"max_hp_gain":0,"max_hp_loss":0,"event_name":"Mysterious Sphere","floor":39,"gold_loss":0}],"is_beta":false,"boss_relics":[{"not_picked":["Velvet Choker","Snecko Eye"],"picked":"Busted Crown"},{"not_picked":["Mark of Pain","Cursed Key"],"picked":"Black Blood"}],"items_purged_floors":[19,37],"is_endless":false,"potions_floor_spawned":[1,7,11,16,24,27,28,31,33,36],"killed_by":"4 Shapes","ascension_level":7}}