{"host":"ekha54jsiuuqgn65","time":1610513892,"event":{"mods":["BaseMod","Colored Map","Conspire","Lobotomy","LobotomyExtend","Minty Spire (QoL Compilation)","Quick Restart","Replay The Spire","StSLib","SuperFastMode","The Marked","[IsaacMod]ÒÔÈö¼âËþ","vexMod","¡¾ÒÅÎï¿¨ÅÆ¡¿REMEMod"],"gold_per_floor":[116,129,142,221,235,235,235],"floor_reached":6,"language":"ZHS","playtime":208,"items_purged":[],"score":40,"play_id":"988143b1-259b-4104-8b30-7399457e4488","local_time":"20210113125812","is_ascension_mode":true,"campfire_choices":[],"circlet_count":0,"master_deck":["Strike_P","Strike_P","Strike_P","Strike_P","Defend_P","Defend_P","Defend_P","Defend_P","Eruption","Vigilance","BloodyBrimstone","FearNoEvil","Replay:ManipulateFuture","SignatureMove","BowlingBash","ReplayTheSpireMod:Splinters","BowlingBash"],"relics":["HushsDoor","REME_ComplimentaryCards","BFFS","Ring of Chaos","LetterFromLob","Bag of Preparation"],"acts_visited":["Exordium"],"potions_floor_usage":[6,6,6],"damage_taken":[{"damage":20,"enemies":"Cultist","floor":1,"turns":4},{"damage":11,"enemies":"Jaw Worm","floor":2,"turns":2},{"damage":7,"enemies":"Small Slimes","floor":3,"turns":4},{"damage":2,"enemies":"Exordium Wildlife","floor":5,"turns":4},{"damage":40,"enemies":"3 Sentries","floor":6,"turns":2}],"seed_played":"4857519563142209324","potions_obtained":[{"floor":1,"key":"Elixir"},{"floor":2,"key":"EssenceOfSteel"},{"floor":3,"key":"Ancient Potion"}],"is_trial":false,"path_per_floor":["M","M","M","?","M","E"],"character_chosen":"WATCHER","items_purchased":[],"campfire_rested":0,"item_purchase_floors":[],"current_hp_per_floor":[52,41,34,34,32,0,0],"gold":235,"neow_bonus":"BOSS_RELIC","is_daily":false,"chose_seed":false,"campfire_upgraded":0,"win_rate":0.0,"timestamp":1610513892,"path_taken":["M","?","M","?","M","E"],"items_purchased_type":[],"build_version":"2020-12-22","purchased_purges":0,"victory":false,"max_hp_per_floor":[72,69,69,69,69,66,66],"card_choices":[{"not_picked":[],"picked":"BloodyBrimstone","floor":0},{"not_picked":["ThirdEye","CrushJoints"],"picked":"Replay:ManipulateFuture","floor":1},{"not_picked":["BowlingBash","ThirdEye"],"picked":"SignatureMove","floor":2},{"not_picked":["Vengeance","Adaptation"],"picked":"BowlingBash","floor":3},{"not_picked":["WaveOfTheHand","Protect"],"picked":"BowlingBash","floor":4},{"not_picked":["Crescendo","Replay:AllIn","Swivel"],"picked":"SKIP","floor":5}],"player_experience":27300,"relics_obtained":[{"floor":1,"key":"LetterFromLob"},{"floor":4,"key":"Bag of Preparation"}],"event_choices":[],"is_beta":false,"boss_relics":[],"items_purged_floors":[],"is_endless":false,"potions_floor_spawned":[1,2,3],"killed_by":"3 Sentries","ascension_level":1}}