{"host":"f5n4tidiz2n5sooh","time":1610529230,"event":{"mods":["BaseMod","Colored Map","Minty Spire (QoL Compilation)","Relic Stats","Slay the Relics Exporter","StSLib"],"gold_per_floor":[361,361,377,13,13,43,43,43,43,43,71,15,42,53,53,128,128,143,8,8,19,36,69,69,102,126,126,126,126,51,51,51,51,51],"floor_reached":33,"language":"ENG","playtime":1085,"items_purged":["Strike_G"],"score":644,"play_id":"0e89e6b9-caf9-4b7c-8e5f-42a3efd3e453","local_time":"20210113031350","is_ascension_mode":true,"campfire_choices":[{"data":"Dash","floor":8,"key":"SMITH"},{"floor":10,"key":"REST"},{"data":"All Out Attack","floor":15,"key":"SMITH"},{"floor":28,"key":"REST"},{"floor":32,"key":"REST"}],"circlet_count":0,"master_deck":["AscendersBane","Defend_G","Defend_G","Defend_G","Defend_G","Defend_G","Survivor","Neutralize","Blade Dance","Terror","All Out Attack+1","Corpse Explosion","Dash+1","Malaise","Deadly Poison+1","Noxious Fumes","Backflip","Leg Sweep","Heel Hook","Deflect+1","Footwork+1","Blur+1","Backflip","Footwork"],"relics":["Ring of the Snake","HornCleat","Dream Catcher","Bronze Scales","Lizard Tail","Runic Dome","Juzu Bracelet","Nloth\u0027s Gift","Potion Belt","MealTicket"],"acts_visited":["Exordium","TheCity"],"potions_floor_usage":[6,11,13,16,22,23,33],"damage_taken":[{"damage":6,"enemies":"Cultist","floor":1,"turns":4},{"damage":0,"enemies":"2 Louse","floor":3,"turns":3},{"damage":10,"enemies":"3 Sentries","floor":6,"turns":2},{"damage":7,"enemies":"Lagavulin","floor":11,"turns":6},{"damage":10,"enemies":"3 Sentries","floor":13,"turns":2},{"damage":2,"enemies":"Jaw Worm","floor":14,"turns":3},{"damage":33,"enemies":"Slime Boss","floor":16,"turns":10},{"damage":21,"enemies":"Shell Parasite","floor":18,"turns":4},{"damage":0,"enemies":"Chosen","floor":21,"turns":4},{"damage":10,"enemies":"Sentry and Sphere","floor":22,"turns":4},{"damage":0,"enemies":"Slavers","floor":23,"turns":2},{"damage":15,"enemies":"Book of Stabbing","floor":25,"turns":6},{"damage":53,"enemies":"Champ","floor":33,"turns":14}],"seed_played":"1898473489445715583","potions_obtained":[{"floor":6,"key":"ColorlessPotion"},{"floor":14,"key":"ColorlessPotion"},{"floor":16,"key":"GamblersBrew"},{"floor":18,"key":"ColorlessPotion"},{"floor":25,"key":"Strength Potion"}],"is_trial":false,"path_per_floor":["M","?","M","$","?","E","?","R","T","R","E","$","E","M","R","B",null,"M","$","?","M","M","E","?","E","T","?","R","?","$","?","R","B"],"character_chosen":"THE_SILENT","items_purchased":["All Out Attack","HornCleat","AttackPotion","SteroidPotion","Noxious Fumes","Backflip"],"campfire_rested":3,"item_purchase_floors":[4,4,4,12,19,19],"current_hp_per_floor":[38,31,31,31,31,21,21,21,21,40,33,33,23,21,21,28,57,36,36,36,36,26,26,26,11,11,11,30,12,27,27,48,0,0],"gold":51,"neow_bonus":"TWO_FIFTY_GOLD","is_daily":false,"chose_seed":false,"campfire_upgraded":2,"win_rate":0.0,"timestamp":1610529230,"path_taken":["M","?","M","$","?","E","?","R","T","R","E","$","E","M","R","BOSS","M","$","?","M","M","E","?","E","T","?","R","?","$","?","R","BOSS"],"items_purchased_type":["Card","Relic","Potion","Potion","Card","Card"],"build_version":"2020-12-22","purchased_purges":1,"victory":false,"max_hp_per_floor":[66,66,66,66,66,66,66,66,66,66,66,66,66,66,66,66,66,66,66,66,66,66,66,66,66,66,66,66,71,71,71,71,71,71],"relic_stats":{"Dream Catcher":3,"Lizard Tail":33,"counters":[13,64],"Bronze Scales":[129],"MealTicket":15,"Juzu Bracelet":1,"Nloth\u0027s Gift":0,"obtain_stats":[{"Potion Belt":25,"Runic Dome":17,"Dream Catcher":6,"Lizard Tail":13,"HornCleat":4,"Bronze Scales":9,"Blue Candle":11,"MealTicket":26,"Juzu Bracelet":23,"Nloth\u0027s Gift":24,"Ring of the Snake":0},{"Potion Belt":12,"Runic Dome":7,"Dream Catcher":3,"Lizard Tail":5,"HornCleat":2,"Bronze Scales":3,"Blue Candle":4,"MealTicket":12,"Juzu Bracelet":11,"Nloth\u0027s Gift":11,"Ring of the Snake":0},{"Potion Belt":50,"Runic Dome":30,"Dream Catcher":9,"Lizard Tail":17,"HornCleat":7,"Bronze Scales":9,"Blue Candle":15,"MealTicket":50,"Juzu Bracelet":44,"Nloth\u0027s Gift":44,"Ring of the Snake":0}],"Ring of the Snake":[26]},"card_choices":[{"not_picked":["Underhanded Strike","Flying Knee"],"picked":"Blade Dance","floor":1},{"not_picked":["Footwork","Distraction"],"picked":"Terror","floor":3},{"not_picked":["Slice","Caltrops"],"picked":"Dash","floor":6},{"not_picked":["Dagger Spray","Outmaneuver","Prepared"],"picked":"SKIP","floor":11},{"not_picked":["Cloak And Dagger","Slice","Underhanded Strike"],"picked":"SKIP","floor":13},{"not_picked":["Quick Slash","Tactician","Doppelganger"],"picked":"SKIP","floor":14},{"not_picked":["Storm of Steel","Glass Knife"],"picked":"Malaise","floor":16},{"not_picked":["Blade Dance","Slice+1"],"picked":"Deadly Poison+1","floor":18},{"not_picked":["Riddle With Holes","Outmaneuver"],"picked":"Deflect+1","floor":21},{"not_picked":["Blade Dance","Sucker Punch"],"picked":"Footwork+1","floor":22},{"not_picked":["Quick Slash","Riddle With Holes","Deflect"],"picked":"SKIP","floor":23},{"not_picked":["Night Terror","Leg Sweep"],"picked":"Blur+1","floor":25},{"not_picked":["Flying Knee+1","Outmaneuver"],"picked":"Backflip","floor":28}],"player_experience":2003415,"relics_obtained":[{"floor":6,"key":"Dream Catcher"},{"floor":9,"key":"Bronze Scales"},{"floor":11,"key":"Blue Candle"},{"floor":13,"key":"Lizard Tail"},{"floor":23,"key":"Juzu Bracelet"},{"floor":25,"key":"Potion Belt"},{"floor":26,"key":"MealTicket"}],"event_choices":[{"cards_removed":["Strike_G"],"damage_healed":0,"gold_gain":0,"player_choice":"Card Removal","damage_taken":7,"max_hp_gain":0,"max_hp_loss":0,"event_name":"Golden Wing","floor":2,"gold_loss":0},{"damage_healed":0,"gold_gain":0,"cards_transformed":["Strike_G"],"player_choice":"Change","damage_taken":0,"max_hp_gain":0,"max_hp_loss":0,"event_name":"Living Wall","floor":5,"gold_loss":0,"cards_obtained":["Corpse Explosion"]},{"damage_healed":0,"gold_gain":0,"player_choice":"Ignored","damage_taken":0,"max_hp_gain":0,"max_hp_loss":0,"event_name":"Liars Game","floor":7,"gold_loss":0},{"damage_healed":0,"gold_gain":0,"cards_transformed":["Strike_G","Strike_G"],"player_choice":"Became Test Subject","damage_taken":0,"max_hp_gain":0,"max_hp_loss":0,"event_name":"Drug Dealer","floor":20,"gold_loss":0,"cards_obtained":["Leg Sweep","Heel Hook"]},{"damage_healed":0,"gold_gain":0,"player_choice":"Traded Relic","damage_taken":0,"relics_obtained":["Nloth\u0027s Gift"],"max_hp_gain":0,"max_hp_loss":0,"event_name":"N\u0027loth","floor":24,"relics_lost":["Blue Candle"],"gold_loss":0},{"damage_healed":0,"gold_gain":0,"player_choice":"Ignored","damage_taken":0,"max_hp_gain":0,"max_hp_loss":0,"event_name":"Vampires","floor":27,"gold_loss":0},{"damage_healed":0,"gold_gain":0,"player_choice":"Shed Blood","damage_taken":23,"max_hp_gain":5,"max_hp_loss":0,"event_name":"Forgotten Altar","floor":29,"gold_loss":0},{"damage_healed":0,"gold_gain":0,"player_choice":"Read","damage_taken":0,"max_hp_gain":0,"max_hp_loss":0,"event_name":"The Library","floor":31,"gold_loss":0,"cards_obtained":["Footwork"]}],"is_beta":false,"boss_relics":[{"not_picked":["Philosopher\u0027s Stone","Calling Bell"],"picked":"Runic Dome"}],"items_purged_floors":[30],"is_endless":false,"potions_floor_spawned":[6,14,16,18,25],"killed_by":"Champ","ascension_level":20}}