{"host":"t3am9egsh7oyry6t","time":1610499215,"event":{"mods":["AchievementEnabler","BaseMod","Colored Powertips","Googly Eyes","Minty Spire (QoL Compilation)","Relic Stats","StSLib","Synergy Search"],"gold_per_floor":[99,99,99,47,12,12,12,12,12,12,12,12,12,12,12,12,12,12,12,12,12,12,12,12,12,12,12,12,12],"floor_reached":28,"language":"ENG","playtime":1135,"items_purged":[],"score":411,"play_id":"b170f984-f5a0-4d27-a47f-c50c69cbbfa5","local_time":"20210112165335","is_ascension_mode":true,"campfire_choices":[{"data":"Bash","floor":15,"key":"SMITH"},{"floor":23,"key":"REST"},{"data":"Barricade","floor":27,"key":"SMITH"}],"circlet_count":0,"master_deck":["AscendersBane","Strike_R","Strike_R","Defend_R","Defend_R","Defend_R","Defend_R","Bash+1","Havoc","Warcry","Searing Blow","Armaments","Evolve","Shockwave","Cleave","Battle Trance","Feed","Flame Barrier+1","Dark Embrace+1","Spot Weakness+1","Pommel Strike","Barricade+1","Feel No Pain"],"relics":["Ectoplasm","Eternal Feather","Ice Cream","Omamori","Pear","Mercury Hourglass","Self Forming Clay","Odd Mushroom","Astrolabe","Toxic Egg 2","InkBottle"],"acts_visited":["Exordium","TheCity"],"potions_floor_usage":[6,8,10,14,16],"damage_taken":[{"damage":6,"enemies":"2 Louse","floor":1,"turns":3},{"damage":3,"enemies":"Small Slimes","floor":2,"turns":4},{"damage":8,"enemies":"Gremlin Nob","floor":6,"turns":4},{"damage":25,"enemies":"3 Sentries","floor":8,"turns":8},{"damage":4,"enemies":"Lagavulin","floor":10,"turns":5},{"damage":24,"enemies":"Gremlin Nob","floor":12,"turns":4},{"damage":0,"enemies":"Jaw Worm","floor":13,"turns":3},{"damage":0,"enemies":"The Mushroom Lair","floor":14,"turns":2},{"damage":30,"enemies":"Hexaghost","floor":16,"turns":11},{"damage":0,"enemies":"3 Byrds","floor":18,"turns":4},{"damage":7,"enemies":"Chosen","floor":20,"turns":5},{"damage":49,"enemies":"Sentry and Sphere","floor":21,"turns":6},{"damage":60,"enemies":"Gremlin Leader","floor":28,"turns":10}],"seed_played":"8212790541527744531","potions_obtained":[{"floor":1,"key":"Block Potion"},{"floor":8,"key":"ColorlessPotion"},{"floor":12,"key":"LiquidMemories"},{"floor":14,"key":"Block Potion"}],"is_trial":false,"path_per_floor":["M","M","?","$","?","E","$","E","T","E","?","E","M","?","R","B",null,"M","?","M","M","$","R","?","?","T","R","E"],"character_chosen":"IRONCLAD","items_purchased":["Explosive Potion"],"campfire_rested":1,"item_purchase_floors":[4],"current_hp_per_floor":[62,59,59,59,75,67,67,42,42,48,48,24,24,24,33,3,65,65,65,58,9,9,46,46,46,46,58,0,0],"gold":12,"neow_bonus":"BOSS_RELIC","is_daily":false,"chose_seed":false,"campfire_upgraded":2,"win_rate":0.0,"timestamp":1610499215,"path_taken":["M","M","?","$","?","E","$","E","T","E","?","E","?","?","R","BOSS","M","?","M","M","$","R","?","?","T","R","E"],"items_purchased_type":["Potion"],"build_version":"2020-12-22","purchased_purges":0,"victory":false,"max_hp_per_floor":[75,75,75,75,75,75,75,75,75,85,85,85,85,85,85,85,85,85,85,85,85,85,85,85,85,85,85,85,85],"relic_stats":{"counters":[13,69],"Self Forming Clay":[60],"Astrolabe":["Flame Barrier","Dark Embrace","Spot Weakness"],"Eternal Feather":33,"Ectoplasm":334,"obtain_stats":[{"Ice Cream":8,"Pear":10,"Self Forming Clay":12,"Astrolabe":17,"Eternal Feather":6,"Ectoplasm":0,"Omamori":9,"Odd Mushroom":14,"Toxic Egg 2":24,"Burning Blood":0,"InkBottle":26,"Mercury Hourglass":11},{"Ice Cream":4,"Pear":5,"Self Forming Clay":6,"Astrolabe":9,"Eternal Feather":3,"Ectoplasm":0,"Omamori":4,"Odd Mushroom":8,"Toxic Egg 2":12,"Burning Blood":0,"InkBottle":12,"Mercury Hourglass":5},{"Ice Cream":19,"Pear":24,"Self Forming Clay":28,"Astrolabe":44,"Eternal Feather":11,"Ectoplasm":0,"Omamori":19,"Odd Mushroom":33,"Toxic Egg 2":59,"Burning Blood":0,"InkBottle":59,"Mercury Hourglass":24}],"InkBottle":[3],"Mercury Hourglass":[183]},"card_choices":[{"not_picked":["Heavy Blade","Dual Wield"],"picked":"Havoc","floor":1},{"not_picked":["Armaments","Anger"],"picked":"Warcry","floor":2},{"not_picked":["Perfected Strike","Rage"],"picked":"Searing Blow","floor":6},{"not_picked":["Anger","Havoc"],"picked":"Armaments","floor":8},{"not_picked":["Armaments","Clash"],"picked":"Evolve","floor":10},{"not_picked":["Power Through","Infernal Blade"],"picked":"Shockwave","floor":12},{"not_picked":["Ghostly Armor","Reckless Charge"],"picked":"Cleave","floor":13},{"not_picked":["Rage","Wild Strike"],"picked":"Battle Trance","floor":14},{"not_picked":["Berserk","Reaper"],"picked":"Feed","floor":16},{"not_picked":["Flex","Wild Strike"],"picked":"Pommel Strike","floor":18},{"not_picked":["Headbutt","Thunderclap"],"picked":"Barricade","floor":20},{"not_picked":["Entrench+1","Heavy Blade"],"picked":"Feel No Pain","floor":21}],"player_experience":496040,"relics_obtained":[{"floor":6,"key":"Eternal Feather"},{"floor":8,"key":"Ice Cream"},{"floor":9,"key":"Omamori"},{"floor":10,"key":"Pear"},{"floor":12,"key":"Self Forming Clay"},{"floor":14,"key":"Odd Mushroom"},{"floor":26,"key":"InkBottle"}],"event_choices":[{"damage_healed":0,"gold_gain":0,"player_choice":"Ignored","damage_taken":0,"max_hp_gain":0,"max_hp_loss":0,"event_name":"Golden Wing","floor":3,"gold_loss":0},{"damage_healed":18,"gold_gain":0,"player_choice":"Healed","damage_taken":0,"max_hp_gain":0,"max_hp_loss":0,"event_name":"The Cleric","floor":5,"gold_loss":35},{"damage_healed":0,"gold_gain":0,"player_choice":"Searched \u00271\u0027 times","damage_taken":0,"relics_obtained":["Mercury Hourglass"],"max_hp_gain":0,"max_hp_loss":0,"event_name":"Dead Adventurer","floor":11,"gold_loss":0},{"damage_healed":0,"gold_gain":0,"player_choice":"Fought Mushrooms","damage_taken":0,"max_hp_gain":0,"max_hp_loss":0,"event_name":"Mushrooms","floor":14,"gold_loss":0},{"damage_healed":0,"gold_gain":0,"player_choice":"Ignored","damage_taken":0,"max_hp_gain":0,"max_hp_loss":0,"event_name":"Ghosts","floor":19,"gold_loss":0},{"damage_healed":0,"gold_gain":0,"player_choice":"Stole Relic","damage_taken":0,"relics_obtained":["Toxic Egg 2"],"max_hp_gain":0,"max_hp_loss":0,"event_name":"Addict","floor":24,"gold_loss":0,"cards_obtained":["Shame"]},{"damage_healed":0,"gold_gain":0,"player_choice":"Ignored","damage_taken":0,"max_hp_gain":0,"max_hp_loss":0,"event_name":"WeMeetAgain","floor":25,"gold_loss":0}],"is_beta":false,"boss_relics":[{"not_picked":["Velvet Choker","Empty Cage"],"picked":"Astrolabe"}],"items_purged_floors":[],"is_endless":false,"potions_floor_spawned":[1,8,12,14],"killed_by":"Gremlin Leader","ascension_level":14}}