{"host":"tlqi7e8l7c1qc0dn","time":1610514876,"event":{"mods":["Aspiration","BaseMod","Colored Map","Colored Powertips","Conspire","Curses Come First","Dark Map","Displayed Cursed Tome","Fox Events","Halation","Infinite Spire","Mimic Mod","Minty Spire (QoL Compilation)","Relic Sorter","Replay The Spire","Shop Mod","StSLib","Trackpad","??????REMEMod"],"gold_per_floor":[113,162,175,175,189,220,220,247,370,145,205,224,224,253,253,253,253],"floor_reached":16,"language":"ENG","playtime":591,"items_purged":["Strike_R"],"score":174,"play_id":"7952c1c3-44bf-4b1b-aca9-b93fbd8a4eaf","local_time":"20210113001436","is_ascension_mode":true,"campfire_choices":[{"data":"Feed","floor":7.0,"key":"SMITH"},{"data":"Strike_R","floor":15.0,"key":"PURGE"}],"circlet_count":1,"master_deck":["Strike_R","Strike_R+1","Strike_R","Defend_R","Defend_R","Defend_R","Defend_R","Bash","Feed+1","Spot Weakness","Thunderclap+1"],"relics":["Burning Blood","REME_ComplimentaryCards","NeowsBlessing","Circlet","aspiration:TomeofQuesting","Tiny Chest","Red Skull","MerchantsRug","infinitespire:Bottled Soul","FaceOfCleric","Omamori"],"acts_visited":["Exordium"],"potions_floor_usage":[16],"damage_taken":[{"damage":2.0,"enemies":"Small Slimes","floor":1.0,"turns":3.0},{"damage":0.0,"enemies":"Colosseum Slavers","floor":2.0,"turns":1.0},{"damage":0.0,"enemies":"Jaw Worm","floor":3.0,"turns":1.0},{"damage":7.0,"enemies":"Cultist","floor":5.0,"turns":5.0},{"damage":31.0,"enemies":"3 Sentries","floor":6.0,"turns":6.0},{"damage":19.0,"enemies":"Gremlin Nob","floor":8.0,"turns":4.0},{"damage":28.0,"enemies":"Lagavulin Event","floor":11.0,"turns":4.0},{"damage":14.0,"enemies":"Blue Slaver","floor":12.0,"turns":4.0},{"damage":15.0,"enemies":"3 Sentries","floor":14.0,"turns":7.0},{"damage":43,"enemies":"Fading Forest","floor":16,"turns":9}],"seed_played":"7007208888982194515","potions_obtained":[{"floor":3.0,"key":"GamblersBrew"},{"floor":5.0,"key":"ColorlessPotion"},{"floor":11.0,"key":"Milkshake"}],"is_trial":false,"path_per_floor":["M","?","M","?","M","E","R","E","T","$","?","M","?","E","R_BF","B"],"character_chosen":"IRONCLAD","items_purchased":["MerchantsRug"],"campfire_rested":0,"item_purchase_floors":[10],"current_hp_per_floor":[83,86,86,69,71,49,49,40,40,40,22,18,18,25,25,0,0],"gold":253,"neow_bonus":"THREE_ENEMY_KILL","is_daily":false,"chose_seed":false,"campfire_upgraded":1,"win_rate":0.0,"timestamp":1610514876,"path_taken":["M","?","M","?","?","E","R","E","T","$","?","M","?","E","R_BF","BOSS"],"items_purchased_type":["Relic"],"build_version":"2020-12-22","purchased_purges":1,"victory":false,"max_hp_per_floor":[83,86,86,86,89,92,92,96,96,96,100,104,104,113,113,113,113],"card_choices":[{"not_picked":["Armaments","Iron Wave"],"picked":"Spot Weakness","floor":1.0},{"not_picked":["Run Through","Pummel"],"picked":"Thunderclap","floor":3.0},{"not_picked":["Warcry","Shockwave","Bloodletting"],"picked":"SKIP","floor":5.0},{"not_picked":["Life Link","conspire:ExplosiveBarrier","REME_Cut"],"picked":"SKIP","floor":6.0},{"not_picked":["Power Through","Carnage","Blood for Blood"],"picked":"SKIP","floor":8.0},{"not_picked":["Anger","Clash","Abandon"],"picked":"SKIP","floor":12.0},{"not_picked":["ReplayTheSpireMod:Strike From Hell","Pommel Strike","Iron Wave"],"picked":"SKIP","floor":14.0}],"player_experience":851788,"relics_obtained":[{"floor":2.0,"key":"foxEvents:LuckyCharm"},{"floor":6.0,"key":"aspiration:TomeofQuesting"},{"floor":8.0,"key":"Tiny Chest"},{"floor":9.0,"key":"Red Skull"},{"floor":11.0,"key":"infinitespire:Bottled Soul"},{"floor":14.0,"key":"Omamori"}],"event_choices":[{"damage_healed":0.0,"max_hp_gain":0.0,"max_hp_loss":0.0,"gold_gain":0.0,"event_name":"Shining Light","player_choice":"Entered Light","floor":4.0,"gold_loss":0.0,"damage_taken":17.0,"cards_upgraded":["Thunderclap","Strike_R"]},{"damage_healed":0.0,"max_hp_gain":0.0,"max_hp_loss":0.0,"gold_gain":30.0,"event_name":"Dead Adventurer","player_choice":"Searched \u00272\u0027 times","floor":11.0,"gold_loss":0.0,"damage_taken":0.0},{"damage_healed":0.0,"max_hp_gain":0.0,"max_hp_loss":0.0,"gold_gain":0.0,"event_name":"FaceTrader","player_choice":"Trade","floor":13.0,"gold_loss":0.0,"damage_taken":0.0,"relics_obtained":["FaceOfCleric"]}],"is_beta":false,"boss_relics":[],"items_purged_floors":[10],"is_endless":false,"potions_floor_spawned":[3,5,11],"killed_by":"Fading Forest","ascension_level":1}}