{"host":"igi9xpgoc000gxf5","time":1610569747,"event":{"mods":["BaseMod","Colored Powertips","Downfall","Googly Eyes","Minty Spire (QoL Compilation)","StSLib"],"gold_per_floor":[99,115,115,26,126,126,204,79,14,27,27,40,40,25,37,138,188,138,152,152,169,186,204,227,227,240,240,254,264,214,214,232,334,334,284,299,234,234,254,204,204,154,169,169,184,200,150,162,180,180],"floor_reached":51,"language":"ENG","playtime":3367,"items_purged":[],"score":693,"play_id":"3b544637-49ab-488b-a931-6530c4e629ad","local_time":"20210113212907","is_ascension_mode":false,"campfire_choices":[{"data":"Slimebound:CorrosiveSpit","floor":1.0,"key":"SMITH"},{"data":"Slimebound:MegaLick","floor":8.0,"key":"SMITH"},{"data":"Slimebound:OneTwoCombo","floor":13.0,"key":"SMITH"},{"data":"Slimebound:Nibble","floor":18.0,"key":"SMITH"},{"data":"Slimebound:FormOfPuddle","floor":30,"key":"SMITH"},{"data":"Slimebound:TagTeam","floor":35,"key":"SMITH"},{"data":"Slimebound:MegaLick","floor":40,"key":"SMITH"},{"data":"Slimebound:RainOfGoop","floor":42,"key":"SMITH"},{"data":"Slimebound:TagTeam","floor":47,"key":"SMITH"}],"circlet_count":0,"master_deck":["Slimebound:Strike_Slimebound","Slimebound:Strike_Slimebound","Slimebound:Tackle","Slimebound:Defend_Slimebound","Slimebound:Defend_Slimebound","Slimebound:Defend_Slimebound","Slimebound:Defend_Slimebound","Slimebound:Split+1","Slimebound:CorrosiveSpit+1","Slimebound:ItLooksTasty","Slimebound:MegaLick+1","Slimebound:SlimeSpikes","Slimebound:Schlurp","Slimebound:TongueLash","Slimebound:SplitLeeching","Slimebound:SplitBruiser+1","Slimebound:OneTwoCombo+1","Slimebound:SlimeSpikes","Slimebound:Nibble+1","Slimebound:MassFeed+1","Slimebound:SplitAcid","Slimebound:RainOfGoop","Slimebound:MegaLick+1","Slimebound:LevelUp+1","Slimebound:FormOfPuddle+1","Slimebound:MegaLick+1","Slimebound:RainOfGoop+1","Slimebound:TongueLash","Slimebound:TagTeam+1","Slimebound:TagTeam+1","Slimebound:PressTheAttack","Slimebound:Grow+1","Slimebound:SplitLeeching+1","Regret","Slimebound:LeechingTouch","Slimebound:FirmFortitude+1","Slimebound:AcidTongue+1","Slimebound:SplitBruiser+1","Slimebound:Repurpose+1"],"relics":["Slimebound:AbsorbEndCombat","Slimebound:GreedOozeRelic","downfall:HeartBlessingBlue","Tiny House","Anchor","Kunai","Cursed Key","Shuriken","Oddly Smooth Stone","Mummified Hand"],"acts_visited":["Exordium","TheCity","TheBeyond"],"potions_floor_usage":[33,33,33,50,50],"damage_taken":[{"damage":11.0,"enemies":"Small Slimes","floor":2.0,"turns":2.0},{"damage":8.0,"enemies":"downfall:FleeingMerchant","floor":4.0,"turns":4.0},{"damage":19.0,"enemies":"downfall:FleeingMerchant","floor":9.0,"turns":4.0},{"damage":15.0,"enemies":"2 Louse","floor":10.0,"turns":2.0},{"damage":16.0,"enemies":"Jaw Worm","floor":12.0,"turns":3.0},{"damage":25.0,"enemies":"downfall:FleeingMerchant","floor":14.0,"turns":4.0},{"damage":0.0,"enemies":"Lots of Slimes","floor":15.0,"turns":4.0},{"damage":33.0,"enemies":"downfall:Silent","floor":16.0,"turns":4.0},{"damage":16.0,"enemies":"Shell Parasite","floor":19.0,"turns":3.0},{"damage":11.0,"enemies":"Spheric Guardian","floor":21.0,"turns":2.0},{"damage":27.0,"enemies":"Snake Plant","floor":22.0,"turns":3.0},{"damage":30.0,"enemies":"Centurion and Healer","floor":23.0,"turns":5.0},{"damage":12.0,"enemies":"Cultist and Chosen","floor":26.0,"turns":3.0},{"damage":17.0,"enemies":"Shelled Parasite and Fungi","floor":28.0,"turns":4.0},{"damage":15,"enemies":"Chosen and Byrds","floor":29,"turns":4},{"damage":19,"enemies":"3 Cultists","floor":32,"turns":4},{"damage":72,"enemies":"downfall:Watcher","floor":33,"turns":5},{"damage":16,"enemies":"Orb Walker","floor":36,"turns":2},{"damage":23,"enemies":"downfall:FleeingMerchant","floor":37,"turns":3},{"damage":17,"enemies":"3 Shapes","floor":39,"turns":3},{"damage":8,"enemies":"Sphere and 2 Shapes","floor":43,"turns":3},{"damage":10,"enemies":"Spire Growth","floor":45,"turns":4},{"damage":5,"enemies":"3 Darklings","floor":46,"turns":3},{"damage":3,"enemies":"Jaw Worm Horde","floor":48,"turns":3},{"damage":5,"enemies":"Sphere and 2 Shapes","floor":49,"turns":3},{"damage":22,"enemies":"downfall:Defect","floor":50,"turns":5}],"seed_played":"2629593108824575605","potions_obtained":[{"floor":2.0,"key":"Slimebound:SpawnSlimePotion"},{"floor":10.0,"key":"SpeedPotion"},{"floor":12.0,"key":"SkillPotion"},{"floor":16.0,"key":"AttackPotion"},{"floor":17.0,"key":"Explosive Potion"},{"floor":20.0,"key":"DuplicationPotion"},{"floor":28,"key":"Slimebound:SlimedPotion"},{"floor":33,"key":"Explosive Potion"},{"floor":45,"key":"LiquidBronze"},{"floor":49,"key":"Guardian:BlockOnCardUsePotion"}],"is_trial":false,"path_per_floor":["R","M","?","$","?","?","T","R","$","M","?","M","R","$","M","B",null,"R","M","?","M","M","M","T","?","M","T","M","M","R","?","M","B",null,"R","M","$","?","M","R","T","R","M","?","M","M","R","M","M","B",null],"character_chosen":"SLIMEBOUND","items_purchased":["Slimebound:SlimeSpikes","Slimebound:Schlurp","Slimebound:SplitLeeching","Shuriken","Oddly Smooth Stone"],"campfire_rested":0,"item_purchase_floors":[4,4,9,37,37],"current_hp_per_floor":[60,59,59,60,60,60,60,70,61,60,60,64,64,65,70,69,75,75,73,73,72,61,57,57,75,75,75,68,72,72,72,76,31,83,83,83,68,68,71,71,71,71,75,75,83,81,81,83,86,79],"gold":180,"neow_bonus":"UPGRADE_CARD","is_daily":false,"chose_seed":false,"campfire_upgraded":9,"win_rate":0.0,"timestamp":1610569747,"path_taken":["R","M","?","$","?","?","T","R","$","M","?","?","R","?","M","BOSS","R","M","?","?","M","M","T","?","M","?","M","M","R","?","M","BOSS","R","M","$","?","M","R","T","R","M","?","M","?","R","M","M","BOSS"],"items_purchased_type":["Card","Card","Card","Relic","Relic"],"build_version":"2020-12-22","purchased_purges":0,"victory":true,"max_hp_per_floor":[60,60,60,60,60,60,60,70,70,70,70,70,70,70,70,70,75,75,75,75,75,75,75,75,75,75,75,75,75,75,75,79,83,83,83,83,83,83,83,83,83,83,83,83,83,83,83,83,87,87],"card_choices":[{"not_picked":["Slimebound:FirmFortitude","Slimebound:RollThrough"],"picked":"Slimebound:ItLooksTasty","floor":2.0},{"not_picked":["Slimebound:FinishingTackle","Slimebound:Schlurp"],"picked":"Slimebound:MegaLick","floor":4.0},{"not_picked":["Slimebound:GoopSpray","Slimebound:BestDefense"],"picked":"Slimebound:TongueLash","floor":9.0},{"not_picked":["Slimebound:LivingWall","Slimebound:BestDefense"],"picked":"Slimebound:SplitBruiser","floor":10.0},{"not_picked":["Slimebound:GrowthPunch","Slimebound:ForwardTackle"],"picked":"Slimebound:OneTwoCombo","floor":12.0},{"not_picked":["Slimebound:FinishingTackle","Slimebound:ServeAndProtect"],"picked":"Slimebound:SlimeSpikes","floor":14.0},{"not_picked":["Slimebound:Replication","Slimebound:FinishingTackle"],"picked":"Slimebound:Nibble","floor":15.0},{"not_picked":["Slimebound:Teamwork","Slimebound:Recycling"],"picked":"Slimebound:MassFeed","floor":16.0},{"not_picked":["Slimebound:FlameTackle","Slimebound:DivideAndConquer"],"picked":"Slimebound:SplitAcid","floor":17.0},{"not_picked":["Slimebound:ComboTackle","Slimebound:AcidTongue"],"picked":"Slimebound:RainOfGoop","floor":19.0},{"not_picked":["Slimebound:FirmFortitude+1","Slimebound:PressTheAttack"],"picked":"Slimebound:MegaLick","floor":21.0},{"not_picked":["Slimebound:FinishingTackle","Slimebound:SplitLeeching"],"picked":"Slimebound:LevelUp+1","floor":22.0},{"not_picked":["Slimebound:LeechingTouch+1","Slimebound:SplitLeeching"],"picked":"Slimebound:FormOfPuddle","floor":23.0},{"not_picked":["Slimebound:GrowthPunch","Slimebound:Schlurp+1"],"picked":"Slimebound:MegaLick+1","floor":26.0},{"not_picked":["Slimebound:MegaLick+1","Slimebound:FinishingTackle+1"],"picked":"Slimebound:RainOfGoop","floor":28},{"not_picked":["Slimebound:Chomp","Slimebound:RollThrough"],"picked":"Slimebound:TongueLash","floor":29},{"not_picked":["Slimebound:SamplingLick","Slimebound:LeechEnergy+1"],"picked":"Slimebound:TagTeam","floor":32},{"not_picked":["Slimebound:DuplicatedForm","Slimebound:Overexert"],"picked":"Slimebound:TagTeam","floor":33},{"not_picked":["Slimebound:SplitAcid","Slimebound:LeadByExample"],"picked":"Slimebound:PressTheAttack","floor":36},{"not_picked":["Slimebound:ComboTackle+1","Slimebound:GrowthPunch"],"picked":"Slimebound:Grow+1","floor":37},{"not_picked":["Slimebound:LeechEnergy","Slimebound:Nibble+1"],"picked":"Slimebound:SplitLeeching+1","floor":39},{"not_picked":["Slimebound:Dissolve","Slimebound:GoopTackle"],"picked":"Slimebound:LeechingTouch","floor":43},{"not_picked":["Slimebound:SlimeSpikes+1","Slimebound:LeechEnergy+1"],"picked":"Slimebound:FirmFortitude+1","floor":45},{"not_picked":["Slimebound:SlimeBarrage","Slimebound:GoopSpray"],"picked":"Slimebound:AcidTongue+1","floor":46},{"not_picked":["Slimebound:SplitAcid+1","Slimebound:FinishingTackle"],"picked":"Slimebound:SplitBruiser+1","floor":48},{"not_picked":["Slimebound:ProtectTheBoss","Slimebound:SamplingLick+1"],"picked":"Slimebound:Repurpose+1","floor":49}],"player_experience":929346,"relics_obtained":[{"floor":24.0,"key":"Anchor"},{"floor":27.0,"key":"Kunai"},{"floor":41,"key":"Mummified Hand"}],"event_choices":[{"damage_healed":0.0,"max_hp_gain":0.0,"max_hp_loss":0.0,"gold_gain":0.0,"event_name":"Living Wall","player_choice":"Grow","floor":11.0,"gold_loss":0.0,"damage_taken":0.0,"cards_upgraded":["Slimebound:SplitBruiser"]},{"damage_healed":0.0,"max_hp_gain":0.0,"max_hp_loss":0.0,"gold_gain":0.0,"event_name":"Lab","player_choice":"Got Potions","floor":20.0,"gold_loss":0.0,"damage_taken":0.0},{"damage_healed":25.0,"max_hp_gain":0.0,"max_hp_loss":0.0,"gold_gain":0.0,"event_name":"The Library","player_choice":"Heal","floor":25.0,"gold_loss":0.0,"damage_taken":0.0},{"damage_healed":0,"gold_gain":0,"player_choice":"Ignored","damage_taken":0,"max_hp_gain":0,"max_hp_loss":0,"event_name":"Vampires","floor":31,"gold_loss":0},{"cards_removed":["Slimebound:Strike_Slimebound"],"damage_healed":0,"gold_gain":0,"player_choice":"Removed Attack","damage_taken":0,"max_hp_gain":0,"max_hp_loss":0,"event_name":"Falling","floor":38,"gold_loss":0}],"is_beta":false,"boss_relics":[{"not_picked":["downfall:Hecktoplasm","Velvet Choker"],"picked":"Tiny House"},{"not_picked":["Busted Crown","Black Star"],"picked":"Cursed Key"}],"items_purged_floors":[],"is_endless":false,"potions_floor_spawned":[2,10,12,16,19,21,28,29,32,33,36,45,49],"ascension_level":0}}