{"host":"guwca93h2ke9l2g3","time":1610517140,"event":{"mods":["100% Spire Juice","2.2 Compatiblity","Act Like it!","Arknights The Spire","Aspiration","BaseMod","Better Skull","ChefMod","Colored Powertips","Conspire","Dark Map","Downfall","Fox Events","GungeonMod","Halation","Hallownest","HololiveMod","Hubris","Infinite Spire","Lobotomy","LobotomyExtend","Marked Mod","Minty Spire (QoL Compilation)","Permanent Neow","Potionbrewer","Prisma Mod","Quick Restart","Relic Sorter","Relic Stats","Replay The Spire","Robot Space Explorer","Shade Mod","Spicy Shops","StSLib","The Alterego","The Animator","The Bug Knight","The Cursed","The Marked","The Mystic","The Necromancer","The Poker Player","TheVacant","TheWitcher","Waifu the Spire","WarShipGirlsR/????R mod","Yakumo Yukari mod","Yuri Mod","vexMod"],"gold_per_floor":[118,43,58,158,175,175,175],"floor_reached":6,"language":"ENG","playtime":551,"items_purged":["DemoMod:Strike_Huntress"],"score":45,"play_id":"bdf2b63b-df99-4b9a-a906-6213dc4c0627","local_time":"20210112235220","is_ascension_mode":true,"campfire_choices":[],"circlet_count":0,"master_deck":["DemoMod:Strike_Huntress","DemoMod:Strike_Huntress","DemoMod:Defend_Huntress","DemoMod:Defend_Huntress","DemoMod:Roll","DemoMod:ManualReload","DemoMod:RustySidearm","DemoMod:CrossBow","DemoMod:HungryBullets"],"relics":["DemoMod:Dog","LetterFromLob","conspire:TopHat"],"acts_visited":["Exordium"],"potions_floor_usage":[6],"damage_taken":[{"damage":1,"enemies":"Small Slimes","floor":1,"turns":3},{"damage":12,"enemies":"Cultist","floor":3,"turns":5},{"damage":6,"enemies":"2 Louse","floor":5,"turns":3},{"damage":28,"enemies":"Gremlin Nob","floor":6,"turns":5}],"seed_played":"6821152409702900384","potions_obtained":[{"floor":5,"key":"Fire Potion"}],"is_trial":false,"path_per_floor":["M","$","M","?","M","E"],"character_chosen":"HUNTRESS","items_purchased":[],"campfire_rested":0,"item_purchase_floors":[],"current_hp_per_floor":[48,48,36,36,30,2,2],"gold":175,"neow_bonus":"REMOVE_TWO","is_daily":false,"chose_seed":false,"campfire_upgraded":0,"win_rate":0.0,"timestamp":1610517140,"path_taken":["M","$","M","?","M","E"],"items_purchased_type":[],"build_version":"2020-12-22","purchased_purges":1,"victory":false,"max_hp_per_floor":[70,70,70,70,70,70,70],"relic_stats":{"counters":[4,16],"obtain_stats":[{"DemoMod:Dog":0,"DemoMod:GlassGuonStoneRelic":3,"LetterFromLob":1,"conspire:TopHat":3},{"DemoMod:Dog":0,"DemoMod:GlassGuonStoneRelic":2,"LetterFromLob":1,"conspire:TopHat":2},{"DemoMod:Dog":0,"DemoMod:GlassGuonStoneRelic":8,"LetterFromLob":3,"conspire:TopHat":8}]},"card_choices":[{"not_picked":["DemoMod:TripleGun","DemoMod:EasyReloadBullets"],"picked":"DemoMod:HungryBullets","floor":1},{"not_picked":["DemoMod:DoubleSwitch","DemoMod:HardPowerCard","DemoMod:SkilledReload"],"picked":"SKIP","floor":3},{"not_picked":["DemoMod:Replace","DemoMod:CombinedRifle","DemoMod:BoxingGlove"],"picked":"SKIP","floor":5}],"player_experience":295349,"relics_obtained":[{"floor":1,"key":"LetterFromLob"},{"floor":3,"key":"conspire:TopHat"}],"event_choices":[{"damage_healed":0,"gold_gain":100,"player_choice":"Pray","damage_taken":0,"max_hp_gain":0,"max_hp_loss":0,"event_name":"Golden Shrine","floor":4,"gold_loss":0}],"is_beta":false,"boss_relics":[],"items_purged_floors":[2],"is_endless":false,"potions_floor_spawned":[5],"killed_by":"Gremlin Nob","ascension_level":5}}