{"host":"m6aaltr68g9tvoay","time":1610513520,"event":{"mods":["AchievementEnabler","BaseMod","Colored Map","Downfall","Minty Spire (QoL Compilation)","StSLib"],"gold_per_floor":[99,99,163,175,175,203,230,250,250,250,284,96,157,187,214,321,333,345,367,69,79,79,106,106,106,106,122,67,67,77,77,89,186,186,186,198,212,212,212,231,254,254,263,263,282,341,1,11,23,23],"floor_reached":51,"language":"ENG","playtime":4860,"items_purged":["bronze:Strike","bronze:Defend"],"score":708,"play_id":"915d3003-e7a1-4d12-8931-4fec01ee42ce","local_time":"20210112205200","is_ascension_mode":true,"campfire_choices":[{"floor":1,"key":"RECALL"},{"floor":12,"key":"REST"},{"data":"bronze:BurnOut","floor":18,"key":"SMITH"},{"data":"bronze:MaxOutput","floor":26,"key":"SMITH"},{"floor":29,"key":"REST"},{"floor":35,"key":"DIG"},{"floor":42,"key":"DIG"},{"floor":44,"key":"REST"}],"circlet_count":0,"master_deck":["bronze:Strike+1","bronze:Strike+1","bronze:Defend","bronze:Defend","bronze:Defend","bronze:Replicate","bronze:Goto","bronze:Terminator+1","bronze:BitShift+1","bronze:Frontload+1","bronze:Boost+1","bronze:Explode+1","bronze:Frontload+1","bronze:FineTuning+1","bronze:DigitalCarnage","bronze:BurnOut+1","bronze:Branch+1","bronze:Philosophize+1","bronze:MaxOutput+1","bronze:DarkDash","bronze:WildBeam+1","bronze:BronzeOrb+1","bronze:Shield+1","bronze:BugBarrage+1","bronze:Format+1","bronze:BuggyMess+1","bronze:ItsAFeature+1","expansioncontent:YouAreMine+1","bronze:Allocate+1","bronze:Repair+1"],"relics":["bronze:BronzeCore","Whetstone","Blue Candle","Toxic Egg 2","hexamod:CandleOfCauterizing","bronze:BottledCode","MawBank","downfall:HeartBlessingBlue","downfall:HeartBlessingRed","bronze:SilverBullet","bronze:MakeshiftBattery","Juzu Bracelet","MutagenicStrength","Dead Branch","Guardian:PocketSentry","Shovel","SacredBark","Gremlin Horn","CeramicFish","Thread and Needle","Prayer Wheel","HandDrill"],"acts_visited":["Exordium","TheCity","TheBeyond"],"potions_floor_usage":[16,16,23,33,33,33,50,50],"damage_taken":[{"damage":20,"enemies":"3 Sentries","floor":3,"turns":10},{"damage":0,"enemies":"2 Louse","floor":4,"turns":2},{"damage":46,"enemies":"Gremlin Nob","floor":6,"turns":5},{"damage":0,"enemies":"Jaw Worm","floor":8,"turns":3},{"damage":0,"enemies":"Jaw Worm","floor":10,"turns":2},{"damage":0,"enemies":"Lagavulin","floor":11,"turns":7},{"damage":0,"enemies":"Small Slimes","floor":14,"turns":1},{"damage":0,"enemies":"3 Louse","floor":15,"turns":1},{"damage":2,"enemies":"downfall:Watcher","floor":16,"turns":5},{"damage":0,"enemies":"Shell Parasite","floor":19,"turns":3},{"damage":0,"enemies":"downfall:FleeingMerchant","floor":20,"turns":4},{"damage":0,"enemies":"Spheric Guardian","floor":21,"turns":4},{"damage":15,"enemies":"Gremlin Leader","floor":23,"turns":5},{"damage":0,"enemies":"Cultist and Chosen","floor":27,"turns":3},{"damage":4,"enemies":"downfall:FleeingMerchant","floor":28,"turns":4},{"damage":0,"enemies":"Centurion and Healer","floor":30,"turns":1},{"damage":0,"enemies":"Snake Plant","floor":32,"turns":2},{"damage":21,"enemies":"downfall:Silent","floor":33,"turns":6},{"damage":0,"enemies":"Orb Walker","floor":36,"turns":2},{"damage":0,"enemies":"3 Shapes","floor":37,"turns":1},{"damage":0,"enemies":"Maw","floor":40,"turns":2},{"damage":0,"enemies":"4 Shapes","floor":45,"turns":1},{"damage":0,"enemies":"4 Shapes","floor":46,"turns":3},{"damage":6,"enemies":"Transient","floor":48,"turns":5},{"damage":0,"enemies":"Jaw Worm Horde","floor":49,"turns":1},{"damage":129,"enemies":"ArchetypeAct3BlockNewAge","floor":50,"turns":8}],"seed_played":"7053590476119324759","potions_obtained":[{"floor":3,"key":"GamblersBrew"},{"floor":10,"key":"bronze:BuildAFunctionPotion"},{"floor":11,"key":"Energy Potion"},{"floor":21,"key":"SpeedPotion"},{"floor":25,"key":"CultistPotion"},{"floor":30,"key":"Fire Potion"},{"floor":32,"key":"Energy Potion"},{"floor":36,"key":"DuplicationPotion"},{"floor":48,"key":"Dexterity Potion"}],"is_trial":false,"path_per_floor":["R","?","?","M","?","E","T","M","?","?","E","R","T","M","M","B",null,"R","M","$","M","?","E","T","?","R","M","$","R","M","$","M","B",null,"R","M","M","?","?","M","T","R","?","R","M","?","$","M","M","B",null],"character_chosen":"THE_AUTOMATON","items_purchased":["Juzu Bracelet","bronze:MaxOutput","Guardian:BlockOnCardUsePotion","Shovel","HandDrill","FairyPotion"],"campfire_rested":3,"item_purchase_floors":[20,20,20,28,47,47],"current_hp_per_floor":[70,67,47,47,47,1,1,1,1,1,1,32,32,32,32,30,70,70,70,70,70,70,55,55,55,55,55,51,70,70,70,70,49,70,70,70,70,62,62,62,62,62,62,70,70,70,70,64,64,25],"gold":23,"neow_bonus":"RANDOM_COMMON_RELIC","is_daily":false,"chose_seed":false,"campfire_upgraded":2,"win_rate":0.0,"timestamp":1610513520,"path_taken":["R","?","?","M","?","E","T","M","?","?","E","R","?","M","M","BOSS","R","M","$","M","?","E","T","?","R","M","?","R","M","?","M","BOSS","R","M","M","?","?","M","T","R","?","R","M","?","$","M","M","BOSS"],"items_purchased_type":["Relic","Card","Potion","Relic","Relic","Potion"],"build_version":"2020-12-22","purchased_purges":2,"victory":true,"max_hp_per_floor":[70,70,70,70,70,70,70,70,60,60,60,70,70,70,70,70,70,70,70,70,70,70,70,70,70,70,70,70,70,70,70,70,70,70,70,70,70,70,70,70,70,70,70,70,70,70,70,70,70,70],"card_choices":[{"not_picked":["bronze:Frontload+1","bronze:OilSpill"],"picked":"bronze:Terminator+1","floor":3},{"not_picked":["bronze:CutThrough","bronze:Invalidate+1"],"picked":"bronze:BitShift+1","floor":4},{"not_picked":["bronze:Iterate","bronze:CutThrough"],"picked":"bronze:Frontload+1","floor":6},{"not_picked":["bronze:BugBarrage","bronze:MaxOutput"],"picked":"bronze:Boost+1","floor":8},{"not_picked":[],"picked":"bronze:Explode+1","floor":10},{"not_picked":["bronze:Fortify","bronze:Safeguard+1"],"picked":"bronze:Frontload+1","floor":10},{"not_picked":["bronze:CutThrough","bronze:Shield+1"],"picked":"bronze:Separator","floor":11},{"not_picked":["bronze:Terminator+1","bronze:Boost+1"],"picked":"bronze:FineTuning+1","floor":14},{"not_picked":["bronze:WhirlingStrike","bronze:Frontload+1"],"picked":"bronze:DigitalCarnage","floor":15},{"not_picked":["bronze:CleanCode","bronze:Mutator"],"picked":"bronze:BurnOut","floor":16},{"not_picked":["bronze:Frontload+1","bronze:Shell+1"],"picked":"bronze:Branch+1","floor":19},{"not_picked":["bronze:Constructor+1","bronze:Separator"],"picked":"bronze:Philosophize+1","floor":20},{"not_picked":["bronze:Assembly+1","bronze:BitShift+1"],"picked":"bronze:DarkDash","floor":21},{"not_picked":["bronze:BurnOut","bronze:DelayedGuard+1"],"picked":"bronze:WildBeam+1","floor":23},{"not_picked":["bronze:ItsAFeature","bronze:CloningBeam"],"picked":"bronze:BronzeOrb+1","floor":27},{"not_picked":["bronze:BuggyMess+1","bronze:Frontload+1","bronze:ForLoop+1"],"picked":"SKIP","floor":28},{"not_picked":["bronze:MaxOutput","bronze:Separator+1"],"picked":"bronze:Shield+1","floor":30},{"not_picked":["bronze:BitShift+1","bronze:Frontload+1"],"picked":"bronze:BugBarrage","floor":32},{"not_picked":["bronze:Verify","bronze:ThunderWave"],"picked":"bronze:Format+1","floor":33},{"not_picked":["bronze:Shield+1","bronze:DelayedGuard+1"],"picked":"bronze:BuggyMess+1","floor":36},{"not_picked":["bronze:DigitalCarnage","bronze:Return+1","bronze:NullPointer"],"picked":"SKIP","floor":37},{"not_picked":["bronze:Overload+1","bronze:BuggyMess+1"],"picked":"bronze:ItsAFeature+1","floor":40},{"not_picked":["expansioncontent:PrepareCrush+1","expansioncontent:Chronoboost"],"picked":"expansioncontent:YouAreMine+1","floor":43},{"not_picked":["bronze:Repulsor+1","bronze:WildBeam"],"picked":"bronze:Allocate+1","floor":45},{"not_picked":["bronze:Terminator+1","bronze:Shell+1"],"picked":"bronze:Repair+1","floor":46},{"not_picked":["bronze:BitShift+1","bronze:MaxOutput+1","bronze:NullPointer"],"picked":"SKIP","floor":48},{"not_picked":["bronze:WildBeam+1","bronze:ChildClass+1","bronze:ChosenStrike"],"picked":"SKIP","floor":48},{"not_picked":["bronze:Flail","bronze:CutThrough+1","bronze:Deprecate+1"],"picked":"SKIP","floor":49},{"not_picked":["bronze:Turbo+1","bronze:BugBarrage","bronze:OilSpill"],"picked":"SKIP","floor":49}],"player_experience":1774741,"relics_obtained":[{"floor":3,"key":"Toxic Egg 2"},{"floor":6,"key":"hexamod:CandleOfCauterizing"},{"floor":11,"key":"MawBank"},{"floor":13,"key":"bronze:SilverBullet"},{"floor":23,"key":"Dead Branch"},{"floor":24,"key":"Guardian:PocketSentry"},{"floor":35,"key":"Gremlin Horn"},{"floor":41,"key":"CeramicFish"},{"floor":42,"key":"Thread and Needle"},{"floor":46,"key":"Prayer Wheel"}],"event_choices":[{"damage_healed":0,"gold_gain":0,"player_choice":"Success","damage_taken":3,"relics_obtained":["Blue Candle"],"max_hp_gain":0,"max_hp_loss":0,"event_name":"Scrap Ooze","floor":2,"gold_loss":0},{"damage_healed":0,"gold_gain":0,"player_choice":"Inject Mutagens","damage_taken":0,"relics_obtained":["MutagenicStrength"],"max_hp_gain":0,"max_hp_loss":0,"event_name":"Drug Dealer","floor":22,"gold_loss":0},{"cards_removed":["bronze:Separator"],"damage_healed":0,"gold_gain":0,"player_choice":"Removed Attack","damage_taken":0,"max_hp_gain":0,"max_hp_loss":0,"event_name":"Falling","floor":39,"gold_loss":0}],"is_beta":false,"boss_relics":[{"not_picked":["Black Star","sneckomod:SneckoTalon"],"picked":"bronze:MakeshiftBattery"},{"not_picked":["Astrolabe","Tiny House"],"picked":"SacredBark"}],"items_purged_floors":[28,47],"is_endless":false,"potions_floor_spawned":[3,10,11,14,21,30,32,36,48,49],"ascension_level":1}}