{"host":"22s5scuj7mu87reg","time":1610567230,"event":{"mods":["BaseMod","Colored Powertips","Dota2Spire","Downfall","Duelist Mod","GungeonMod","Halation","Hubris","Koishi","KomeijiMod","Minty Spire (QoL Compilation)","Replay The Spire","StSLib","SuperFastMode","The Jungle","The Mystic","The Necromancer","Wandering Minibosses"],"gold_per_floor":[109,109,109,119,135,135,235,90,90,105,140,140,140,40,40,144,144,157,157,157,139,154,154,154,154,154],"floor_reached":25,"language":"POL","playtime":1498,"items_purged":["Strike_G","Strike_G"],"score":199,"play_id":"699db3c9-b9aa-4b96-a4f5-c9a32792c36a","local_time":"20210113204710","is_ascension_mode":false,"campfire_choices":[{"data":"Fluid Movement","floor":6,"key":"SMITH"},{"floor":12,"key":"REST"},{"data":"Neutralize","floor":15,"key":"SMITH"},{"data":"A Thousand Cuts","floor":24,"key":"SMITH"}],"circlet_count":0,"master_deck":["Strike_G","Strike_G+1","Strike_G+1","Defend_G+1","Defend_G+1","Defend_G+1","Survivor","Neutralize+1","Underhanded Strike+1","Fluid Movement+1","Acrobatics+1","Fluid Movement+1","A Thousand Cuts+1","Flying Knee+1","PerfectMaid+1"],"relics":["halation:HeavySnake","GremlinMask","Kunai","Meat on the Bone","hubris:Stopwatch","Dota2Spire:CrimsonGuard"],"acts_visited":["Exordium","TheCity"],"potions_floor_usage":[11,11],"damage_taken":[{"damage":11,"enemies":"Small Slimes","floor":1,"turns":5},{"damage":9,"enemies":"2 Louse","floor":4,"turns":4},{"damage":6,"enemies":"Cultist","floor":5,"turns":6},{"damage":18,"enemies":"Exordium Wildlife","floor":10,"turns":9},{"damage":1,"enemies":"3 Sentries","floor":11,"turns":11},{"damage":13,"enemies":"The Guardian","floor":16,"turns":19},{"damage":19,"enemies":"Chosen","floor":18,"turns":7},{"damage":25,"enemies":"2 Thieves","floor":21,"turns":5},{"damage":5,"enemies":"Centurion and Healer","floor":22,"turns":13},{"damage":50,"enemies":"Book of Stabbing","floor":25,"turns":7}],"seed_played":"3081218477653162139","potions_obtained":[{"floor":1,"key":"Block Potion"},{"floor":4,"key":"Explosive Potion"},{"floor":11,"key":"SpeedPotion"},{"floor":18,"key":"SteroidPotion"},{"floor":22,"key":"FearPotion"}],"is_trial":false,"path_per_floor":["M","?","?","M","M","R","?","$","T","M","E","R","?","$","R","B",null,"M","T","?","M","M","?","R","E"],"character_chosen":"THE_SILENT","items_purchased":["Fluid Movement"],"campfire_rested":1,"item_purchase_floors":[8],"current_hp_per_floor":[59,59,59,50,44,44,44,44,44,26,25,46,46,46,46,45,70,51,51,51,38,45,45,45,0,0],"gold":154,"neow_bonus":"BOSS_RELIC","is_daily":false,"chose_seed":false,"campfire_upgraded":3,"win_rate":0.0,"timestamp":1610567230,"path_taken":["M","?","?","M","?","R","?","$","T","?","E","R","?","?","R","BOSS","M","?","?","?","M","?","R","E"],"items_purchased_type":["Card"],"build_version":"2020-12-13","purchased_purges":2,"victory":false,"max_hp_per_floor":[70,70,70,70,70,70,70,70,70,70,70,70,70,70,70,70,70,70,70,70,70,70,70,70,70,70],"card_choices":[{"not_picked":["Acrobatics","Poisoned Stab"],"picked":"Underhanded Strike","floor":1},{"not_picked":["Dash","ReplayTheSpireMod:Scrap Shanks"],"picked":"Fluid Movement","floor":4},{"not_picked":["Expertise","Blade Dance"],"picked":"Acrobatics","floor":5},{"not_picked":["Deadly Poison","Dodge and Roll","Quick Slash"],"picked":"SKIP","floor":10},{"not_picked":["Noxious Fumes","Dagger Spray","ReplayTheSpireMod:Shiv Toss"],"picked":"SKIP","floor":11},{"not_picked":["Doppelganger","ReplayTheSpireMod:From All Sides"],"picked":"A Thousand Cuts","floor":16},{"not_picked":["Reflex","Quick Slash","Draining Mist"],"picked":"SKIP","floor":18},{"not_picked":["Blur","Outmaneuver"],"picked":"Flying Knee+1","floor":21},{"not_picked":["Reflex","Dodge and Roll","Quick Slash"],"picked":"SKIP","floor":22}],"player_experience":100289,"relics_obtained":[{"floor":9,"key":"Kunai"},{"floor":11,"key":"Meat on the Bone"},{"floor":19,"key":"Dota2Spire:CrimsonGuard"}],"event_choices":[{"damage_healed":0,"gold_gain":0,"player_choice":"Trade","damage_taken":0,"relics_obtained":["GremlinMask"],"max_hp_gain":0,"max_hp_loss":0,"event_name":"FaceTrader","floor":3,"gold_loss":0},{"damage_healed":0,"gold_gain":100,"player_choice":"Pray","damage_taken":0,"max_hp_gain":0,"max_hp_loss":0,"event_name":"Golden Shrine","floor":7,"gold_loss":0},{"damage_healed":0,"gold_gain":0,"player_choice":"Ignored","damage_taken":0,"max_hp_gain":0,"max_hp_loss":0,"event_name":"Golden Idol","floor":13,"gold_loss":0},{"cards_removed":["Defend_G"],"damage_healed":0,"gold_gain":0,"player_choice":"Offered Basic","damage_taken":0,"max_hp_gain":0,"max_hp_loss":0,"event_name":"Bonfire Elementals","floor":20,"gold_loss":0}],"is_beta":false,"boss_relics":[{"not_picked":["halation:Yufonium","halation:PlatinumPhoenix"],"picked":"hubris:Stopwatch"}],"items_purged_floors":[8,14],"is_endless":false,"potions_floor_spawned":[1,4,11,18,22],"killed_by":"Book of Stabbing","ascension_level":0}}