{"host":"njruw0b0uprlitpx","time":1610523225,"event":{"mods":["2.2 Compatiblity","Bartender","BaseMod","Better Altar","Better Match","Better Note","Better Sensory Stone","Better Skull","Better Third Choice","BetterRewards","Block Reminder","Colored Map","Colored Powertips","Energized Spire","Jedi Mod","Keyboard Shortcuts","Minty Spire (QoL Compilation)","Quick Restart","Rare Cards Sparkle","Relic Stats","Replay The Spire","SacredBarkPlus","Spicy Shops","StSLib","SuperFastMode","The Construct","The Dragon Tamer","The Marked","The Mystic","Wandering Minibosses"],"gold_per_floor":[119,119,139,229,287,322,322,336,382,413,78,92,105,30,30,134,134,146,42,58,73,73,73,84,98,98,98,98,113,53,81,81,183,183,196,196,214,214,214,214,240,240,319,335,352,8,24,74,74,74,74],"floor_reached":50,"language":"ENG","playtime":6801,"items_purged":["theMarked:Strike","theMarked:Defend","theMarked:Strike"],"score":832,"play_id":"3dcefde3-160f-48c0-b003-fa8d0b9ef48c","local_time":"20210113013345","is_ascension_mode":true,"campfire_choices":[{"floor":7,"key":"REST"},{"floor":15,"key":"REST"},{"floor":23,"key":"REST"},{"data":"theMarked:HeritageOfTheMarked","floor":27,"key":"SMITH"},{"data":"theMarked:StartUp","floor":32,"key":"SMITH"},{"data":"theMarked:MysticalArsenal","floor":40,"key":"SMITH"},{"floor":49,"key":"REST"}],"circlet_count":0,"master_deck":["theMarked:Strike","theMarked:Strike","theMarked:Defend","theMarked:Defend","theMarked:SoldierOfQuellstein","theMarked:BanishingWave","theMarked:HeritageOfTheMarked+1","theMarked:WardOff","theMarked:HeightenedSenses","theMarked:TunnelVision","theMarked:BanishingStrike+1","theMarked:FavorableWinds","theMarked:BanishingStrike","theMarked:MysticalArsenal+1","theMarked:FavorableWinds","theMarked:Abjuration","theMarked:BanishingStrike+1","theMarked:StartUp+1","theMarked:Levitate","theMarked:Levitate","theMarked:KeepCalmAndFightOn+1","theMarked:SelfDefenseTraining","theMarked:Frustration+1","Sadistic Nature","theMarked:TakeOffHeels"],"relics":["theMarked:ArtifactOfAir","FossilizedHelix","Art of War","Membership Card","ReplayFunnel","Ancient Tea Set","Replay:Baseball","theMarked:DemonDagger","OrangePellets","DollysMirror","ReplayTheSpireMod:TigerMarble","energizedSpire:RedRose","Replay:Wax Seal","PreservedInsect","NlothsMask","Singing Bowl","Velvet Choker","Anchor","jedi:bottledfury","jedi:archwizardhat","TheAbacus","Whetstone","Replay:Multitool"],"acts_visited":["Exordium","TheCity","TheBeyond"],"potions_floor_usage":[33,33,33,33,50,50,50],"damage_taken":[{"damage":6,"enemies":"2 Louse","floor":1,"turns":3},{"damage":0,"enemies":"Cultist","floor":3,"turns":4},{"damage":23,"enemies":"3 Sentries","floor":6,"turns":6},{"damage":0,"enemies":"Small Slimes","floor":8,"turns":2},{"damage":0,"enemies":"Lagavulin","floor":10,"turns":4},{"damage":0,"enemies":"Exordium Wildlife","floor":12,"turns":3},{"damage":0,"enemies":"2 Fungi Beasts","floor":13,"turns":3},{"damage":10,"enemies":"The Guardian","floor":16,"turns":7},{"damage":8,"enemies":"3 Byrds","floor":18,"turns":4},{"damage":5,"enemies":"Spheric Guardian","floor":20,"turns":3},{"damage":8,"enemies":"Snecko","floor":21,"turns":4},{"damage":0,"enemies":"Sentry and Sphere","floor":24,"turns":3},{"damage":8,"enemies":"Snake Plant","floor":25,"turns":2},{"damage":0,"enemies":"Cultist and Chosen","floor":29,"turns":3},{"damage":0,"enemies":"Replay:Snechameleon","floor":31,"turns":3},{"damage":37,"enemies":"Champ","floor":33,"turns":6},{"damage":1,"enemies":"3 Shapes","floor":35,"turns":4},{"damage":0,"enemies":"3 Darklings","floor":37,"turns":5},{"damage":16,"enemies":"R_Hoarder","floor":41,"turns":5},{"damage":0,"enemies":"Spire Growth","floor":44,"turns":4},{"damage":21,"enemies":"Maw","floor":45,"turns":5},{"damage":5,"enemies":"4 Shapes","floor":47,"turns":3},{"damage":0,"enemies":"Mind Bloom Boss Battle","floor":48,"turns":3},{"damage":64,"enemies":"Awakened One","floor":50,"turns":7}],"seed_played":"7297049485101057817","potions_obtained":[{"floor":6,"key":"Death Potion"},{"floor":8,"key":"LiquidBronze"},{"floor":12,"key":"EntropicBrew"},{"floor":20,"key":"DuplicationPotion"},{"floor":25,"key":"PowerPotion"},{"floor":37,"key":"Venom Potion"}],"is_trial":false,"path_per_floor":["M","?","M","?","?","E","R","M","T","E","$","M","M","$","R","B",null,"M","$","M","M","?","R","M","M","T","R","?","M","?","E","R","B",null,"M","?","M","?","?","R","E","?","T","M","M","$","M","?","R","B"],"character_chosen":"THE_DEFAULT","items_purchased":["theMarked:BanishingWave","Art of War","Membership Card","theMarked:HeritageOfTheMarked","theMarked:WardOff","theMarked:DemonDagger","theMarked:MysticalArsenal","OrangePellets","DollysMirror","jedi:StrikingPotion","ReplayTheSpireMod:TigerMarble","Replay:Wax Seal","PreservedInsect","theMarked:Frustration","Sadistic Nature","jedi:archwizardhat","TheAbacus","Whetstone"],"campfire_rested":4,"item_purchase_floors":[0,0,0,0,0,11,11,11,11,11,14,19,19,46,46,46,46,46],"current_hp_per_floor":[64,64,64,36,36,13,34,34,34,34,34,34,34,34,55,45,70,62,62,57,49,49,70,70,62,62,62,62,62,62,62,62,25,70,71,71,74,78,74,74,58,58,58,60,39,39,34,36,59,0,0],"gold":74,"neow_bonus":"","is_daily":false,"chose_seed":false,"campfire_upgraded":3,"win_rate":0.0,"timestamp":1610523225,"path_taken":["M","?","?","?","?","E","R","M","T","E","$","M","?","$","R","BOSS","M","$","?","M","?","R","?","M","T","R","?","M","?","E","R","BOSS","M","?","?","?","?","R","E","?","T","M","?","$","M","?","R","BOSS"],"items_purchased_type":["Card","Relic","Relic","Card","Card","Relic","Card","Relic","Relic","Potion","Relic","Relic","Relic","Card","Card","Relic","Relic","Relic"],"build_version":"2020-12-22","purchased_purges":3,"victory":false,"max_hp_per_floor":[70,70,70,70,70,70,70,70,70,70,70,70,70,70,70,70,70,70,70,70,70,70,70,70,70,70,70,70,70,70,70,70,70,70,72,72,74,78,74,74,74,74,74,76,76,76,76,78,78,78,78],"relic_stats":{"OrangePellets":[13],"TheAbacus":[12],"Singing Bowl":12,"counters":[144,468],"PreservedInsect":112,"Art of War":[4],"Whetstone":["theMarked:Frustration","theMarked:BanishingStrike"],"obtain_stats":[{"Golden Egg":5,"jedi:zontanonomicon":29,"Spirit Poop":36,"jedi:bottledfury":43,"Whetstone":46,"Bottled Tornado":9,"Sling":0,"Boot":26,"Ring of Searing":4,"Old Coin":31,"Replay:Ringing Soul":16,"theForsaken:HumbleEgg":25,"jedi:firstaidkit":27,"Sundial":14,"Ribbon":0,"Fusion Hammer":36,"HandDrill":40,"Replay:Wax Seal":26,"Replay:Bottled Steam":19,"theMarked:DemonDagger":11,"Counterbalance":2,"Velvet Choker":17,"Eternal Feather":26,"Akabeko":28,"Runic Dome":34,"Snecko Eye":17,"Tintinnabulum":9,"Kintsugi":17,"StrikeDummy":50,"Unceasing Top":39,"Lantern":2,"Singing Bowl":31,"Painkiller Herb":17,"Bag of Preparation":39,"Replay:Multitool":48,"jedi:archwizardhat":10,"Cursed Key":36,"Power_Wrist":0,"Ancient Tea Set":9,"Pet Ghost":29,"Matryoshka":0,"Ring of Fangs":2,"WingedGreaves":10,"Replay:Bottled Eggs":8,"InkBottle":47,"Potion Belt":14,"PreservedInsect":19,"jedi:crownofsimplicity":50,"Replay:Arrowhead":39,"Ornamental Fan":43,"Orrery":0,"Garlic":36,"Art of War":0,"Bottled Lightning":12,"ReplayTheSpireMod:Ring of Challenge":2,"ReplayTheSpireMod:Onyx Gauntlets":17,"wanderingMiniBosses:Inkheart":30,"Ice Cream":38,"Divine Protection":45,"Gremlin Horn":13,"CeramicFish":11,"Vajra":12,"DollysMirror":23,"Strawberry":40,"Philosopher\u0027s Stone":19,"Vampire_Amulet":0,"Toxic Egg 2":10,"Happy Flower":39,"ReplayTheSpireMod:CursedCoin":19,"Replay:Grab Bag":19,"Choco_Feather":0,"Oddly Smooth Stone":45,"War Paint":33,"jedi:HeartOfTheCards":33,"Du-Vu Doll":6,"jedi:heavyjacket":45,"OrangePellets":11,"Replay:Baseball":26,"Shuriken":11,"Bronze Scales":26,"Simple Rune":24,"ReplayTheSpireMod:TigerMarble":9,"Meat on the Bone":12,"NlothsMask":22,"ReplayFunnel":6,"ReplayTheSpireMod:Ring of Exchange":0,"Mango":0,"Incense Burner":0,"theForsaken:Gavel":0,"PrismaticShard":11,"ClockworkSouvenir":0,"Replay:Bandana":24,"Nunchaku":8,"TheAbacus":46,"Pantograph":12,"Gambling Chip":41,"jedi:matchstick":42,"Genji_Glove":0,"Red Mask":33,"Replay:Bottled Snecko":48,"Runic Pyramid":19,"Gremlin Food":0,"energizedSpire:RedRose":17,"BargainBundle":39,"ReplayTheSpireMod:Ninjato":0,"Replay:Towering Pillar of Hats":0,"Guide Book":37,"Odd Mushroom":8,"White Beast Statue":40,"Calling Bell":19,"Strange Spoon":0,"CaptainsWheel":0,"Anchor":41,"jedi:kaleidoscope":31,"jedi:ominousloannote":39,"ChewingGum":19,"Gem_Box":36,"Membership Card":0,"Guard_Bracelet":26,"FossilizedHelix":19},{"Golden Egg":98,"jedi:zontanonomicon":11,"Spirit Poop":60,"jedi:bottledfury":139,"Whetstone":141,"Bottled Tornado":47,"Sling":20,"Boot":32,"Ring of Searing":69,"Old Coin":109,"Replay:Ringing Soul":4,"theForsaken:HumbleEgg":107,"jedi:firstaidkit":11,"Sundial":27,"Ribbon":95,"Fusion Hammer":13,"HandDrill":90,"Replay:Wax Seal":55,"Replay:Bottled Steam":5,"theMarked:DemonDagger":125,"Counterbalance":1,"Velvet Choker":28,"Eternal Feather":10,"Akabeko":11,"Runic Dome":59,"Snecko Eye":51,"Tintinnabulum":99,"Kintsugi":51,"StrikeDummy":19,"Unceasing Top":61,"Lantern":96,"Singing Bowl":135,"Painkiller Herb":76,"Bag of Preparation":15,"Replay:Multitool":143,"jedi:archwizardhat":72,"Cursed Key":35,"Power_Wrist":95,"Ancient Tea Set":124,"Pet Ghost":57,"Matryoshka":43,"Ring of Fangs":44,"WingedGreaves":48,"Replay:Bottled Eggs":3,"InkBottle":18,"Potion Belt":50,"PreservedInsect":5,"jedi:crownofsimplicity":42,"Replay:Arrowhead":37,"Ornamental Fan":91,"Orrery":95,"Garlic":111,"Art of War":120,"Bottled Lightning":49,"ReplayTheSpireMod:Ring of Challenge":44,"ReplayTheSpireMod:Onyx Gauntlets":51,"wanderingMiniBosses:Inkheart":34,"Ice Cream":15,"Divine Protection":16,"Gremlin Horn":74,"CeramicFish":72,"Vajra":49,"DollysMirror":8,"Strawberry":90,"Philosopher\u0027s Stone":5,"Vampire_Amulet":0,"Toxic Egg 2":25,"Happy Flower":15,"ReplayTheSpireMod:CursedCoin":29,"Replay:Grab Bag":5,"Choco_Feather":67,"Oddly Smooth Stone":92,"War Paint":34,"jedi:HeartOfTheCards":86,"Du-Vu Doll":46,"jedi:heavyjacket":40,"OrangePellets":125,"Replay:Baseball":83,"Shuriken":99,"Bronze Scales":55,"Simple Rune":82,"ReplayTheSpireMod:TigerMarble":3,"Meat on the Bone":26,"NlothsMask":131,"ReplayFunnel":123,"ReplayTheSpireMod:Ring of Exchange":95,"Mango":95,"Incense Burner":67,"theForsaken:Gavel":95,"PrismaticShard":99,"ClockworkSouvenir":95,"Replay:Bandana":32,"Nunchaku":71,"TheAbacus":141,"Pantograph":4,"Gambling Chip":38,"jedi:matchstick":39,"Genji_Glove":67,"Red Mask":12,"Replay:Bottled Snecko":93,"Runic Pyramid":5,"Gremlin Food":20,"energizedSpire:RedRose":128,"BargainBundle":15,"ReplayTheSpireMod:Ninjato":43,"Replay:Towering Pillar of Hats":43,"Guide Book":60,"Odd Mushroom":47,"White Beast Statue":62,"Calling Bell":5,"Strange Spoon":95,"CaptainsWheel":67,"Anchor":139,"jedi:kaleidoscope":58,"jedi:ominousloannote":61,"ChewingGum":5,"Gem_Box":87,"Membership Card":95,"Guard_Bracelet":107,"FossilizedHelix":5},{"Golden Egg":312,"jedi:zontanonomicon":45,"Spirit Poop":232,"jedi:bottledfury":448,"Whetstone":456,"Bottled Tornado":205,"Sling":82,"Boot":140,"Ring of Searing":248,"Old Coin":344,"Replay:Ringing Soul":13,"theForsaken:HumbleEgg":340,"jedi:firstaidkit":45,"Sundial":110,"Ribbon":307,"Fusion Hammer":54,"HandDrill":291,"Replay:Wax Seal":224,"Replay:Bottled Steam":19,"theMarked:DemonDagger":394,"Counterbalance":3,"Velvet Choker":118,"Eternal Feather":41,"Akabeko":45,"Runic Dome":231,"Snecko Eye":217,"Tintinnabulum":314,"Kintsugi":217,"StrikeDummy":76,"Unceasing Top":233,"Lantern":309,"Singing Bowl":429,"Painkiller Herb":263,"Bag of Preparation":61,"Replay:Multitool":461,"jedi:archwizardhat":252,"Cursed Key":160,"Power_Wrist":307,"Ancient Tea Set":390,"Pet Ghost":226,"Matryoshka":193,"Ring of Fangs":196,"WingedGreaves":208,"Replay:Bottled Eggs":11,"InkBottle":72,"Potion Belt":213,"PreservedInsect":19,"jedi:crownofsimplicity":186,"Replay:Arrowhead":168,"Ornamental Fan":294,"Orrery":307,"Garlic":350,"Art of War":376,"Bottled Lightning":209,"ReplayTheSpireMod:Ring of Challenge":196,"ReplayTheSpireMod:Onyx Gauntlets":217,"wanderingMiniBosses:Inkheart":153,"Ice Cream":61,"Divine Protection":65,"Gremlin Horn":256,"CeramicFish":252,"Vajra":209,"DollysMirror":32,"Strawberry":291,"Philosopher\u0027s Stone":19,"Vampire_Amulet":0,"Toxic Egg 2":101,"Happy Flower":61,"ReplayTheSpireMod:CursedCoin":124,"Replay:Grab Bag":19,"Choco_Feather":246,"Oddly Smooth Stone":296,"War Paint":153,"jedi:HeartOfTheCards":283,"Du-Vu Doll":202,"jedi:heavyjacket":180,"OrangePellets":394,"Replay:Baseball":275,"Shuriken":314,"Bronze Scales":224,"Simple Rune":273,"ReplayTheSpireMod:TigerMarble":11,"Meat on the Bone":107,"NlothsMask":418,"ReplayFunnel":388,"ReplayTheSpireMod:Ring of Exchange":307,"Mango":307,"Incense Burner":246,"theForsaken:Gavel":307,"PrismaticShard":314,"ClockworkSouvenir":307,"Replay:Bandana":140,"Nunchaku":250,"TheAbacus":456,"Pantograph":13,"Gambling Chip":171,"jedi:matchstick":176,"Genji_Glove":246,"Red Mask":48,"Replay:Bottled Snecko":301,"Runic Pyramid":19,"Gremlin Food":82,"energizedSpire:RedRose":407,"BargainBundle":61,"ReplayTheSpireMod:Ninjato":193,"Replay:Towering Pillar of Hats":193,"Guide Book":232,"Odd Mushroom":205,"White Beast Statue":235,"Calling Bell":19,"Strange Spoon":307,"CaptainsWheel":246,"Anchor":448,"jedi:kaleidoscope":228,"jedi:ominousloannote":233,"ChewingGum":19,"Gem_Box":287,"Membership Card":307,"Guard_Bracelet":340,"FossilizedHelix":19}]},"card_choices":[{"not_picked":["theMarked:WardOff","theMarked:ChainLightning","theMarked:TwofoldDefense"],"picked":"SKIP","floor":1},{"not_picked":["theMarked:Parkour","theMarked:Static","theMarked:WardOff"],"picked":"SKIP","floor":3},{"not_picked":["theMarked:TwofoldDefense","theMarked:ContemptForTheProud"],"picked":"theMarked:TunnelVision","floor":4},{"not_picked":["theMarked:ResourceFulStrike","theMarked:WastefulDefense"],"picked":"theMarked:BanishingStrike","floor":4},{"not_picked":["theMarked:WardOff","theMarked:Generate"],"picked":"theMarked:FavorableWinds","floor":4},{"not_picked":["theMarked:RepellingDischarge","theMarked:Aftermath","theMarked:MaelstromOfLightning"],"picked":"SKIP","floor":6},{"not_picked":["theMarked:WardOff","theMarked:ElectricStrings"],"picked":"theMarked:BanishingStrike","floor":8},{"not_picked":["theMarked:Electrify","theMarked:TunnelVision","theMarked:EmpowerWeapon"],"picked":"SKIP","floor":10},{"not_picked":["theMarked:ShockingTouch","theMarked:WastefulAttack","theMarked:SwordAndMagic"],"picked":"SKIP","floor":12},{"not_picked":["theMarked:DeterminationOfTheMarked","theMarked:BanishingStrike","theMarked:Improvise"],"picked":"SKIP","floor":13},{"not_picked":["theMarked:DispelDoubt","theMarked:TurnInvisible"],"picked":"theMarked:Abjuration","floor":16},{"not_picked":["theMarked:WardOff","theMarked:ChainLightning","theMarked:Static"],"picked":"SKIP","floor":18},{"not_picked":["theMarked:TwofoldDefense+1","theMarked:EmpowerWeapon","theMarked:ResourceFulStrike+1"],"picked":"SKIP","floor":20},{"not_picked":["theMarked:Aftermath","theMarked:RepellingDischarge","theMarked:BanishingStrike"],"picked":"SKIP","floor":21},{"not_picked":["theMarked:EmpowerWeapon","theMarked:Static"],"picked":"theMarked:BanishingStrike+1","floor":24},{"not_picked":["theMarked:Electrocute","theMarked:Parkour","theMarked:ChannelForce"],"picked":"SKIP","floor":25},{"not_picked":["theMarked:Electrocute","theMarked:Parkour","theMarked:ChannelForce"],"picked":"SKIP","floor":25},{"not_picked":["theMarked:RepellingDischarge","theMarked:WardOff","theMarked:KeepCalmAndFightOn"],"picked":"SKIP","floor":29},{"not_picked":["theMarked:TwofoldDefense+1","theMarked:ShockingTouch"],"picked":"theMarked:StartUp","floor":31},{"not_picked":["theMarked:TurnInvisible","theMarked:Defy"],"picked":"theMarked:Levitate","floor":33},{"not_picked":["theMarked:WastefulAttack+1","theMarked:TunnelVision","theMarked:ChainLightning+1"],"picked":"Singing Bowl","floor":35},{"not_picked":["theMarked:Convert+1","theMarked:SwordAndMagic","theMarked:Panic"],"picked":"Singing Bowl","floor":37},{"not_picked":["Survey Options","Forethought","ReplayTheSpireMod:Uncanny Aura"],"picked":"Singing Bowl","floor":38},{"not_picked":["Panacea","Deep Breath","jedi:RedIncense"],"picked":"Singing Bowl","floor":38},{"not_picked":["theMarked:WardOff+1","theMarked:TwofoldDefense+1"],"picked":"theMarked:KeepCalmAndFightOn+1","floor":41},{"not_picked":["theMarked:WastefulAttack+1","theMarked:Overthink+1","theMarked:KeepCalmAndFightOn+1"],"picked":"Singing Bowl","floor":44},{"not_picked":["theMarked:WastefulAttack+1","theMarked:WardOff"],"picked":"theMarked:SelfDefenseTraining","floor":45},{"not_picked":["theMarked:StartUp","theMarked:KeepCalmAndFightOn"],"picked":"theMarked:TakeOffHeels","floor":47},{"not_picked":["theMarked:PowerFlow+1","theMarked:BanishingWave","theMarked:LightningStrikesTwice"],"picked":"Singing Bowl","floor":48}],"player_experience":1374809,"relics_obtained":[{"floor":6,"key":"ReplayFunnel"},{"floor":9,"key":"Ancient Tea Set"},{"floor":10,"key":"Replay:Baseball"},{"floor":31,"key":"Singing Bowl"},{"floor":41,"key":"Anchor"},{"floor":43,"key":"jedi:bottledfury"},{"floor":48,"key":"Replay:Multitool"}],"event_choices":[{"damage_healed":0,"gold_gain":0,"cards_transformed":["theMarked:Defend"],"player_choice":"Transformed","damage_taken":0,"max_hp_gain":0,"max_hp_loss":0,"event_name":"Transmorgrifier","floor":2,"gold_loss":0,"cards_obtained":["theMarked:HeightenedSenses"]},{"damage_healed":0,"gold_gain":58,"player_choice":"Gained Gold","damage_taken":0,"max_hp_gain":0,"max_hp_loss":0,"event_name":"Golden Wing","floor":5,"gold_loss":0},{"damage_healed":0,"gold_gain":0,"player_choice":"Trade","damage_taken":0,"relics_obtained":["NlothsMask"],"max_hp_gain":0,"max_hp_loss":0,"event_name":"FaceTrader","floor":22,"gold_loss":0},{"cards_removed":["theMarked:TunnelVision"],"damage_healed":0,"gold_gain":0,"player_choice":"Give","damage_taken":0,"max_hp_gain":0,"max_hp_loss":0,"event_name":"betterNote:BetterNote","floor":28,"gold_loss":0,"cards_obtained":["None"]},{"damage_healed":0,"gold_gain":0,"player_choice":"Copied","damage_taken":0,"max_hp_gain":0,"max_hp_loss":0,"event_name":"Duplicator","floor":36,"gold_loss":0,"cards_obtained":["theMarked:Levitate"]},{"damage_healed":0,"gold_gain":3,"player_choice":"1","damage_taken":0,"max_hp_gain":0,"max_hp_loss":0,"event_name":"betterStone:BetterStone","floor":38,"gold_loss":0},{"damage_healed":0,"gold_gain":0,"player_choice":"Max HP","damage_taken":0,"max_hp_gain":0,"max_hp_loss":4,"event_name":"Winding Halls","floor":39,"gold_loss":0},{"cards_removed":["theMarked:Strike"],"damage_healed":0,"gold_gain":0,"player_choice":"Offered Basic","damage_taken":0,"max_hp_gain":0,"max_hp_loss":0,"event_name":"Bonfire Elementals","floor":42,"gold_loss":0},{"damage_healed":0,"gold_gain":0,"player_choice":"Fight","damage_taken":0,"max_hp_gain":0,"max_hp_loss":0,"event_name":"MindBloom","floor":48,"gold_loss":0}],"is_beta":false,"boss_relics":[{"not_picked":["Fusion Hammer","Pandora\u0027s Box"],"picked":"energizedSpire:RedRose"},{"not_picked":["Snecko Heart","Replay:Wanted Poster"],"picked":"Velvet Choker"}],"items_purged_floors":[0,0,11],"is_endless":false,"potions_floor_spawned":[6,8,12,13,20,25,29,31,37,45],"killed_by":"Awakened One","ascension_level":3}}