{"host":"9pqy5lt7vda52ebm","time":1610511652,"event":{"mods":["BaseMod","Fox Events","Minty Spire (QoL Compilation)","Optimize The Spire","Quick Restart","StSLib","The Marked"],"gold_per_floor":[113,127,139,185,204,204,231,18,44,70,102,114,154,166,178,288,300,330,359,65,75,89,123,135,35,35,35,53,72,72,83,83,180,180,193,68,88,138,148,173,187,215,215,229,229,260,274,274,274,274],"floor_reached":51,"language":"ENG","playtime":8086,"items_purged":["theMarked:Strike","theMarked:Strike","theMarked:Strike"],"score":1185,"play_id":"7399fba1-98b4-4da5-a3f8-24abacf5f6ca","local_time":"20210112232052","is_ascension_mode":true,"campfire_choices":[{"data":"theMarked:StartUp","floor":6,"key":"SMITH"},{"data":"theMarked:ComboAttacks","floor":12,"key":"SMITH"},{"data":"theMarked:Overthink","floor":15,"key":"SMITH"},{"floor":30,"key":"REST"},{"floor":32,"key":"REST"},{"floor":49,"key":"REST"}],"circlet_count":0,"master_deck":["theMarked:Strike","theMarked:Strike","theMarked:Defend","theMarked:Defend","theMarked:Defend","theMarked:Defend+1","theMarked:SoldierOfQuellstein+1","theMarked:TunnelVision","theMarked:ResourceFulStrike","theMarked:EmpowerWeapon","theMarked:StartUp+1","theMarked:ComboAttacks+1","theMarked:EternalStudent","theMarked:Overthink+1","theMarked:TakeOffHeels","theMarked:Improvise","theMarked:TakeCover","theMarked:TwofoldDefense","theMarked:TwofoldDefense+1","theMarked:Generate","theMarked:EnhanceMovement","theMarked:EmpowerWeapon+1","theMarked:Indomitable+1"],"relics":["theMarked:ArtifactOfAir","War Paint","Bag of Preparation","MawBank","Omamori","WarpedTongs","Fusion Hammer","ClockworkSouvenir","Oddly Smooth Stone","Singing Bowl","HornCleat","Runic Pyramid","Bird Faced Urn","Nunchaku","Bronze Scales","Mercury Hourglass","PreservedInsect","White Beast Statue"],"acts_visited":["Exordium","TheCity","TheBeyond"],"potions_floor_usage":[7,16,23,28,50,50,50],"damage_taken":[{"damage":1,"enemies":"Cultist","floor":1,"turns":4},{"damage":3,"enemies":"Jaw Worm","floor":2,"turns":4},{"damage":1,"enemies":"Small Slimes","floor":3,"turns":3},{"damage":0,"enemies":"Blue Slaver","floor":5,"turns":3},{"damage":25,"enemies":"Lagavulin","floor":7,"turns":6},{"damage":6,"enemies":"Looter","floor":10,"turns":2},{"damage":0,"enemies":"Large Slime","floor":11,"turns":3},{"damage":12,"enemies":"3 Sentries","floor":13,"turns":6},{"damage":12,"enemies":"Slime Boss","floor":16,"turns":7},{"damage":0,"enemies":"Spheric Guardian","floor":18,"turns":2},{"damage":3,"enemies":"Shell Parasite","floor":19,"turns":4},{"damage":6,"enemies":"Centurion and Healer","floor":21,"turns":5},{"damage":2,"enemies":"Chosen and Byrds","floor":22,"turns":4},{"damage":32,"enemies":"Slavers","floor":23,"turns":4},{"damage":0,"enemies":"Sentry and Sphere","floor":24,"turns":3},{"damage":5,"enemies":"Snake Plant","floor":28,"turns":3},{"damage":0,"enemies":"Snecko","floor":29,"turns":3},{"damage":0,"enemies":"Centurion and Healer","floor":31,"turns":3},{"damage":0,"enemies":"Champ","floor":33,"turns":11},{"damage":0,"enemies":"3 Shapes","floor":35,"turns":3},{"damage":1,"enemies":"3 Darklings","floor":37,"turns":5},{"damage":6,"enemies":"Mind Bloom Boss Battle","floor":38,"turns":6},{"damage":1,"enemies":"Jaw Worm Horde","floor":39,"turns":4},{"damage":5,"enemies":"Giant Head","floor":40,"turns":7},{"damage":0,"enemies":"Transient","floor":41,"turns":5},{"damage":5,"enemies":"Reptomancer","floor":42,"turns":7},{"damage":0,"enemies":"Spire Growth","floor":44,"turns":4},{"damage":0,"enemies":"Nemesis","floor":46,"turns":3},{"damage":0,"enemies":"Sphere and 2 Shapes","floor":47,"turns":4},{"damage":17,"enemies":"Donu and Deca","floor":50,"turns":6}],"seed_played":"5285596816947229799","potions_obtained":[{"floor":2,"key":"Swift Potion"},{"floor":3,"key":"SpeedPotion"},{"floor":7,"key":"SkillPotion"},{"floor":11,"key":"Swift Potion"},{"floor":21,"key":"Energy Potion"},{"floor":22,"key":"Dexterity Potion"},{"floor":28,"key":"Strength Potion"},{"floor":31,"key":"AttackPotion"},{"floor":41,"key":"Ancient Potion"},{"floor":42,"key":"ColorlessPotion"}],"is_trial":false,"path_per_floor":["M","M","M","T","M","R","E","$","T","M","M","R","E","?","R","B",null,"M","M","$","M","M","E","M","$","T","$","M","M","R","M","R","B",null,"M","$","M","?","M","E","M","E","T","M","?","E","M","T","R","B",null],"character_chosen":"THE_DEFAULT","items_purchased":["theMarked:EternalStudent","ClockworkSouvenir","Oddly Smooth Stone"],"campfire_rested":3,"item_purchase_floors":[8,20,20],"current_hp_per_floor":[69,66,65,65,65,65,40,40,40,34,34,34,22,22,22,10,60,60,57,57,51,49,17,19,19,19,19,14,16,40,40,64,66,79,79,79,80,76,77,76,80,79,79,81,81,85,87,87,95,78],"gold":274,"neow_bonus":"TEN_PERCENT_HP_BONUS","is_daily":false,"chose_seed":false,"campfire_upgraded":3,"win_rate":0.0,"timestamp":1610511652,"path_taken":["M","M","M","?","?","R","E","$","T","M","M","R","E","?","R","BOSS","M","M","$","M","M","E","M","?","T","?","M","M","R","M","R","BOSS","M","?","M","?","M","E","M","E","T","M","?","E","M","?","R","BOSS"],"items_purchased_type":["Card","Relic","Relic"],"build_version":"2020-12-22","purchased_purges":3,"victory":true,"max_hp_per_floor":[77,77,77,77,77,77,77,77,77,77,77,77,77,77,77,77,77,77,77,77,77,77,77,79,79,79,79,79,81,81,81,81,83,83,83,83,85,87,87,89,91,93,93,93,93,95,95,95,95,95],"card_choices":[{"not_picked":["theMarked:WastefulDefense","theMarked:HeritageOfTheMarked"],"picked":"theMarked:TunnelVision","floor":1},{"not_picked":["theMarked:ParalyzingBlade","theMarked:WastefulDefense"],"picked":"theMarked:ResourceFulStrike","floor":2},{"not_picked":["theMarked:HeritageOfTheMarked","theMarked:Aftermath"],"picked":"theMarked:EmpowerWeapon","floor":3},{"not_picked":["theMarked:Electrocute","theMarked:ResourceFulStrike"],"picked":"theMarked:StartUp","floor":5},{"not_picked":["theMarked:ResourceFulStrike","theMarked:PowerFlow"],"picked":"theMarked:ComboAttacks","floor":7},{"not_picked":["theMarked:ResourceFulStrike","theMarked:ChainLightning","theMarked:HeightenedSenses"],"picked":"SKIP","floor":10},{"not_picked":["theMarked:Aftermath","theMarked:ResourceFulStrike","theMarked:ElectricStrings"],"picked":"SKIP","floor":11},{"not_picked":["theMarked:HeightenedSenses","theMarked:ResourceFulStrike"],"picked":"theMarked:Overthink","floor":13},{"not_picked":["theMarked:MuscleMemory","theMarked:EternalStudent"],"picked":"theMarked:TakeOffHeels","floor":16},{"not_picked":["theMarked:RepellingDischarge+1","theMarked:TunnelVision+1"],"picked":"theMarked:Improvise","floor":18},{"not_picked":["theMarked:LightningStrikesTwice","theMarked:HeightenedSenses","theMarked:PowerFlow"],"picked":"SKIP","floor":19},{"not_picked":["theMarked:WardOff","theMarked:ElectricStrings","theMarked:Frustration"],"picked":"SKIP","floor":21},{"not_picked":["theMarked:BanishingStrike","theMarked:ChainLightning","theMarked:WastefulAttack"],"picked":"SKIP","floor":22},{"not_picked":["theMarked:RepellingDischarge+1","theMarked:Parkour"],"picked":"theMarked:TakeCover","floor":23},{"not_picked":["theMarked:ComboAttacks","theMarked:Aftermath","theMarked:ResourceFulStrike"],"picked":"Singing Bowl","floor":24},{"not_picked":["theMarked:Polarize","theMarked:Panic"],"picked":"theMarked:TwofoldDefense","floor":28},{"not_picked":["theMarked:ResourceFulStrike+1","theMarked:RepellingDischarge","theMarked:ElectricStrings+1"],"picked":"Singing Bowl","floor":29},{"not_picked":["theMarked:Vacuum","theMarked:ChainLightning"],"picked":"theMarked:Indomitable","floor":31},{"not_picked":["theMarked:FavorableWinds","theMarked:UnarmedFury","theMarked:Vacuum"],"picked":"Singing Bowl","floor":33},{"not_picked":["theMarked:SwordAndMagic","theMarked:Electrocute"],"picked":"theMarked:TwofoldDefense+1","floor":35},{"not_picked":["theMarked:WastefulAttack","theMarked:ReduceFriction+1","theMarked:Aftermath"],"picked":"Singing Bowl","floor":37},{"not_picked":["theMarked:WastefulDefense+1","theMarked:Static","theMarked:ElectricStrings"],"picked":"Singing Bowl","floor":38},{"not_picked":["theMarked:ParalyzingBlade+1","theMarked:Convert"],"picked":"theMarked:Generate","floor":39},{"not_picked":["theMarked:ResourceFulStrike","theMarked:ElectricStrings+1","theMarked:Improvise"],"picked":"Singing Bowl","floor":40},{"not_picked":["theMarked:HeightenedSenses","theMarked:CreepingChasm+1","theMarked:ElectricStrings+1"],"picked":"Singing Bowl","floor":41},{"not_picked":["theMarked:LightningStrikesTwice+1","theMarked:Parkour","theMarked:HeritageOfTheMarked+1"],"picked":"Singing Bowl","floor":42},{"not_picked":["theMarked:HeightenedSenses","theMarked:SuspiciousRaven"],"picked":"theMarked:EnhanceMovement","floor":44},{"not_picked":["theMarked:ChainLightning","theMarked:Indomitable+1","theMarked:ContemptForTheProud+1"],"picked":"Singing Bowl","floor":46},{"not_picked":["theMarked:ChainLightning+1","theMarked:TwofoldDefense+1"],"picked":"theMarked:EmpowerWeapon+1","floor":47}],"player_experience":418054,"relics_obtained":[{"floor":4,"key":"War Paint"},{"floor":7,"key":"Bag of Preparation"},{"floor":9,"key":"MawBank"},{"floor":13,"key":"Omamori"},{"floor":23,"key":"Singing Bowl"},{"floor":26,"key":"HornCleat"},{"floor":38,"key":"Bird Faced Urn"},{"floor":40,"key":"Nunchaku"},{"floor":42,"key":"Bronze Scales"},{"floor":43,"key":"Mercury Hourglass"},{"floor":46,"key":"PreservedInsect"},{"floor":48,"key":"White Beast Statue"}],"event_choices":[{"damage_healed":0,"gold_gain":0,"player_choice":"Rummage","damage_taken":0,"relics_obtained":["WarpedTongs"],"max_hp_gain":0,"max_hp_loss":0,"event_name":"Accursed Blacksmith","floor":14,"gold_loss":0,"cards_obtained":["Pain"]},{"damage_healed":0,"gold_gain":0,"player_choice":"Fight","damage_taken":0,"max_hp_gain":0,"max_hp_loss":0,"event_name":"MindBloom","floor":38,"gold_loss":0}],"is_beta":false,"boss_relics":[{"not_picked":["Astrolabe","Philosopher\u0027s Stone"],"picked":"Fusion Hammer"},{"not_picked":["Cursed Key","Runic Dome"],"picked":"Runic Pyramid"}],"items_purged_floors":[8,25,36],"is_endless":false,"potions_floor_spawned":[2,3,7,11,21,22,28,31,41,42,46,47],"ascension_level":9}}