{"host":"3y2rtlgteqp2nuo3","time":1610552145,"event":{"mods":["2.2 Compatiblity","AchievementEnabler","BaseMod","Colored Map","DeckTracker","Highlight Path","Keyboard Shortcuts","Minty Spire (QoL Compilation)","Permanent Neow","Quick Restart","StSLib","SuperFastMode","everything is the same but u backflip on backflip"],"gold_per_floor":[110,125,142,153,168,168,182,182,182,193,193,205,217,229,229,330,330,340,355,430,447,132,132,32,32,32,52,66,166,166,91,91,192,192,206,220,95,145,145,145,177,177,177,177,189,189,189,189,189,189],"floor_reached":51,"language":"KOR","playtime":1638,"items_purged":["Strike_G","Strike_G","Quick Slash"],"score":1019,"play_id":"bc4b5fb4-145d-4329-ae62-247af2b6adca","local_time":"20210114003545","is_ascension_mode":true,"campfire_choices":[{"data":"Bouncing Flask","floor":6.0,"key":"SMITH"},{"floor":8.0,"key":"REST"},{"data":"Deadly Poison","floor":11.0,"key":"SMITH"},{"data":"Bouncing Flask","floor":15.0,"key":"SMITH"},{"floor":23.0,"key":"REST"},{"floor":25.0,"key":"REST"},{"floor":30.0,"key":"REST"},{"floor":32.0,"key":"REST"},{"floor":40.0,"key":"REST"},{"data":"Adrenaline","floor":47,"key":"SMITH"},{"data":"Apotheosis","floor":49,"key":"SMITH"}],"circlet_count":0,"master_deck":["AscendersBane","Survivor","Neutralize+1","Flying Knee","Bouncing Flask+1","Underhanded Strike","Bouncing Flask+1","PiercingWail","Dodge and Roll","Deadly Poison+1","Corpse Explosion","Noxious Fumes","Poisoned Stab","Night Terror","Calculated Gamble","Escape Plan+1","Well Laid Plans","Finesse","Adrenaline+1","Acrobatics+1","PiercingWail","After Image","A Thousand Cuts","Catalyst","Masterful Stab","Adrenaline","Dagger Spray","Heel Hook","Outmaneuver+1","Doppelganger","Footwork","Apotheosis+1"],"relics":["Ring of the Snake","Prayer Wheel","Cursed Key","Oddly Smooth Stone","StoneCalendar","Letter Opener","Pandora\u0027s Box","Gambling Chip","Centennial Puzzle"],"acts_visited":["Exordium","TheCity","TheBeyond"],"potions_floor_usage":[41,50],"damage_taken":[{"damage":7.0,"enemies":"Jaw Worm","floor":1.0,"turns":4.0},{"damage":0.0,"enemies":"Cultist","floor":2.0,"turns":5.0},{"damage":0.0,"enemies":"2 Louse","floor":3.0,"turns":3.0},{"damage":7.0,"enemies":"Looter","floor":4.0,"turns":4.0},{"damage":10.0,"enemies":"Large Slime","floor":5.0,"turns":6.0},{"damage":17.0,"enemies":"Exordium Wildlife","floor":7.0,"turns":5.0},{"damage":0.0,"enemies":"Blue Slaver","floor":10.0,"turns":3.0},{"damage":14.0,"enemies":"Large Slime","floor":12.0,"turns":5.0},{"damage":11.0,"enemies":"3 Louse","floor":13.0,"turns":4.0},{"damage":1.0,"enemies":"2 Fungi Beasts","floor":14.0,"turns":2.0},{"damage":12.0,"enemies":"The Guardian","floor":16.0,"turns":7.0},{"damage":6.0,"enemies":"Spheric Guardian","floor":18.0,"turns":3.0},{"damage":2.0,"enemies":"Chosen","floor":19.0,"turns":4.0},{"damage":30.0,"enemies":"Shelled Parasite and Fungi","floor":21.0,"turns":6.0},{"damage":24.0,"enemies":"Snake Plant","floor":27.0,"turns":4.0},{"damage":17.0,"enemies":"Centurion and Healer","floor":28.0,"turns":4.0},{"damage":6.0,"enemies":"Colosseum Slavers","floor":29.0,"turns":5.0},{"damage":0.0,"enemies":"Colosseum Nobs","floor":29.0,"turns":3.0},{"damage":34.0,"enemies":"Automaton","floor":33.0,"turns":9.0},{"damage":32.0,"enemies":"3 Darklings","floor":35.0,"turns":5.0},{"damage":6.0,"enemies":"Orb Walker","floor":36.0,"turns":4.0},{"damage":0.0,"enemies":"Mind Bloom Boss Battle","floor":38.0,"turns":5.0},{"damage":29,"enemies":"Giant Head","floor":41,"turns":7},{"damage":0,"enemies":"Transient","floor":45,"turns":5},{"damage":36,"enemies":"Time Eater","floor":50,"turns":4}],"seed_played":"4238149333869343255","potions_obtained":[{"floor":2.0,"key":"Energy Potion"},{"floor":3.0,"key":"GhostInAJar"},{"floor":10.0,"key":"Weak Potion"},{"floor":16.0,"key":"DuplicationPotion"},{"floor":21.0,"key":"GhostInAJar"},{"floor":36.0,"key":"Regen Potion"},{"floor":38.0,"key":"Poison Potion"},{"floor":45,"key":"Poison Potion"}],"is_trial":false,"path_per_floor":["M","M","M","M","M","R","M","R","T","M","R","M","M","M","R","B",null,"M","M","?","M","$","R","$","R","T","M","M","?","R","?","R","B",null,"M","M","$","?","$","R","E","?","T","T","M","?","R","?","R","B",null],"character_chosen":"THE_SILENT","items_purchased":["Oddly Smooth Stone","Finesse"],"campfire_rested":6,"item_purchase_floors":[22,22],"current_hp_per_floor":[56,56,56,49,39,39,22,43,43,43,43,29,18,17,17,5,54,48,46,39,9,9,30,30,51,51,27,10,4,25,25,46,12,56,24,18,18,18,18,39,10,10,10,10,10,61,61,61,61,32],"gold":189,"neow_bonus":"UPGRADE_CARD","is_daily":false,"chose_seed":false,"campfire_upgraded":5,"win_rate":0.0,"timestamp":1610552145,"path_taken":["M","M","M","M","M","R","M","R","T","M","R","M","M","M","R","BOSS","M","M","?","M","$","R","$","R","T","?","M","?","R","?","R","BOSS","M","M","$","?","$","R","E","?","T","?","M","?","R","?","R","BOSS"],"items_purchased_type":["Relic","Card"],"build_version":"2020-12-22","purchased_purges":3,"victory":true,"max_hp_per_floor":[70,70,70,70,70,70,70,70,70,70,70,70,70,70,70,70,70,70,70,70,70,70,70,70,70,70,70,70,70,70,70,70,70,70,70,70,70,70,70,70,70,70,70,70,70,61,61,61,61,61],"card_choices":[{"not_picked":["PiercingWail","Sucker Punch"],"picked":"Flying Knee","floor":1.0},{"not_picked":["Skewer","Dagger Throw"],"picked":"Bouncing Flask","floor":2.0},{"not_picked":["Expertise","Footwork"],"picked":"Underhanded Strike","floor":3.0},{"not_picked":["Outmaneuver","PiercingWail"],"picked":"Bouncing Flask","floor":4.0},{"not_picked":["Storm of Steel","Dash"],"picked":"PiercingWail","floor":5.0},{"not_picked":["Eviscerate","Flying Knee"],"picked":"Dodge and Roll","floor":7.0},{"not_picked":["Calculated Gamble","Slice"],"picked":"Deadly Poison","floor":10.0},{"not_picked":["Dodge and Roll","Tactician","Eviscerate"],"picked":"SKIP","floor":10.0},{"not_picked":["Bane","Accuracy"],"picked":"Corpse Explosion","floor":12.0},{"not_picked":["Blur","Cloak And Dagger","Slice"],"picked":"SKIP","floor":12.0},{"not_picked":["Backflip","Envenom"],"picked":"Noxious Fumes","floor":13.0},{"not_picked":["Tactician","Deadly Poison","Dagger Spray"],"picked":"SKIP","floor":13.0},{"not_picked":["Predator","Dagger Spray"],"picked":"Poisoned Stab","floor":14.0},{"not_picked":["Prepared","Quick Slash","Backflip"],"picked":"SKIP","floor":14.0},{"not_picked":["Unload","Envenom"],"picked":"Night Terror","floor":16.0},{"not_picked":["Dagger Spray+1","Dagger Throw","Acrobatics"],"picked":"SKIP","floor":18.0},{"not_picked":["Underhanded Strike","Cloak And Dagger","Terror"],"picked":"SKIP","floor":18.0},{"not_picked":["Prepared","Dagger Spray"],"picked":"Calculated Gamble","floor":19.0},{"not_picked":["Sucker Punch","Dagger Throw"],"picked":"Escape Plan+1","floor":19.0},{"not_picked":["Skewer","Accuracy"],"picked":"Well Laid Plans","floor":21.0},{"not_picked":["Poisoned Stab","Backflip","Skewer"],"picked":"SKIP","floor":21.0},{"not_picked":["Setup+1","Underhanded Strike"],"picked":"Adrenaline","floor":27.0},{"not_picked":["Blade Dance","Flying Knee+1","Acrobatics"],"picked":"SKIP","floor":27.0},{"not_picked":["Caltrops","Terror+1"],"picked":"Acrobatics+1","floor":28.0},{"not_picked":["Deflect","Backflip","Concentrate+1"],"picked":"SKIP","floor":28.0},{"not_picked":["Phantasmal Killer","Distraction+1"],"picked":"PiercingWail","floor":29.0},{"not_picked":["A Thousand Cuts","Malaise"],"picked":"After Image","floor":33.0},{"not_picked":["Finisher","Reflex","Heel Hook"],"picked":"SKIP","floor":35.0},{"not_picked":["Poisoned Stab","Blade Dance","Outmaneuver+1"],"picked":"SKIP","floor":35.0},{"not_picked":["Poisoned Stab","Blade Dance"],"picked":"Outmaneuver+1","floor":35.0},{"not_picked":["Finisher","Reflex","Heel Hook"],"picked":"SKIP","floor":35.0},{"not_picked":["Sucker Punch","Dagger Throw+1","Setup+1"],"picked":"SKIP","floor":36.0},{"not_picked":["Dagger Spray+1","Cloak And Dagger","Backflip"],"picked":"SKIP","floor":36.0},{"not_picked":["Sucker Punch+1","Dodge and Roll+1"],"picked":"Doppelganger","floor":41},{"not_picked":["Dagger Spray+1","Cloak And Dagger"],"picked":"Footwork","floor":45},{"not_picked":["Quick Slash+1","Leg Sweep+1","Distraction"],"picked":"SKIP","floor":45},{"not_picked":["Chrysalis","Mind Blast"],"picked":"Apotheosis","floor":48}],"player_experience":686437,"relics_obtained":[{"floor":9.0,"key":"Prayer Wheel"},{"floor":29.0,"key":"StoneCalendar"},{"floor":29.0,"key":"Letter Opener"},{"floor":38.0,"key":"Gambling Chip"},{"floor":41,"key":"Centennial Puzzle"}],"event_choices":[{"damage_healed":0.0,"max_hp_gain":0.0,"max_hp_loss":0.0,"gold_gain":75.0,"event_name":"FaceTrader","player_choice":"Touch","floor":20.0,"gold_loss":0.0,"damage_taken":7.0},{"damage_healed":0.0,"max_hp_gain":0.0,"max_hp_loss":0.0,"gold_gain":0.0,"event_name":"Colosseum","player_choice":"Fight","floor":29.0,"gold_loss":0.0,"damage_taken":0.0},{"damage_healed":0.0,"max_hp_gain":0.0,"max_hp_loss":0.0,"gold_gain":0.0,"event_name":"Colosseum","player_choice":"Fought Nobs","floor":29.0,"gold_loss":0.0,"damage_taken":0.0},{"cards_removed":["Strike_G"],"damage_healed":0.0,"max_hp_gain":0.0,"max_hp_loss":0.0,"gold_gain":0.0,"event_name":"Beggar","player_choice":"Gave Gold","floor":31.0,"gold_loss":75.0,"damage_taken":0.0},{"damage_healed":0.0,"max_hp_gain":0.0,"max_hp_loss":0.0,"gold_gain":0.0,"event_name":"MindBloom","player_choice":"Fight","floor":38.0,"gold_loss":0.0,"damage_taken":0.0},{"damage_healed":0,"gold_gain":0,"player_choice":"Ignored","damage_taken":0,"max_hp_gain":0,"max_hp_loss":0,"event_name":"Mysterious Sphere","floor":42,"gold_loss":0},{"damage_healed":61,"gold_gain":0,"player_choice":"Heal","damage_taken":0,"max_hp_gain":0,"max_hp_loss":9,"event_name":"The Moai Head","floor":46,"gold_loss":0},{"damage_healed":0,"gold_gain":0,"player_choice":"Memory 1","damage_taken":0,"max_hp_gain":0,"max_hp_loss":0,"event_name":"SensoryStone","floor":48,"gold_loss":0}],"is_beta":false,"boss_relics":[{"not_picked":["Calling Bell","Runic Dome"],"picked":"Cursed Key"},{"not_picked":["Tiny House","Black Star"],"picked":"Pandora\u0027s Box"}],"items_purged_floors":[22,24,37],"is_endless":false,"potions_floor_spawned":[2,3,10,12,16,19,21,27,29,36,38,45],"ascension_level":10}}