{"host":"vhvm1b4sel61ztfv","time":1610541153,"event":{"mods":["BaseMod","BetterRewards","Displayed Cursed Tome","Gold Saver","Minty Spire (QoL Compilation)","StSLib"],"gold_per_floor":[1143,1182,1230,1284,1284,1389,1389,1161,1206,1311,1368,741,494,503,503,818,818,877,161,161,161,197,275,212,266,266,380,380,422,458,569,569,881,881,938,129,138,138,195,279,369,465,465,549,606,693,129,204,204,516,516,549,609,654,62,71,149,245,287,287,35,114,195,282,312,321,621,621,651,651,510,552,552,663,753,703,808,910,940,504,323,365,365,680,680,713,598,478,478,415,415,415,499,592,649,751,844,946,1039,1039,1327,1327,1357,1417,992,992,992,992,992],"floor_reached":108,"language":"ENG","playtime":6959,"items_purged":["Spot Weakness","Fire Breathing","Fire Breathing"],"score":4903,"play_id":"e9e2e761-b8d0-4120-9eb5-8bb3c1b8d7f7","local_time":"20210113073232","daily_mods":["Draft","Vintage","Heirloom","Flight","DeadlyEvents","Elite Swarm","Lethality","Midas"],"is_ascension_mode":true,"campfire_choices":[{"floor":7.0,"key":"REST"},{"floor":15.0,"key":"REST"},{"floor":28.0,"key":"REST"},{"floor":32.0,"key":"REST"},{"floor":49.0,"key":"REST"},{"floor":66,"key":"REST"},{"data":"1","floor":83,"key":"LIFT"},{"data":"2","floor":91,"key":"LIFT"},{"data":"3","floor":92,"key":"LIFT"},{"floor":100,"key":"REST"}],"circlet_count":1,"master_deck":["AscendersBane","Pummel+1","Power Through+1","Thunderclap","Rampage","Warcry","Wild Strike","Clothesline+1","Iron Wave","Shrug It Off","Feel No Pain","Bloodletting","Wild Strike","Pommel Strike","Rage+1","Juggernaut","Fiend Fire+1","Injury","Power Through+1","Wild Strike","Immolate","Juggernaut","Rupture+1","Evolve+1","Transmutation","Demon Form+1","Whirlwind","Spot Weakness+1","Second Wind+1","Regret","Fire Breathing+1","Power Through+1","Combust+1","Metallicize+1","Fire Breathing+1","Barricade+1","Offering+1"],"relics":["Burning Blood","Thread and Needle","Kunai","Ancient Tea Set","Meat on the Bone","Regal Pillow","Eternal Feather","Nunchaku","Vajra","Strawberry","CeramicFish","Prayer Wheel","Chemical X","Dream Catcher","Matryoshka","Singing Bowl","Bloody Idol","Philosopher\u0027s Stone","Lantern","Mummified Hand","Lee\u0027s Waffle","Paper Frog","Anchor","Champion Belt","Question Card","Bag of Marbles","White Beast Statue","HornCleat","Darkstone Periapt","The Courier","Ice Cream","SacredBark","Ginger","Frozen Egg 2","Bag of Preparation","CaptainsWheel","TheAbacus","Pear","StrikeDummy","Blue Candle","Self Forming Clay","Whetstone","Letter Opener","Bird Faced Urn","Orichalcum","Bottled Tornado","War Paint","Ornamental Fan","Du-Vu Doll","MealTicket","TungstenRod","Centennial Puzzle","Sundial","Toxic Egg 2","Molten Egg 2","Pantograph","Membership Card","Red Skull","Happy Flower","InkBottle","DollysMirror","Bronze Scales","Calipers","Gremlin Horn","Shuriken","Girya","FossilizedHelix","Frozen Eye","Charon\u0027s Ashes","StoneCalendar","Peace Pipe","Dead Branch","Magic Flower","HandDrill","Circlet","Mercury Hourglass","Tiny Chest","Blood Vial","Toy Ornithopter","Turnip","Torii","Medical Kit"],"acts_visited":["Exordium","TheCity","TheBeyond","TheCity","TheBeyond","Exordium"],"potions_floor_usage":[96,96,101,101],"damage_taken":[{"damage":0.0,"enemies":"Cultist","floor":1.0,"turns":1.0},{"damage":8.0,"enemies":"Jaw Worm","floor":2.0,"turns":2.0},{"damage":3.0,"enemies":"Small Slimes","floor":3.0,"turns":2.0},{"damage":7.0,"enemies":"3 Louse","floor":4.0,"turns":2.0},{"damage":11.0,"enemies":"3 Sentries","floor":6.0,"turns":4.0},{"damage":14.0,"enemies":"Lagavulin","floor":10.0,"turns":4.0},{"damage":1.0,"enemies":"2 Fungi Beasts","floor":11.0,"turns":3.0},{"damage":3.0,"enemies":"Slime Boss","floor":16.0,"turns":5.0},{"damage":39.0,"enemies":"3 Byrds","floor":18.0,"turns":3.0},{"damage":3.0,"enemies":"Spheric Guardian","floor":22.0,"turns":3.0},{"damage":40.0,"enemies":"Book of Stabbing","floor":23.0,"turns":4.0},{"damage":3.0,"enemies":"3 Cultists","floor":25.0,"turns":4.0},{"damage":0.0,"enemies":"Gremlin Leader","floor":27.0,"turns":6.0},{"damage":0.0,"enemies":"Centurion and Healer","floor":29.0,"turns":3.0},{"damage":0.0,"enemies":"Snake Plant","floor":30.0,"turns":1.0},{"damage":13.0,"enemies":"Slavers","floor":31.0,"turns":4.0},{"damage":0.0,"enemies":"Champ","floor":33.0,"turns":8.0},{"damage":0.0,"enemies":"3 Shapes","floor":35.0,"turns":2.0},{"damage":0.0,"enemies":"Orb Walker","floor":39.0,"turns":3.0},{"damage":19.0,"enemies":"Reptomancer","floor":40.0,"turns":5.0},{"damage":18.0,"enemies":"Giant Head","floor":41.0,"turns":7.0},{"damage":20.0,"enemies":"Nemesis","floor":42.0,"turns":3.0},{"damage":1.0,"enemies":"Giant Head","floor":44.0,"turns":6.0},{"damage":3.0,"enemies":"4 Shapes","floor":45.0,"turns":4.0},{"damage":4.0,"enemies":"Nemesis","floor":46.0,"turns":5.0},{"damage":20.0,"enemies":"Reptomancer","floor":48.0,"turns":3.0},{"damage":26.0,"enemies":"Donu and Deca","floor":50.0,"turns":5.0},{"damage":0,"enemies":"Cultist","floor":52,"turns":2},{"damage":0,"enemies":"Jaw Worm","floor":53,"turns":1},{"damage":0,"enemies":"2 Louse","floor":54,"turns":1},{"damage":0,"enemies":"3 Sentries","floor":57,"turns":3},{"damage":28,"enemies":"Lagavulin","floor":58,"turns":3},{"damage":2,"enemies":"Large Slime","floor":59,"turns":1},{"damage":0,"enemies":"3 Sentries","floor":63,"turns":1},{"damage":2,"enemies":"Lagavulin","floor":64,"turns":2},{"damage":0,"enemies":"Exordium Wildlife","floor":65,"turns":1},{"damage":2,"enemies":"The Guardian","floor":67,"turns":5},{"damage":0,"enemies":"Shell Parasite","floor":69,"turns":1},{"damage":0,"enemies":"2 Thieves","floor":72,"turns":2},{"damage":4,"enemies":"Slavers","floor":74,"turns":2},{"damage":5,"enemies":"Gremlin Leader","floor":75,"turns":3},{"damage":2,"enemies":"Book of Stabbing","floor":77,"turns":2},{"damage":2,"enemies":"Gremlin Leader","floor":78,"turns":2},{"damage":2,"enemies":"Snake Plant","floor":79,"turns":1},{"damage":6,"enemies":"Centurion and Healer","floor":82,"turns":2},{"damage":2,"enemies":"Automaton","floor":84,"turns":2},{"damage":0,"enemies":"Orb Walker","floor":86,"turns":1},{"damage":0,"enemies":"Nemesis","floor":93,"turns":1},{"damage":11,"enemies":"Giant Head","floor":94,"turns":3},{"damage":0,"enemies":"3 Darklings","floor":95,"turns":1},{"damage":0,"enemies":"Reptomancer","floor":96,"turns":3},{"damage":5,"enemies":"Giant Head","floor":97,"turns":3},{"damage":4,"enemies":"Nemesis","floor":98,"turns":1},{"damage":0,"enemies":"Giant Head","floor":99,"turns":2},{"damage":11,"enemies":"Donu and Deca","floor":101,"turns":2},{"damage":0,"enemies":"Small Slimes","floor":103,"turns":2},{"damage":0,"enemies":"2 Louse","floor":104,"turns":1},{"damage":111,"enemies":"Lagavulin","floor":108,"turns":5}],"seed_played":"6251295681189158202","potions_obtained":[{"floor":2.0,"key":"Energy Potion"},{"floor":4.0,"key":"DuplicationPotion"},{"floor":22.0,"key":"SneckoOil"},{"floor":27.0,"key":"Energy Potion"},{"floor":33.0,"key":"Block Potion"},{"floor":35.0,"key":"HeartOfIron"},{"floor":44.0,"key":"PowerPotion"},{"floor":45.0,"key":"PowerPotion"},{"floor":50.0,"key":"AttackPotion"},{"floor":52,"key":"Weak Potion"},{"floor":53,"key":"AttackPotion"},{"floor":59,"key":"HeartOfIron"},{"floor":63,"key":"PowerPotion"},{"floor":96,"key":"LiquidBronze"},{"floor":97,"key":"Swift Potion"},{"floor":101,"key":"Energy Potion"}],"is_trial":true,"path_per_floor":["M","M","M","M","?","E","R","$","T","E","M","$","$","?","R","B",null,"M","$","?","?","M","E","$","M","T","E","R","M","M","E","R","B",null,"M","$","?","?","M","E","E","E","T","E","M","E","$","E","R","B",null,"M","M","M","$","?","E","E","M","T","$","?","E","E","M","R","B",null,"M","?","$","M","$","E","E","?","E","E","M","$","$","M","R","B",null,"M","$","$","?","$","R","R","E","E","M","E","E","E","E","R","B",null,"M","M","$","?","?","E"],"character_chosen":"IRONCLAD","items_purchased":["Vajra","DuplicationPotion","Fire Breathing","Chemical X","Dream Catcher","Matryoshka","Singing Bowl","Mummified Hand","Lee\u0027s Waffle","Paper Frog","Power Through","Wild Strike","PowerPotion","Frozen Egg 2","Bag of Preparation","CaptainsWheel","TheAbacus","Spot Weakness","Rupture+1","Evolve+1","War Paint","Ornamental Fan","Du-Vu Doll","Whirlwind","Sundial","Toxic Egg 2","Spot Weakness+1","Second Wind+1","Membership Card","Red Skull","Fire Breathing+1","Combust+1","Metallicize+1","DollysMirror","Gremlin Horn","Shuriken","Girya","FossilizedHelix","Frozen Eye","Charon\u0027s Ashes","Dead Branch","Magic Flower","HandDrill","Blood Vial","Toy Ornithopter","Turnip","Torii","Medical Kit"],"campfire_rested":7,"item_purchase_floors":[8,8,12,12,12,12,13,19,19,19,19,24,24,36,36,36,36,36,36,36,47,47,47,55,55,55,55,55,61,61,61,71,71,71,80,80,80,80,81,81,87,88,90,105,105,105,105,105],"current_hp_per_floor":[78,76,79,78,66,61,80,80,87,79,84,84,84,84,89,91,91,58,98,98,98,98,71,76,84,84,100,102,102,102,102,104,106,106,106,106,105,105,120,117,112,105,105,120,124,126,126,126,130,122,130,132,132,132,132,138,140,129,142,142,142,142,144,146,146,146,148,148,148,148,148,148,148,148,150,150,152,152,152,152,152,152,152,154,77,77,77,77,77,77,77,77,79,81,81,83,85,87,89,91,93,93,93,93,93,75,75,0,0],"gold":992,"neow_bonus":"","is_daily":false,"chose_seed":false,"campfire_upgraded":0,"win_rate":0.0,"timestamp":1610541152,"path_taken":["M","M","?","M","?","E","R","$","T","E","M","$","$","?","R","BOSS","M","$","?","?","M","E","$","M","T","?","R","M","?","?","R","BOSS","M","$","?","?","M","E","E","?","T","E","?","?","$","E","R","BOSS","M","M","M","$","?","E","E","?","T","$","?","?","?","?","R","BOSS","M","?","?","M","$","E","E","?","E","?","?","$","$","?","R","BOSS","M","$","$","?","?","R","R","?","E","?","E","E","?","E","R","BOSS","M","M","$","?","?","E"],"items_purchased_type":["Relic","Potion","Card","Relic","Relic","Relic","Relic","Relic","Relic","Relic","Card","Card","Potion","Relic","Relic","Relic","Relic","Card","Card","Card","Relic","Relic","Relic","Card","Relic","Relic","Card","Card","Relic","Relic","Card","Card","Card","Relic","Relic","Relic","Relic","Relic","Relic","Relic","Relic","Relic","Relic","Relic","Relic","Relic","Relic","Relic"],"build_version":"2020-12-22","purchased_purges":3,"victory":false,"max_hp_per_floor":[80,80,80,80,80,80,80,80,87,87,87,87,87,87,89,91,91,91,98,98,98,98,100,100,100,100,100,102,102,102,102,104,106,106,106,106,110,110,120,120,122,124,124,124,124,126,126,128,130,132,132,132,132,132,132,138,140,142,142,142,142,142,144,146,146,146,148,148,148,148,148,148,148,148,150,150,152,152,152,152,152,152,152,154,77,77,77,77,77,77,77,77,79,81,81,83,85,87,89,91,93,93,93,93,93,93,93,93,93],"card_choices":[{"not_picked":["Body Slam","Shrug It Off"],"picked":"Pummel","floor":0.0},{"not_picked":["Shrug It Off","Clothesline"],"picked":"Power Through","floor":0.0},{"not_picked":["Sentinel","Metallicize"],"picked":"Thunderclap","floor":0.0},{"not_picked":["Thunderclap","Entrench"],"picked":"Rampage","floor":0.0},{"not_picked":["Pommel Strike","Armaments"],"picked":"Warcry","floor":0.0},{"not_picked":["Pommel Strike","Uppercut"],"picked":"Wild Strike","floor":0.0},{"not_picked":["Flex","Heavy Blade"],"picked":"Clothesline","floor":0.0},{"not_picked":["Flex","Twin Strike"],"picked":"Iron Wave","floor":0.0},{"not_picked":["Havoc","Twin Strike"],"picked":"Shrug It Off","floor":0.0},{"not_picked":["Anger","Body Slam"],"picked":"Feel No Pain","floor":0.0},{"not_picked":["Perfected Strike","Blood for Blood"],"picked":"Bloodletting","floor":0.0},{"not_picked":["Anger","Combust"],"picked":"Wild Strike","floor":0.0},{"not_picked":["Iron Wave","Clash"],"picked":"Fire Breathing","floor":0.0},{"not_picked":["Flex","Anger"],"picked":"Pommel Strike","floor":0.0},{"not_picked":["Flex","Warcry"],"picked":"Rage","floor":0.0},{"not_picked":["Berserk","Exhume"],"picked":"Juggernaut","floor":6.0},{"not_picked":["Demon Form","Corruption"],"picked":"Fiend Fire","floor":10.0},{"not_picked":["Sever Soul","Clash","Heavy Blade"],"picked":"Singing Bowl","floor":15.0},{"not_picked":["Fiend Fire","Brutality","Reaper"],"picked":"Singing Bowl","floor":16.0},{"not_picked":["Demon Form","Corruption","Barricade"],"picked":"Singing Bowl","floor":23.0},{"not_picked":["Corruption","Limit Break","Berserk"],"picked":"Immolate","floor":27.0},{"not_picked":["Warcry+1","Feel No Pain","Thunderclap","Pommel Strike"],"picked":"Singing Bowl","floor":28.0},{"not_picked":["Demon Form","Barricade","Double Tap"],"picked":"Juggernaut","floor":31.0},{"not_picked":["Uppercut+1","True Grit","Armaments","Sever Soul+1"],"picked":"Singing Bowl","floor":32.0},{"not_picked":["Reaper","Corruption","Brutality","Double Tap"],"picked":"Singing Bowl","floor":33.0},{"not_picked":["Impatience","Purity","Secret Weapon","Swift Strike"],"picked":"Singing Bowl","floor":37.0},{"not_picked":["Dramatic Entrance","Forethought","Magnetism+1","Swift Strike"],"picked":"Singing Bowl","floor":37.0},{"not_picked":["Bandage Up","Mind Blast","Master of Strategy"],"picked":"Transmutation","floor":37.0},{"not_picked":["Feed","Berserk+1","Limit Break"],"picked":"Immolate","floor":40.0},{"not_picked":["Corruption+1","Feed","Double Tap","Bludgeon"],"picked":"Singing Bowl","floor":41.0},{"not_picked":["Impervious","Exhume","Corruption+1","Berserk+1"],"picked":"Singing Bowl","floor":42.0},{"not_picked":["Double Tap","Feed","Juggernaut+1"],"picked":"Demon Form+1","floor":44.0},{"not_picked":["Reaper","Corruption+1","Immolate","Exhume"],"picked":"Singing Bowl","floor":46.0},{"not_picked":["Demon Form+1","Juggernaut+1","Bludgeon","Corruption+1"],"picked":"Singing Bowl","floor":48.0},{"not_picked":["Thunderclap","Second Wind","Armaments","Intimidate"],"picked":"Singing Bowl","floor":49.0},{"not_picked":["Corruption+1","Berserk+1","Reaper","Barricade+1"],"picked":"Singing Bowl","floor":50.0},{"not_picked":["Feed+1","Reaper+1","Berserk+1","Juggernaut+1"],"picked":"Singing Bowl","floor":57},{"not_picked":["Corruption+1","Reaper+1","Fiend Fire+1","Limit Break+1"],"picked":"Singing Bowl","floor":58},{"not_picked":["Limit Break+1","Impervious+1","Exhume+1","Berserk+1"],"picked":"Singing Bowl","floor":63},{"not_picked":["Bludgeon+1","Offering+1","Corruption+1","Limit Break+1"],"picked":"Singing Bowl","floor":64},{"not_picked":["Pommel Strike+1","Headbutt+1","Clash+1"],"picked":"Power Through+1","floor":66},{"not_picked":["Corruption+1","Double Tap+1","Berserk+1","Offering+1"],"picked":"Singing Bowl","floor":67},{"not_picked":["Immolate+1","Berserk+1","Impervious+1"],"picked":"Barricade+1","floor":74},{"not_picked":["Bludgeon+1","Juggernaut+1","Brutality+1","Feed+1"],"picked":"Singing Bowl","floor":75},{"not_picked":["Reaper+1","Juggernaut+1","Fiend Fire+1","Barricade+1"],"picked":"Singing Bowl","floor":77},{"not_picked":["Fiend Fire+1","Immolate+1","Exhume+1"],"picked":"Offering+1","floor":78},{"not_picked":["Exhume+1","Juggernaut+1","Demon Form+1","Bludgeon+1"],"picked":"Singing Bowl","floor":84},{"not_picked":["Corruption+1","Barricade+1","Brutality+1","Reaper+1"],"picked":"Singing Bowl","floor":93},{"not_picked":["Double Tap+1","Immolate+1","Offering+1","Exhume+1"],"picked":"Singing Bowl","floor":94},{"not_picked":["Double Tap+1","Impervious+1","Barricade+1","Offering+1"],"picked":"Singing Bowl","floor":96},{"not_picked":["Immolate+1","Reaper+1","Juggernaut+1","Demon Form+1"],"picked":"Singing Bowl","floor":97},{"not_picked":["Bludgeon+1","Berserk+1","Double Tap+1","Impervious+1"],"picked":"Singing Bowl","floor":98},{"not_picked":["Exhume+1","Brutality+1","Juggernaut+1","Barricade+1"],"picked":"Singing Bowl","floor":99},{"not_picked":["Anger+1","True Grit+1","Thunderclap+1","Headbutt+1"],"picked":"Singing Bowl","floor":100},{"not_picked":["Limit Break+1","Offering+1","Immolate+1","Double Tap+1"],"picked":"Singing Bowl","floor":101}],"player_experience":140723,"relics_obtained":[{"floor":1.0,"key":"Kunai"},{"floor":2.0,"key":"Ancient Tea Set"},{"floor":3.0,"key":"Meat on the Bone"},{"floor":4.0,"key":"Regal Pillow"},{"floor":6.0,"key":"Nunchaku"},{"floor":9.0,"key":"Strawberry"},{"floor":10.0,"key":"CeramicFish"},{"floor":11.0,"key":"Prayer Wheel"},{"floor":18.0,"key":"Lantern"},{"floor":22.0,"key":"Anchor"},{"floor":23.0,"key":"Champion Belt"},{"floor":25.0,"key":"Question Card"},{"floor":26.0,"key":"Bag of Marbles"},{"floor":26.0,"key":"White Beast Statue"},{"floor":27.0,"key":"HornCleat"},{"floor":29.0,"key":"Darkstone Periapt"},{"floor":30.0,"key":"The Courier"},{"floor":31.0,"key":"Ice Cream"},{"floor":35.0,"key":"Ginger"},{"floor":39.0,"key":"Pear"},{"floor":40.0,"key":"StrikeDummy"},{"floor":41.0,"key":"Blue Candle"},{"floor":42.0,"key":"Self Forming Clay"},{"floor":43.0,"key":"Whetstone"},{"floor":43.0,"key":"Letter Opener"},{"floor":44.0,"key":"Bird Faced Urn"},{"floor":45.0,"key":"Orichalcum"},{"floor":46.0,"key":"Bottled Tornado"},{"floor":48.0,"key":"MealTicket"},{"floor":53,"key":"TungstenRod"},{"floor":54,"key":"Centennial Puzzle"},{"floor":60,"key":"Pantograph"},{"floor":65,"key":"Happy Flower"},{"floor":69,"key":"InkBottle"},{"floor":72,"key":"Bronze Scales"},{"floor":79,"key":"Calipers"},{"floor":82,"key":"StoneCalendar"},{"floor":86,"key":"Peace Pipe"},{"floor":95,"key":"Circlet"},{"floor":103,"key":"Mercury Hourglass"},{"floor":104,"key":"Tiny Chest"}],"event_choices":[{"damage_healed":0.0,"max_hp_gain":0.0,"max_hp_loss":0.0,"gold_gain":0.0,"event_name":"Scrap Ooze","player_choice":"Success","floor":5.0,"gold_loss":0.0,"damage_taken":12.0,"relics_obtained":["Eternal Feather"]},{"damage_healed":0.0,"max_hp_gain":0.0,"max_hp_loss":0.0,"gold_gain":0.0,"event_name":"Golden Idol","player_choice":"Take Wound","floor":14.0,"gold_loss":0.0,"damage_taken":0.0,"relics_obtained":["Golden Idol"],"cards_obtained":["Injury"]},{"damage_healed":0.0,"max_hp_gain":0.0,"max_hp_loss":0.0,"gold_gain":0.0,"event_name":"Vampires","player_choice":"Ignored","floor":20.0,"gold_loss":0.0,"damage_taken":0.0},{"damage_healed":0.0,"max_hp_gain":0.0,"max_hp_loss":0.0,"gold_gain":0.0,"event_name":"Forgotten Altar","player_choice":"Gave Idol","floor":21.0,"relics_lost":["Golden Idol"],"gold_loss":0.0,"damage_taken":0.0,"relics_obtained":["Bloody Idol"]},{"damage_healed":0.0,"max_hp_gain":0.0,"max_hp_loss":0.0,"gold_gain":0.0,"event_name":"SensoryStone","player_choice":"Memory 3","floor":37.0,"gold_loss":0.0,"damage_taken":10.0},{"damage_healed":0.0,"max_hp_gain":0.0,"max_hp_loss":0.0,"gold_gain":0.0,"event_name":"Transmorgrifier","player_choice":"Ignored","floor":38.0,"gold_loss":0.0,"damage_taken":0.0},{"damage_healed":0,"gold_gain":0,"player_choice":"Box","damage_taken":0,"relics_obtained":["Molten Egg 2"],"max_hp_gain":0,"max_hp_loss":0,"event_name":"Big Fish","floor":56,"gold_loss":0,"cards_obtained":["Regret"]},{"damage_healed":0,"gold_gain":79,"player_choice":"Gained Gold","damage_taken":0,"max_hp_gain":0,"max_hp_loss":0,"event_name":"Golden Wing","floor":62,"gold_loss":0},{"damage_healed":0,"gold_gain":0,"player_choice":"Ignored","damage_taken":0,"max_hp_gain":0,"max_hp_loss":0,"event_name":"Vampires","floor":70,"gold_loss":0},{"damage_healed":0,"gold_gain":0,"player_choice":"Bet on Murderer","damage_taken":0,"max_hp_gain":0,"max_hp_loss":0,"event_name":"The Joust","floor":76,"gold_loss":50},{"cards_removed":["Immolate"],"damage_healed":0,"gold_gain":0,"player_choice":"Removed Attack","damage_taken":0,"max_hp_gain":0,"max_hp_loss":0,"event_name":"Falling","floor":89,"gold_loss":0},{"damage_healed":0,"gold_gain":0,"player_choice":"Entered Light","damage_taken":19,"max_hp_gain":0,"max_hp_loss":0,"event_name":"Shining Light","floor":106,"gold_loss":0,"cards_upgraded":["Pummel","Power Through"]},{"damage_healed":0,"gold_gain":0,"player_choice":"Leave","damage_taken":0,"max_hp_gain":0,"max_hp_loss":0,"event_name":"The Cleric","floor":107,"gold_loss":0}],"is_beta":false,"boss_relics":[{"not_picked":["Runic Cube","Ectoplasm"],"picked":"Philosopher\u0027s Stone"},{"not_picked":["Velvet Choker","SlaversCollar"],"picked":"SacredBark"},{"not_picked":["Runic Pyramid","Runic Dome","Snecko Eye"]},{"not_picked":["BlightedDurian"],"picked":"TwistingMind"},{"not_picked":["Scatterbrain"],"picked":"BlightedDurian"},{"not_picked":["GraspOfShadows"],"picked":"MetallicRebirth"}],"items_purged_floors":[55,61,71],"is_endless":true,"potions_floor_spawned":[2,4,11,16,22,27,29,30,31,33,35,39,40,41,42,44,45,46,48,50,52,53,54,57,58,59,63,64,65,67,69,72,74,75,77,78,79,82,84,86,93,94,95,96,97,98,99,101,103,104],"killed_by":"Lagavulin","ascension_level":10}}