{"host":"udyc8f81k2jocuhg","time":1610554211,"event":{"mods":["2.2 Compatiblity","BaseMod","Better Third Choice","Colored Powertips","Conspire","Custom Start","GifTheSpireLib","Hermit","Minty Spire (QoL Compilation)","Permanent Neow","Quick Restart","Relic Filter","Relic Stats","Replay The Spire","Shop Mod","Spikes Relics","StSLib","Stuff the Spire"],"gold_per_floor":[110,33,47,67,67,93,108,138,163,176,204,214,230,57,57,129,129,149,74,88,100,113,113,141,141,141,141,173,184,199,230,230,307,307,318,330,344,364,97,130,130,158,182,211,229,244,244,119,119,119],"floor_reached":51,"language":"ENG","playtime":3179,"items_purged":["Pain","Strike_B","Strike_B"],"score":1286,"play_id":"419857eb-a5f7-42ae-ad9e-2fffcd75bd81","local_time":"20210113171011","is_ascension_mode":true,"campfire_choices":[{"data":"StuffTheSpire:Coldhearted","floor":15.0,"key":"SMITH"},{"data":"Consume","floor":23.0,"key":"SMITH"},{"data":"Zap","floor":25,"key":"SMITH"},{"floor":27,"key":"REST"},{"data":"Capacitor","floor":32,"key":"SMITH"},{"data":"Barrage","floor":41,"key":"SMITH"},{"floor":47,"key":"RECALL"}],"circlet_count":0,"master_deck":["AscendersBane","Strike_B","Strike_B","Defend_B","Defend_B","Defend_B","Defend_B","Zap+1","Dualcast","Ball Lightning","StuffTheSpire:Coldhearted+1","Doom and Gloom","Coolheaded","Steam","Capacitor+1","Barrage+1","Ball Lightning","Creative AI+1","Consume+1","Defragment+1","Coolheaded","Storm+1","Conserve Battery","Blizzard","Self Repair+1"],"relics":["AncientExoskeleton","WarpedTongs","ReplayTheSpireMod:Ninjato","Gremlin Horn","MealTicket","Frozen Egg 2","SpikesRelics:DaevaFist","Black Star","Oddly Smooth Stone","Bottled Lightning","TungstenRod","Lantern","Vajra","StrikeDummy","Replay:Accelerometer","Inserter","StuffTheSpire:Experiment12","StuffTheSpire:DarkSteelAnvil","Replay:Antivirus Software","Divine Protection","Toy Ornithopter","Replay:Rubber Ducky","Anchor","Ring of Peace","Ring of Panic"],"acts_visited":["Exordium","TheCity","TheBeyond"],"potions_floor_usage":[24,24,28,40],"damage_taken":[{"damage":0.0,"enemies":"Cultist","floor":1.0,"turns":5.0},{"damage":0.0,"enemies":"2 Louse","floor":3.0,"turns":3.0},{"damage":0.0,"enemies":"Small Slimes","floor":4.0,"turns":3.0},{"damage":9.0,"enemies":"Lagavulin","floor":6.0,"turns":5.0},{"damage":0.0,"enemies":"2 Fungi Beasts","floor":7.0,"turns":3.0},{"damage":31.0,"enemies":"Gremlin Nob","floor":8.0,"turns":5.0},{"damage":4.0,"enemies":"Large Slime","floor":10.0,"turns":5.0},{"damage":8.0,"enemies":"Lagavulin","floor":11.0,"turns":5.0},{"damage":0.0,"enemies":"Red Slaver","floor":12.0,"turns":6.0},{"damage":3.0,"enemies":"Looter","floor":13.0,"turns":3.0},{"damage":16.0,"enemies":"Hexaghost","floor":16.0,"turns":10.0},{"damage":0.0,"enemies":"Chosen","floor":18.0,"turns":7.0},{"damage":4.0,"enemies":"2 Thieves","floor":20.0,"turns":4.0},{"damage":17.0,"enemies":"Centurion and Healer","floor":21.0,"turns":7.0},{"damage":11.0,"enemies":"3 Cultists","floor":22.0,"turns":5.0},{"damage":28,"enemies":"Slavers","floor":24,"turns":7},{"damage":0,"enemies":"conspire:Head Lice","floor":28,"turns":4},{"damage":0,"enemies":"Sentry and Sphere","floor":29,"turns":6},{"damage":0,"enemies":"conspire:HollyBat","floor":30,"turns":8},{"damage":1,"enemies":"Gremlin Leader","floor":31,"turns":6},{"damage":27,"enemies":"Collector","floor":33,"turns":7},{"damage":0,"enemies":"3 Shapes","floor":35,"turns":5},{"damage":5,"enemies":"3 Darklings","floor":36,"turns":6},{"damage":0,"enemies":"Sphere and 2 Shapes","floor":37,"turns":6},{"damage":15,"enemies":"Maw","floor":38,"turns":7},{"damage":16,"enemies":"Reptomancer","floor":40,"turns":6},{"damage":11,"enemies":"Nemesis","floor":42,"turns":7},{"damage":0,"enemies":"R_Hoarder","floor":44,"turns":10},{"damage":0,"enemies":"Transient","floor":45,"turns":5},{"damage":0,"enemies":"3 Darklings","floor":46,"turns":5},{"damage":0,"enemies":"Replay:Hell Engine","floor":50,"turns":12}],"seed_played":"4622898006355346551","potions_obtained":[{"floor":3.0,"key":"Adrenaline Potion"},{"floor":4.0,"key":"LiquidMemories"},{"floor":6.0,"key":"Fire Potion"},{"floor":21.0,"key":"SkillPotion"},{"floor":24,"key":"SneckoOil"},{"floor":30,"key":"LifebloodPotion"},{"floor":33,"key":"Reflective Coating"},{"floor":36,"key":"Energy Potion"},{"floor":46,"key":"DuplicationPotion"}],"is_trial":false,"path_per_floor":["M","$","M","M","?","E","M","E","T","M","E","M","M","$","R","B",null,"M","$","M","M","M","R","E","R","T","R","E","M","M","E","R","B",null,"M","M","M","M","$","E","R","E","T","E","M","M","R","$","R","B",null],"character_chosen":"DEFECT","items_purchased":["StuffTheSpire:Coldhearted","SpikesRelics:DaevaFist","StuffTheSpire:Experiment12"],"campfire_rested":1,"item_purchase_floors":[2,14,39],"current_hp_per_floor":[64,64,64,64,64,55,55,24,24,20,12,12,9,24,24,8,55,55,70,66,49,38,38,10,10,10,31,31,31,31,30,30,3,54,54,49,49,34,49,33,33,32,32,42,52,62,62,71,71,71],"gold":119,"neow_bonus":"BOSS_RELIC","is_daily":false,"chose_seed":false,"campfire_upgraded":5,"win_rate":0.0,"timestamp":1610554211,"path_taken":["M","?","M","M","?","E","M","E","T","M","E","M","?","$","R","BOSS","M","$","M","M","M","R","E","R","T","R","E","M","M","E","R","BOSS","M","M","M","M","$","E","R","E","T","E","M","M","R","$","R","BOSS"],"items_purchased_type":["Card","Relic","Relic"],"build_version":"2020-12-22","purchased_purges":3,"victory":true,"max_hp_per_floor":[71,71,71,71,71,71,71,71,71,71,71,71,71,71,71,71,71,71,71,71,71,71,71,71,71,71,71,71,71,71,71,71,71,71,71,71,71,71,71,71,71,71,71,71,71,71,71,71,71,71],"relic_stats":{"Inserter":[29],"Gremlin Horn":[35,38],"counters":[31,183],"MealTicket":54,"Black Star":6,"obtain_stats":[{"Replay:Accelerometer":31,"Divine Protection":42,"Lantern":28,"Gremlin Horn":8,"Vajra":28,"Replay:Rubber Ducky":44,"StuffTheSpire:Experiment12":39,"Ring of Peace":49,"MealTicket":9,"Replay:Antivirus Software":40,"Ring of Panic":49,"Cracked Core":0,"ReplayTheSpireMod:Ninjato":6,"Inserter":34,"AncientExoskeleton":0,"Oddly Smooth Stone":24,"Frozen Egg 2":11,"WarpedTongs":5,"Anchor":44,"StuffTheSpire:DarkSteelAnvil":40,"SpikesRelics:DaevaFist":14,"Black Star":17,"Bottled Lightning":24,"StrikeDummy":31,"TungstenRod":26,"Toy Ornithopter":42},{"Replay:Accelerometer":20,"Divine Protection":27,"Lantern":17,"Gremlin Horn":6,"Vajra":17,"Replay:Rubber Ducky":28,"StuffTheSpire:Experiment12":25,"Ring of Peace":30,"MealTicket":6,"Replay:Antivirus Software":26,"Ring of Panic":30,"Cracked Core":0,"ReplayTheSpireMod:Ninjato":4,"Inserter":21,"AncientExoskeleton":0,"Oddly Smooth Stone":16,"Frozen Egg 2":8,"WarpedTongs":3,"Anchor":28,"StuffTheSpire:DarkSteelAnvil":26,"SpikesRelics:DaevaFist":10,"Black Star":11,"Bottled Lightning":16,"StrikeDummy":20,"TungstenRod":16,"Toy Ornithopter":27},{"Replay:Accelerometer":107,"Divine Protection":151,"Lantern":87,"Gremlin Horn":24,"Vajra":87,"Replay:Rubber Ducky":161,"StuffTheSpire:Experiment12":138,"Ring of Peace":171,"MealTicket":24,"Replay:Antivirus Software":144,"Ring of Panic":171,"Cracked Core":0,"ReplayTheSpireMod:Ninjato":16,"Inserter":114,"AncientExoskeleton":0,"Oddly Smooth Stone":83,"Frozen Egg 2":34,"WarpedTongs":11,"Anchor":161,"StuffTheSpire:DarkSteelAnvil":144,"SpikesRelics:DaevaFist":43,"Black Star":53,"Bottled Lightning":83,"StrikeDummy":107,"TungstenRod":83,"Toy Ornithopter":151}],"TungstenRod":9,"Toy Ornithopter":0,"WarpedTongs":[171]},"card_choices":[{"not_picked":["Barrage","Stack"],"picked":"Ball Lightning","floor":1.0},{"not_picked":["Stack","Doom and Gloom","Barrage"],"picked":"SKIP","floor":3.0},{"not_picked":["Stack","Barrage"],"picked":"Doom and Gloom","floor":3.0},{"not_picked":["Hello World","Skim","Stack"],"picked":"SKIP","floor":4.0},{"not_picked":["Compile Driver","ReplayRNGCard"],"picked":"Coolheaded","floor":6.0},{"not_picked":["Recycle","BasicCrystalCard"],"picked":"Steam","floor":7.0},{"not_picked":["Panic Button","ReplaySort"],"picked":"Capacitor","floor":8.0},{"not_picked":["Ball Lightning","Auto Shields"],"picked":"Barrage","floor":10.0},{"not_picked":["Rip and Tear","ReplayTheSpireMod:Repulse","Steam"],"picked":"SKIP","floor":11.0},{"not_picked":["Go for the Eyes","BootSequence"],"picked":"Ball Lightning","floor":12.0},{"not_picked":["Sweeping Beam","Reinforced Body","Barrage"],"picked":"SKIP","floor":13.0},{"not_picked":["StuffTheSpire:LaunchingStrike","ReplayTheSpireMod:Omega Cannon"],"picked":"Creative AI+1","floor":16.0},{"not_picked":["BasicCrystalCard","Tempest"],"picked":"Consume","floor":18.0},{"not_picked":["ReplayTheSpireMod:Repulse","Beam Cell","Streamline"],"picked":"SKIP","floor":20.0},{"not_picked":["Darkness","Hologram","Compile Driver"],"picked":"SKIP","floor":21.0},{"not_picked":["StuffTheSpire:NuclearReactor","Sweeping Beam","BasicCrystalCard"],"picked":"SKIP","floor":22.0},{"not_picked":["Stack","Meteor Strike","ReplayRNGCard"],"picked":"SKIP","floor":24},{"not_picked":["Beam Cell","Sweeping Beam"],"picked":"Defragment+1","floor":28},{"not_picked":["Gash+1","Cold Snap"],"picked":"Coolheaded","floor":29},{"not_picked":["Panic Button","Aggregate"],"picked":"Storm+1","floor":30},{"not_picked":["Barrage","Redo"],"picked":"Conserve Battery","floor":31},{"not_picked":["Stack","Hologram+1","Sweeping Beam"],"picked":"SKIP","floor":35},{"not_picked":["Rip and Tear","Conserve Battery","Steam+1"],"picked":"SKIP","floor":36},{"not_picked":["DiskWipe+1","BasicCrystalCard"],"picked":"Blizzard","floor":37},{"not_picked":["Chaos","Compile Driver","BasicCrystalCard+1"],"picked":"SKIP","floor":38},{"not_picked":["ReplayTheSpireMod:GoodbyeWorld+1","Hologram"],"picked":"Self Repair+1","floor":40},{"not_picked":["Sweeping Beam","Lockon","Coolheaded"],"picked":"SKIP","floor":42},{"not_picked":["Turbo","StuffTheSpire:ForEach","Barrage+1"],"picked":"SKIP","floor":44},{"not_picked":["Darkness","ReplayTheSpireMod:System Scan","Barrage"],"picked":"SKIP","floor":45},{"not_picked":["StuffTheSpire:Plugnplay","Hologram","Leap"],"picked":"SKIP","floor":46}],"player_experience":1990761,"relics_obtained":[{"floor":6.0,"key":"ReplayTheSpireMod:Ninjato"},{"floor":8.0,"key":"Gremlin Horn"},{"floor":9.0,"key":"MealTicket"},{"floor":11.0,"key":"Frozen Egg 2"},{"floor":24,"key":"Oddly Smooth Stone"},{"floor":24,"key":"Bottled Lightning"},{"floor":26,"key":"TungstenRod"},{"floor":28,"key":"Lantern"},{"floor":28,"key":"Vajra"},{"floor":31,"key":"StrikeDummy"},{"floor":31,"key":"Replay:Accelerometer"},{"floor":40,"key":"StuffTheSpire:DarkSteelAnvil"},{"floor":40,"key":"Replay:Antivirus Software"},{"floor":42,"key":"Divine Protection"},{"floor":42,"key":"Toy Ornithopter"},{"floor":44,"key":"Replay:Rubber Ducky"},{"floor":44,"key":"Anchor"},{"floor":49,"key":"Ring of Peace"},{"floor":49,"key":"Ring of Panic"}],"event_choices":[{"damage_healed":0.0,"max_hp_gain":0.0,"max_hp_loss":0.0,"gold_gain":0.0,"event_name":"Accursed Blacksmith","player_choice":"Rummage","floor":5.0,"gold_loss":0.0,"damage_taken":0.0,"relics_obtained":["WarpedTongs"],"cards_obtained":["Pain"]}],"is_beta":false,"boss_relics":[{"not_picked":["Busted Crown","Runic Dome"],"picked":"Black Star"},{"not_picked":["Nuclear Battery","Calling Bell"],"picked":"Inserter"}],"items_purged_floors":[19,39,48],"is_endless":false,"potions_floor_spawned":[3,4,6,8,10,12,21,22,24,30,33,36,37,46],"ascension_level":16}}