{"host":"0ttaavwaei2fh9kw","time":1610510402,"event":{"mods":["Act Like it!","Aspiration","BaseMod","Chen","Colored Map","Decade(王小明)","Downfall","Gensokyo","Hallownest","Hubris","Infinite Spire","KinomotoSakuraMod(木之本樱)","KomeijiMod","Lobotomy","LobotomyExtend","Marisa（F雨　魔理沙）","Minty Spire (QoL Compilation)","Prisma Mod","Reimu（博丽灵梦）","Replay The Spire","Spicy Shops","StSLib","The Servant 0.9.4","WarShipGirlsR/战舰少女R mod","Youmu（魂魄妖梦）"],"gold_per_floor":[176,176,101,114,124,149,168,168,192,192,203,203,203,222,222,222,222],"floor_reached":16,"language":"ZHS","playtime":716,"items_purged":[],"score":152,"play_id":"dc3c7890-9695-489f-a157-11f47b3ccabc","local_time":"20210113120002","is_ascension_mode":false,"campfire_choices":[{"data":"Absorbed","floor":8,"key":"SMITH"},{"data":"StarOfDavid","floor":13,"key":"SMITH"},{"floor":15,"key":"DIG"}],"circlet_count":0,"master_deck":["Strike_Remiria","Strike_Remiria","Strike_Remiria","Strike_Remiria","Absorbed+1","Scratch","LittleHelper","Hallownest:skillSlugHide","Hallownest:skillSlugHide","Hallownest:skillSlugHide","Hallownest:skillSlugHide","Hallownest:skillSlugHide","Hallownest:skillGreenpathMap","StigmaNizer","Septette","StarOfDavid+1","ChainGang"],"relics":["ThirstyCrossSpe","CogitoBucket","LetterFromLob","hubris:64BitClover","Boot","Hallownest:DreamNailRelic","Incense Burner"],"acts_visited":["Hallownest:Greenpath"],"potions_floor_usage":[16,16],"damage_taken":[{"damage":0,"enemies":"Hallownest:2_MossCreeps","floor":1,"turns":4},{"damage":5,"enemies":"Hallownest:2_Tiktiks_and_1_Crawlid","floor":4,"turns":4},{"damage":7,"enemies":"Hallownest:monsterHuskGuard","floor":5,"turns":4},{"damage":9,"enemies":"Hallownest:eliteMossKnight","floor":6,"turns":10},{"damage":4,"enemies":"Hallownest:monsterMossCharger","floor":7,"turns":5},{"damage":35,"enemies":"Hallownest:Guard_and_Warrior","floor":11,"turns":4},{"damage":12,"enemies":"Hallownest:monsterFoolEater","floor":14,"turns":5},{"damage":32,"enemies":"Hallownest:BossHornet","floor":16,"turns":7}],"seed_played":"3684444250333000777","potions_obtained":[{"floor":1,"key":"SkillPotion"},{"floor":6,"key":"SpeedPotion"},{"floor":14,"key":"DistilledChaos"}],"is_trial":false,"path_per_floor":["M","?","?","M","M","E","M","R","T","?","M","E","R","M","R_BF","B"],"character_chosen":"RemiriaScarlet","items_purchased":[],"campfire_rested":0,"item_purchase_floors":[],"current_hp_per_floor":[100,100,100,95,88,79,75,75,75,75,40,40,40,28,28,0,0],"gold":222,"neow_bonus":"","is_daily":false,"chose_seed":false,"campfire_upgraded":2,"win_rate":0.0,"timestamp":1610510402,"path_taken":["M","?","?","M","M","E","M","R","T","?","?","E","R","M","R_BF","BOSS"],"items_purchased_type":[],"build_version":"2020-12-22","purchased_purges":0,"victory":false,"max_hp_per_floor":[100,100,100,100,100,100,100,100,100,100,100,100,100,100,100,100,100],"card_choices":[{"not_picked":["SpiderBud","ShyLook"],"picked":"LittleHelper","floor":1},{"not_picked":["ServantFlier","BloodCleaner","BloodySuit"],"picked":"SKIP","floor":1},{"not_picked":["DoubleEdge","Tepes"],"picked":"StigmaNizer","floor":4},{"not_picked":["BloodySuit","ServantFlier"],"picked":"Septette","floor":5},{"not_picked":["CombatMeter","BloodCollect","FastHealing"],"picked":"SKIP","floor":6},{"not_picked":["FastHealing","DoubleEdge","BodyStrengthen"],"picked":"SKIP","floor":7},{"not_picked":["StigmaNizer","VampirishNight"],"picked":"StarOfDavid","floor":11},{"not_picked":["DamonLordCradle_Remiria","FateCollect"],"picked":"ChainGang","floor":14}],"player_experience":194640,"relics_obtained":[{"floor":1,"key":"LetterFromLob"},{"floor":6,"key":"hubris:64BitClover"},{"floor":9,"key":"Boot"},{"floor":15,"key":"Incense Burner"}],"event_choices":[],"is_beta":false,"boss_relics":[],"items_purged_floors":[],"is_endless":false,"potions_floor_spawned":[1,6,14],"killed_by":"Hallownest:BossHornet","ascension_level":0}}