{"host":"3oax8yz66k5njorr","time":1610510817,"event":{"mods":["AchievementEnabler","BaseMod","Colored Map","Colored Powertips","DeckTracker","Minty Spire (QoL Compilation)","Rare Cards Sparkle"],"gold_per_floor":[109,121,140,62,78,106,106,141,141,141,156,156,189,208,208,306,306,322,335,335,355,355,355,202,227,227,243,24,24,24,40,40,40,40],"floor_reached":33,"language":"KOR","playtime":1312,"items_purged":["Strike_G"],"score":287,"play_id":"c7e19432-a364-4380-97df-0af54df95486","local_time":"20210113130657","is_ascension_mode":false,"campfire_choices":[{"floor":7.0,"key":"REST"},{"floor":10.0,"key":"REST"},{"data":"Neutralize","floor":12.0,"key":"SMITH"},{"floor":15.0,"key":"REST"},{"floor":23,"key":"REST"},{"floor":29,"key":"REST"},{"floor":32,"key":"REST"}],"circlet_count":0,"master_deck":["Strike_G","Strike_G","Strike_G","Strike_G","Defend_G","Defend_G","Defend_G","Defend_G","Defend_G","Survivor","Neutralize+1","Poisoned Stab","Escape Plan","Bane","Dash","Blur","Bane","After Image","PiercingWail","PiercingWail","Quick Slash","Adrenaline","Quick Slash","Poisoned Stab","RitualDagger","Footwork","Deadly Poison","Terror","RitualDagger"],"relics":["Ring of the Snake","Ancient Tea Set","Boot","Pen Nib","Shuriken","SlaversCollar","Torii","Mercury Hourglass","TwistedFunnel"],"acts_visited":["Exordium","TheCity"],"potions_floor_usage":[16,16,18,25],"damage_taken":[{"damage":10.0,"enemies":"Jaw Worm","floor":1.0,"turns":4.0},{"damage":0.0,"enemies":"2 Louse","floor":2.0,"turns":2.0},{"damage":2.0,"enemies":"Small Slimes","floor":3.0,"turns":3.0},{"damage":11.0,"enemies":"Red Slaver","floor":5.0,"turns":6.0},{"damage":22.0,"enemies":"Lagavulin","floor":6.0,"turns":9.0},{"damage":20.0,"enemies":"Gremlin Nob","floor":8.0,"turns":4.0},{"damage":0.0,"enemies":"Exordium Thugs","floor":11.0,"turns":4.0},{"damage":18.0,"enemies":"3 Sentries","floor":13.0,"turns":7.0},{"damage":0.0,"enemies":"Blue Slaver","floor":14.0,"turns":4.0},{"damage":23,"enemies":"Slime Boss","floor":16,"turns":8},{"damage":9,"enemies":"2 Thieves","floor":18,"turns":4},{"damage":19,"enemies":"Chosen","floor":19,"turns":7},{"damage":15,"enemies":"Centurion and Healer","floor":21,"turns":5},{"damage":27,"enemies":"Book of Stabbing","floor":25,"turns":6},{"damage":9,"enemies":"Snake Plant","floor":27,"turns":5},{"damage":1,"enemies":"3 Cultists","floor":31,"turns":3},{"damage":86,"enemies":"Automaton","floor":33,"turns":6}],"seed_played":"-7667055748382450623","potions_obtained":[{"floor":1.0,"key":"PowerPotion"},{"floor":2.0,"key":"Energy Potion"},{"floor":11.0,"key":"CultistPotion"},{"floor":13.0,"key":"BlessingOfTheForge"},{"floor":19,"key":"SmokeBomb"},{"floor":21,"key":"AttackPotion"}],"is_trial":false,"path_per_floor":["M","M","M","$","M","E","R","E","T","R","M","R","E","M","R","B",null,"M","M","?","M","?","R","$","E","T","M","$","R","?","M","R","B"],"character_chosen":"THE_SILENT","items_purchased":["Blur","Footwork","Terror","TwistedFunnel"],"campfire_rested":6,"item_purchase_floors":[4,24,28,28],"current_hp_per_floor":[60,60,58,58,47,25,46,26,26,47,47,47,29,29,50,27,70,61,42,36,21,21,42,42,15,15,6,6,27,27,26,47,0,0],"gold":40,"neow_bonus":"THREE_CARDS","is_daily":false,"chose_seed":false,"campfire_upgraded":1,"win_rate":0.0,"timestamp":1610510817,"path_taken":["M","M","M","$","M","E","R","E","T","R","M","R","E","M","R","BOSS","M","M","?","M","?","R","$","E","T","M","$","R","?","?","R","BOSS"],"items_purchased_type":["Card","Card","Card","Relic"],"build_version":"2020-12-22","purchased_purges":1,"victory":false,"max_hp_per_floor":[70,70,70,70,70,70,70,70,70,70,70,70,70,70,70,70,70,70,70,70,70,70,70,70,70,70,70,70,70,70,70,70,70,70],"card_choices":[{"not_picked":["Dagger Throw","Flying Knee"],"picked":"Poisoned Stab","floor":0.0},{"not_picked":["Deadly Poison","Masterful Stab"],"picked":"Escape Plan","floor":1.0},{"not_picked":["Poisoned Stab","Flechettes"],"picked":"Bane","floor":2.0},{"not_picked":["Underhanded Strike","Deflect"],"picked":"Dash","floor":3.0},{"not_picked":["Underhanded Strike","Leg Sweep","Calculated Gamble"],"picked":"SKIP","floor":5.0},{"not_picked":["Bullet Time","Distraction"],"picked":"Bane","floor":6.0},{"not_picked":["Underhanded Strike","Sucker Punch"],"picked":"After Image","floor":8.0},{"not_picked":["Poisoned Stab","Bane"],"picked":"PiercingWail","floor":11.0},{"not_picked":["Finisher","Skewer"],"picked":"PiercingWail","floor":13.0},{"not_picked":["Masterful Stab","Dagger Spray"],"picked":"Quick Slash","floor":14.0},{"not_picked":["Doppelganger","A Thousand Cuts"],"picked":"Adrenaline","floor":16},{"not_picked":["Masterful Stab","Slice"],"picked":"Quick Slash","floor":18},{"not_picked":["Outmaneuver","Dash"],"picked":"Poisoned Stab","floor":19},{"not_picked":["Reflex","Deflect","Underhanded Strike"],"picked":"SKIP","floor":21},{"not_picked":["Quick Slash","Finisher","Dash"],"picked":"SKIP","floor":25},{"not_picked":["Doppelganger","Masterful Stab"],"picked":"Deadly Poison","floor":27},{"not_picked":["Outmaneuver","Deflect","Flying Knee"],"picked":"SKIP","floor":31}],"player_experience":38702,"relics_obtained":[{"floor":6.0,"key":"Ancient Tea Set"},{"floor":8.0,"key":"Boot"},{"floor":9.0,"key":"Pen Nib"},{"floor":13.0,"key":"Shuriken"},{"floor":25,"key":"Torii"},{"floor":26,"key":"Mercury Hourglass"}],"event_choices":[{"damage_healed":0,"gold_gain":0,"player_choice":"Joined the Cult","damage_taken":6,"max_hp_gain":0,"max_hp_loss":0,"event_name":"Nest","floor":20,"gold_loss":0,"cards_obtained":["RitualDagger"]},{"damage_healed":0,"gold_gain":0,"player_choice":"Ignored","damage_taken":0,"max_hp_gain":0,"max_hp_loss":0,"event_name":"Ghosts","floor":22,"gold_loss":0},{"damage_healed":0,"gold_gain":0,"player_choice":"Copied","damage_taken":0,"max_hp_gain":0,"max_hp_loss":0,"event_name":"Duplicator","floor":30,"gold_loss":0,"cards_obtained":["RitualDagger"]}],"is_beta":false,"boss_relics":[{"not_picked":["Philosopher\u0027s Stone","SacredBark"],"picked":"SlaversCollar"}],"items_purged_floors":[24],"is_endless":false,"potions_floor_spawned":[1,2,11,13,14,19,21],"killed_by":"Automaton","ascension_level":0}}