{"host":"yvb207ks1sg3cxef","time":1610531661,"event":{"mods":["2.2 Compatiblity","BaseMod","Bestiary","Colored Powertips","Minty Spire (QoL Compilation)","Permanent Neow","Quick Restart","Relic Stats","StSLib"],"gold_per_floor":[39,95,95,95,95,139,177,177,177,237,251,289,353,353,353,353,353],"floor_reached":16,"language":"ENG","playtime":634,"items_purged":[],"score":247,"play_id":"1e07f5eb-c22f-4ec7-b8a1-dcca8abde256","local_time":"20210113152421","is_ascension_mode":true,"campfire_choices":[{"data":"DevaForm","floor":8,"key":"SMITH"},{"floor":15,"key":"REST"}],"circlet_count":0,"master_deck":["Strike_P","Strike_P","Strike_P","Defend_P","Defend_P","Defend_P","Defend_P","Eruption","Vigilance","HandOfGreed","FlurryOfBlows+1","FearNoEvil+1","TalkToTheHand","DevaForm+1","Meditate","TalkToTheHand","MentalFortress","Evaluate+1"],"relics":["PureWater","Golden Idol","Mummified Hand","Omamori","Whetstone","Anchor"],"acts_visited":["Exordium"],"potions_floor_usage":[7,13,13,16],"damage_taken":[{"damage":0,"enemies":"Jaw Worm","floor":1,"turns":1},{"damage":3,"enemies":"Small Slimes","floor":2,"turns":4},{"damage":6,"enemies":"2 Louse","floor":6,"turns":3},{"damage":0,"enemies":"Gremlin Nob","floor":7,"turns":2},{"damage":12,"enemies":"Lagavulin","floor":10,"turns":7},{"damage":8,"enemies":"Large Slime","floor":11,"turns":4},{"damage":12,"enemies":"Lots of Slimes","floor":12,"turns":3},{"damage":0,"enemies":"Gremlin Nob","floor":13,"turns":4},{"damage":31,"enemies":"Slime Boss","floor":16,"turns":9}],"seed_played":"7277415485047603410","potions_obtained":[{"floor":1,"key":"Weak Potion"},{"floor":6,"key":"BottledMiracle"},{"floor":10,"key":"PowerPotion"},{"floor":11,"key":"FearPotion"}],"is_trial":false,"path_per_floor":["M","M","?","?","?","M","E","R","T","E","M","M","E","?","R","B"],"character_chosen":"WATCHER","items_purchased":[],"campfire_rested":1,"item_purchase_floors":[],"current_hp_per_floor":[65,62,44,49,42,36,36,36,36,24,16,4,4,4,27,0,0],"gold":353,"neow_bonus":"RANDOM_COLORLESS_2","is_daily":false,"chose_seed":false,"campfire_upgraded":1,"win_rate":0.0,"timestamp":1610531661,"path_taken":["M","M","?","?","?","M","E","R","T","E","M","M","E","?","R","BOSS"],"items_purchased_type":[],"build_version":"2020-12-22","purchased_purges":0,"victory":false,"max_hp_per_floor":[72,72,72,77,77,77,77,77,77,77,77,77,77,77,77,77,77],"relic_stats":{"counters":[9,37],"Golden Idol":37,"Mummified Hand":[6],"Whetstone":["FearNoEvil","FlurryOfBlows"],"obtain_stats":[{"Anchor":13,"Golden Idol":3,"Mummified Hand":7,"Omamori":9,"Whetstone":10,"PureWater":0},{"Anchor":8,"Golden Idol":2,"Mummified Hand":4,"Omamori":4,"Whetstone":5,"PureWater":0},{"Anchor":28,"Golden Idol":5,"Mummified Hand":10,"Omamori":10,"Whetstone":17,"PureWater":0}]},"card_choices":[{"not_picked":["The Bomb","Apotheosis"],"picked":"HandOfGreed","floor":0},{"not_picked":["WreathOfFlame","BowlingBash"],"picked":"FlurryOfBlows","floor":1},{"not_picked":["BattleHymn","Prostrate"],"picked":"FearNoEvil","floor":2},{"not_picked":["Swivel","CrushJoints"],"picked":"TalkToTheHand","floor":6},{"not_picked":["FollowUp","EmptyFist"],"picked":"DevaForm","floor":7},{"not_picked":["CrushJoints","JustLucky"],"picked":"Meditate","floor":10},{"not_picked":["Crescendo","SashWhip"],"picked":"TalkToTheHand","floor":11},{"not_picked":["PathToVictory","Study"],"picked":"MentalFortress","floor":12},{"not_picked":["CrushJoints","JustLucky"],"picked":"Evaluate","floor":13}],"player_experience":333955,"relics_obtained":[{"floor":7,"key":"Mummified Hand"},{"floor":9,"key":"Omamori"},{"floor":10,"key":"Whetstone"},{"floor":13,"key":"Anchor"}],"event_choices":[{"damage_healed":0,"gold_gain":0,"player_choice":"Take Damage","damage_taken":18,"relics_obtained":["Golden Idol"],"max_hp_gain":0,"max_hp_loss":0,"event_name":"Golden Idol","floor":3,"gold_loss":0},{"damage_healed":0,"gold_gain":0,"player_choice":"Donut","damage_taken":0,"max_hp_gain":5,"max_hp_loss":0,"event_name":"Big Fish","floor":4,"gold_loss":0},{"cards_removed":["Strike_P"],"damage_healed":0,"gold_gain":0,"player_choice":"Card Removal","damage_taken":7,"max_hp_gain":0,"max_hp_loss":0,"event_name":"Golden Wing","floor":5,"gold_loss":0},{"damage_healed":0,"gold_gain":0,"player_choice":"Upgraded","damage_taken":0,"max_hp_gain":0,"max_hp_loss":0,"event_name":"Upgrade Shrine","floor":14,"gold_loss":0,"cards_upgraded":["Evaluate"]}],"is_beta":false,"boss_relics":[],"items_purged_floors":[],"is_endless":false,"potions_floor_spawned":[1,6,10,11],"killed_by":"Slime Boss","ascension_level":9}}