{"host":"qwv9nni2x0umspiu","time":1610511893,"event":{"mods":["BaseMod","Downfall","Minty Spire (QoL Compilation)","Replay The Spire","StSLib","The Hierophant","Wandering Minibosses"],"gold_per_floor":[113,128,139,129,15,15,17,17,17,17,17,17],"floor_reached":11,"language":"ENG","playtime":372,"items_purged":["hierophant:Defend_Hierophant"],"score":130,"play_id":"d0167db5-4edb-412f-aae9-5e489138c357","local_time":"20210112202453","is_ascension_mode":true,"campfire_choices":[{"data":"hierophant:Punish","floor":6.0,"key":"SMITH"}],"circlet_count":0,"master_deck":["AscendersBane","hierophant:Strike_Hierophant","hierophant:Strike_Hierophant","hierophant:Strike_Hierophant","hierophant:Strike_Hierophant","hierophant:Punish+1","hierophant:Defend_Hierophant","hierophant:Defend_Hierophant","hierophant:Defend_Hierophant","hierophant:ChurchCoffers+1","hierophant:HammerAndAnvil","hierophant:Zeal+1","hierophant:Community+1"],"relics":["hierophant:PropheticMaskRelic","Molten Egg 2"],"acts_visited":["Exordium"],"potions_floor_usage":[11],"damage_taken":[{"damage":1.0,"enemies":"Cultist","floor":1.0,"turns":3.0},{"damage":9.0,"enemies":"Jaw Worm","floor":2.0,"turns":3.0},{"damage":0.0,"enemies":"2 Louse","floor":3.0,"turns":1.0},{"damage":5.0,"enemies":"Gremlin Gang","floor":4.0,"turns":5.0},{"damage":0.0,"enemies":"Red Slaver","floor":7.0,"turns":2.0},{"damage":20,"enemies":"Lagavulin","floor":11,"turns":4}],"seed_played":"-2504176773447259859","potions_obtained":[{"floor":2.0,"key":"LiquidBronze"},{"floor":4.0,"key":"Explosive Potion"}],"is_trial":false,"path_per_floor":["M","M","M","M","$","R","M","?","T","?","E"],"character_chosen":"HIEROPHANT","items_purchased":["hierophant:Community"],"campfire_rested":0,"item_purchase_floors":[5],"current_hp_per_floor":[67,58,58,53,53,53,53,30,30,30,10,10],"gold":17,"neow_bonus":"UPGRADE_CARD","is_daily":false,"chose_seed":false,"campfire_upgraded":1,"win_rate":0.0,"timestamp":1610511893,"path_taken":["M","M","M","M","$","R","M","?","T","?","E"],"items_purchased_type":["Card"],"build_version":"2020-12-22","purchased_purges":1,"victory":false,"max_hp_per_floor":[75,75,75,75,75,75,75,75,75,75,75,75],"card_choices":[{"not_picked":["hierophant:Purify","hierophant:Zeal"],"picked":"hierophant:HammerAndAnvil","floor":1.0},{"not_picked":["hierophant:Sermon","hierophant:PassingBell"],"picked":"hierophant:Zeal","floor":2.0},{"not_picked":["hierophant:FaithHealing","hierophant:ThreeLashes","hierophant:Mercenaries"],"picked":"SKIP","floor":3.0},{"not_picked":["hierophant:Encroach","hierophant:Rebuild","hierophant:PristineSoul"],"picked":"SKIP","floor":4.0},{"not_picked":["hierophant:ThreeLashes","hierophant:Bribe","hierophant:DisplayOfPower"],"picked":"SKIP","floor":7.0}],"player_experience":1356218,"relics_obtained":[{"floor":9.0,"key":"Molten Egg 2"}],"event_choices":[{"damage_healed":0.0,"max_hp_gain":0.0,"max_hp_loss":0.0,"gold_gain":0.0,"event_name":"Shining Light","player_choice":"Entered Light","floor":8.0,"gold_loss":0.0,"damage_taken":23.0,"cards_upgraded":["hierophant:Community","hierophant:Zeal"]},{"damage_healed":0,"gold_gain":0,"player_choice":"Searched \u00270\u0027 times","damage_taken":0,"max_hp_gain":0,"max_hp_loss":0,"event_name":"Dead Adventurer","floor":10,"gold_loss":0}],"is_beta":false,"boss_relics":[],"items_purged_floors":[5],"is_endless":false,"potions_floor_spawned":[2,4],"killed_by":"Lagavulin","ascension_level":20}}