{"host":"vyjryxuuuxkt43k4","time":1610553496,"event":{"mods":["BaseMod","Colored Map","DeckTracker","Minty Spire (QoL Compilation)","Permanent Neow","Quick Restart","StSLib","SuperFastMode","everything is the same but u backflip on backflip"],"gold_per_floor":[119,138,152,5,25,25,56,67,91,109,122,122,132,112,112,212,212,231,250,266,22,22,53,105,115,141,151,151,166,166,166,166,166,166],"floor_reached":33,"language":"KOR","playtime":1336,"items_purged":[],"score":341,"play_id":"88708dc9-fd54-4855-9703-bf21955803fb","local_time":"20210114005816","is_ascension_mode":true,"campfire_choices":[{"floor":6.0,"key":"DIG"},{"floor":12.0,"key":"DIG"},{"data":"Carnage","floor":15.0,"key":"SMITH"},{"data":"Offering","floor":30.0,"key":"SMITH"},{"data":"Intimidate","floor":32.0,"key":"SMITH"}],"circlet_count":0,"master_deck":["Strike_R","Strike_R","Strike_R","Strike_R","Strike_R","Defend_R","Defend_R","Defend_R","Defend_R","Bash","Pommel Strike","Shrug It Off","Headbutt","Whirlwind","Carnage+1","Spot Weakness","Exhume+1","Iron Wave+1","Armaments+1","Power Through+1","Offering+1","Pommel Strike","Intimidate+1"],"relics":["Burning Blood","Shovel","Lee\u0027s Waffle","Tiny Chest","Pen Nib","Coffee Dripper","Meat on the Bone","Question Card","Nunchaku","Pantograph"],"acts_visited":["Exordium","TheCity"],"potions_floor_usage":[33],"damage_taken":[{"damage":21.0,"enemies":"2 Louse","floor":1.0,"turns":5.0},{"damage":14.0,"enemies":"Cultist","floor":2.0,"turns":5.0},{"damage":7.0,"enemies":"Jaw Worm","floor":3.0,"turns":3.0},{"damage":11.0,"enemies":"Red Slaver","floor":5.0,"turns":5.0},{"damage":71.0,"enemies":"3 Sentries","floor":7.0,"turns":9.0},{"damage":9.0,"enemies":"3 Louse","floor":8.0,"turns":4.0},{"damage":3.0,"enemies":"2 Fungi Beasts","floor":10.0,"turns":4.0},{"damage":0.0,"enemies":"Exordium Wildlife","floor":11.0,"turns":3.0},{"damage":0.0,"enemies":"Large Slime","floor":13.0,"turns":4.0},{"damage":36.0,"enemies":"Hexaghost","floor":16.0,"turns":9.0},{"damage":3.0,"enemies":"3 Byrds","floor":18.0,"turns":4.0},{"damage":7.0,"enemies":"Chosen","floor":19.0,"turns":4.0},{"damage":19.0,"enemies":"Snake Plant","floor":20.0,"turns":4.0},{"damage":40.0,"enemies":"Book of Stabbing","floor":23.0,"turns":6.0},{"damage":27.0,"enemies":"3 Cultists","floor":25.0,"turns":6.0},{"damage":26.0,"enemies":"Snecko","floor":27.0,"turns":5.0},{"damage":6.0,"enemies":"Centurion and Healer","floor":29.0,"turns":3.0},{"damage":87,"enemies":"Champ","floor":33,"turns":9}],"seed_played":"-2374261452470095889","potions_obtained":[{"floor":1.0,"key":"LiquidMemories"},{"floor":5.0,"key":"Regen Potion"},{"floor":13.0,"key":"AttackPotion"},{"floor":14.0,"key":"EssenceOfSteel"},{"floor":16.0,"key":"SneckoOil"},{"floor":19.0,"key":"Dexterity Potion"},{"floor":27.0,"key":"EntropicBrew"}],"is_trial":false,"path_per_floor":["M","M","M","$","M","R","E","M","T","M","M","R","M","?","R","B",null,"M","M","M","$","?","E","T","M","T","M","?","M","R","T","R","B"],"character_chosen":"IRONCLAD","items_purchased":["Lee\u0027s Waffle","Meat on the Bone"],"campfire_rested":0,"item_purchase_floors":[4,21],"current_hp_per_floor":[41,33,32,87,82,82,32,29,29,32,38,38,44,44,44,14,69,72,71,58,58,58,36,36,27,27,19,19,31,31,31,31,0,0],"gold":166,"neow_bonus":"ONE_RARE_RELIC","is_daily":false,"chose_seed":false,"campfire_upgraded":3,"win_rate":0.0,"timestamp":1610553496,"path_taken":["M","M","M","$","M","R","E","M","T","M","M","R","M","?","R","BOSS","M","M","?","$","?","E","?","?","T","M","?","?","R","?","R","BOSS"],"items_purchased_type":["Relic","Relic"],"build_version":"2020-12-22","purchased_purges":0,"victory":false,"max_hp_per_floor":[80,80,80,87,87,87,87,87,87,87,87,87,87,87,87,87,87,87,87,87,87,87,87,87,87,87,87,87,87,87,87,87,87,87],"card_choices":[{"not_picked":["Battle Trance","Sword Boomerang"],"picked":"Pommel Strike","floor":1.0},{"not_picked":["Power Through","Thunderclap"],"picked":"Shrug It Off","floor":2.0},{"not_picked":["Havoc","Intimidate","Warcry"],"picked":"SKIP","floor":3.0},{"not_picked":["Infernal Blade","Anger"],"picked":"Headbutt","floor":5.0},{"not_picked":["Seeing Red","Reckless Charge"],"picked":"Whirlwind","floor":7.0},{"not_picked":["Entrench","Shrug It Off","Cleave"],"picked":"SKIP","floor":8.0},{"not_picked":["Thunderclap","Anger"],"picked":"Carnage","floor":10.0},{"not_picked":["Heavy Blade","Clash","Burning Pact"],"picked":"SKIP","floor":11.0},{"not_picked":["Iron Wave","Reckless Charge"],"picked":"Spot Weakness","floor":13.0},{"not_picked":["Impervious","Juggernaut"],"picked":"Exhume","floor":16.0},{"not_picked":["Clash","Flex"],"picked":"Iron Wave+1","floor":18.0},{"not_picked":["Sever Soul+1","Wild Strike","Cleave"],"picked":"SKIP","floor":19.0},{"not_picked":["Sword Boomerang","Shrug It Off"],"picked":"Armaments+1","floor":20.0},{"not_picked":["Spot Weakness","Reckless Charge"],"picked":"Power Through+1","floor":23.0},{"not_picked":["Dropkick","Perfected Strike","True Grit"],"picked":"Offering","floor":25.0},{"not_picked":["Clothesline","Perfected Strike","Ghostly Armor","Armaments"],"picked":"SKIP","floor":27.0},{"not_picked":["Headbutt","True Grit","Havoc","Dropkick"],"picked":"SKIP","floor":29.0}],"player_experience":257708,"relics_obtained":[{"floor":7.0,"key":"Tiny Chest"},{"floor":9.0,"key":"Pen Nib"},{"floor":23.0,"key":"Question Card"},{"floor":26.0,"key":"Nunchaku"},{"floor":31.0,"key":"Pantograph"}],"event_choices":[{"damage_healed":0.0,"max_hp_gain":0.0,"max_hp_loss":0.0,"gold_gain":0.0,"event_name":"The Woman in Blue","player_choice":"Bought 1 Potion","floor":14.0,"gold_loss":0.0,"damage_taken":0.0},{"damage_healed":0.0,"max_hp_gain":0.0,"max_hp_loss":0.0,"gold_gain":0.0,"event_name":"Upgrade Shrine","player_choice":"Upgraded","floor":22.0,"gold_loss":0.0,"damage_taken":0.0,"cards_upgraded":["Exhume"]},{"damage_healed":0.0,"max_hp_gain":0.0,"max_hp_loss":0.0,"gold_gain":0.0,"event_name":"Match and Keep!","player_choice":"2 cards matched","floor":28.0,"gold_loss":0.0,"damage_taken":0.0,"cards_obtained":["Pommel Strike","Intimidate"]}],"is_beta":false,"boss_relics":[{"not_picked":["Ectoplasm","Runic Cube"],"picked":"Coffee Dripper"}],"items_purged_floors":[],"is_endless":false,"potions_floor_spawned":[1,5,13,16,19,27],"killed_by":"Champ","ascension_level":5}}