{"host":"utcbn1j9ebmpc40m","time":1610562994,"event":{"mods":["BaseMod","Better Match","Minty Spire (QoL Compilation)","Poor People Problems","StSLib","SuperFastMode","The IronCluck"],"gold_per_floor":[118,118,68,28,45,73,73,105,105,135,101,117,131,131,131,255,255,268,283,208,208,208],"floor_reached":21,"language":"ENG","playtime":438,"items_purged":["Strike_R"],"score":311,"play_id":"ea3e732b-c228-4f16-a4f9-4ca4d48f9d8e","local_time":"20210113133634","is_ascension_mode":true,"campfire_choices":[{"data":"Whirlwind","floor":7,"key":"SMITH"},{"floor":15,"key":"REST"}],"circlet_count":0,"master_deck":["Strike_R","Strike_R","Strike_R","Strike_R","Defend_R","Defend_R","Defend_R","Defend_R","Bash","Second Wind","Reckless Charge","Whirlwind+1","Wild Strike","Sever Soul","Burning Pact","Feel No Pain","Metallicize","Feel No Pain","Brutality","Pummel","Heavy Blade+1"],"relics":["Burning Blood","NeowsBlessing","Torii","InkBottle","Incense Burner","Eternal Feather","Letter Opener","Golden Idol","Black Star"],"acts_visited":["Exordium","TheCity"],"potions_floor_usage":[10,16,16,18,19],"damage_taken":[{"damage":0,"enemies":"Small Slimes","floor":1,"turns":1},{"damage":0,"enemies":"Jaw Worm","floor":5,"turns":1},{"damage":0,"enemies":"Lagavulin","floor":6,"turns":1},{"damage":40,"enemies":"Gremlin Nob","floor":8,"turns":5},{"damage":40,"enemies":"Lagavulin","floor":10,"turns":4},{"damage":1,"enemies":"2 Louse","floor":12,"turns":2},{"damage":8,"enemies":"Red Slaver","floor":13,"turns":4},{"damage":19,"enemies":"Slime Boss","floor":16,"turns":10},{"damage":38,"enemies":"Shell Parasite","floor":18,"turns":9},{"damage":7,"enemies":"Chosen","floor":19,"turns":6},{"damage":40,"enemies":"Centurion and Healer","floor":21,"turns":6}],"seed_played":"6951826430309088907","potions_obtained":[{"floor":5,"key":"FearPotion"},{"floor":6,"key":"SpeedPotion"},{"floor":10,"key":"ElixirPotion"},{"floor":16,"key":"FearPotion"},{"floor":18,"key":"AttackPotion"}],"is_trial":false,"path_per_floor":["M","?","?","$","M","E","R","E","T","E","$","M","M","?","R","B",null,"M","M","$","M"],"character_chosen":"IRONCLAD","items_purchased":["Reckless Charge","Feel No Pain"],"campfire_rested":1,"item_purchase_floors":[4,11],"current_hp_per_floor":[78,78,78,78,80,80,80,46,46,12,12,17,15,15,46,33,64,32,31,31,0,0],"gold":208,"neow_bonus":"THREE_ENEMY_KILL","is_daily":false,"chose_seed":false,"campfire_upgraded":1,"win_rate":0.0,"timestamp":1610562994,"path_taken":["M","?","?","$","M","E","R","E","T","E","?","?","M","?","R","BOSS","M","M","$","M"],"items_purchased_type":["Card","Card"],"build_version":"2020-12-22","purchased_purges":1,"victory":false,"max_hp_per_floor":[80,80,80,80,80,80,80,80,80,80,80,80,80,74,74,74,74,74,74,74,74,74],"card_choices":[{"not_picked":["Iron Wave","Blood for Blood"],"picked":"Second Wind","floor":1},{"not_picked":["Evolve","Rage"],"picked":"Whirlwind","floor":5},{"not_picked":["Cleave","Burning Pact"],"picked":"Wild Strike","floor":6},{"not_picked":["Second Wind","Thunderclap"],"picked":"Sever Soul","floor":8},{"not_picked":["Clash","Clothesline"],"picked":"Burning Pact","floor":10},{"not_picked":["Perfected Strike","Pommel Strike"],"picked":"Metallicize","floor":12},{"not_picked":["Battle Trance","Armaments"],"picked":"Feel No Pain","floor":13},{"not_picked":["Immolate","Double Tap"],"picked":"Brutality","floor":16},{"not_picked":["Havoc","Thunderclap"],"picked":"Pummel","floor":18},{"not_picked":["Iron Wave","Inflame"],"picked":"Heavy Blade+1","floor":19}],"player_experience":468490,"relics_obtained":[{"floor":6,"key":"InkBottle"},{"floor":8,"key":"Incense Burner"},{"floor":9,"key":"Eternal Feather"},{"floor":10,"key":"Letter Opener"}],"event_choices":[{"damage_healed":0,"gold_gain":0,"player_choice":"Box","damage_taken":0,"relics_obtained":["Torii"],"max_hp_gain":0,"max_hp_loss":0,"event_name":"Big Fish","floor":2,"gold_loss":0,"cards_obtained":["Regret"]},{"cards_removed":["Regret"],"damage_healed":0,"gold_gain":0,"player_choice":"Card Removal","damage_taken":0,"max_hp_gain":0,"max_hp_loss":0,"event_name":"The Cleric","floor":3,"gold_loss":50},{"damage_healed":0,"gold_gain":0,"player_choice":"Lose Max HP","damage_taken":0,"relics_obtained":["Golden Idol"],"max_hp_gain":0,"max_hp_loss":6,"event_name":"Golden Idol","floor":14,"gold_loss":0}],"is_beta":false,"boss_relics":[{"not_picked":["Runic Dome","Black Blood"],"picked":"Black Star"}],"items_purged_floors":[20],"is_endless":false,"potions_floor_spawned":[5,6,10,16,18],"killed_by":"Centurion and Healer","ascension_level":8}}