{"host":"tne4ru9orcvptaml","time":1610566638,"event":{"mods":["ATMod(°¢èªMod)","Act Like it!","Ascension Reborn","Ascension Unlocker","Aspiration","BaseMod","BetterRewards","CapriCore","Colored Powertips","Conspire","Dota2Spire","Friendly Minions","Gensokyo","GungeonMod","KinomotoSakuraMod(Ä¾Ö®±¾Ó£)","Mari Mod (Legacy)","Mari\u0027s V1 Patch","Marisa£¨ìFÓê¡¡Ä§ÀíÉ³£©","Minty Spire (QoL Compilation)","MostiFishMod","Pale of the Ancients","Permanent Neow","Quick Restart","Replay The Spire","Robot Space Explorer","RumiaBox-Â¶Ã×æ«µÄÉñÃØºÐ×Ó","SIMod","Shop Mod","Spicy Shops","StSLib","TestMod","The Alterego","The Animator","The Gatherer","The Immortal","Treasure Hunter","Uncapped","Waifu the Spire","Yakumo Yukari mod","noobMod","¡¾¹¦ÄÜMod¡¿»ìãçÖ®»·ÐÞ¸´²¹¶¡","¡¾ÒÅÎï¿¨ÅÆ¡¿REMEMod","óô»ðÖ¸ÄÏ"],"gold_per_floor":[127,146,146,166,166,202,214,214,214,248,248,260,260,144,144,268,268,1016,1028,611,611,627,842,842,873,905,941,1331,1363,1363,1379,1379,1733,1733,1745,1745,1745,1745,1769,1769,2320,2320,2320,2320,2173,2113,2149,2186,2186,2198,2198,2248,2275,2351,2156,2156,2260,2260,2151,2151,2359],"floor_reached":62,"language":"ZHS","playtime":2941,"items_purged":[],"score":2442,"play_id":"f9d7820e-85af-4fa9-a42f-3f68ab0de9e8","local_time":"20210114033718","is_ascension_mode":true,"campfire_choices":[{"data":"alterego_mod:IdEs","floor":8.0,"key":"SMITH"},{"floor":11.0,"key":"RECALL"},{"data":"alterego_mod:IndependentAction","floor":13.0,"key":"SMITH"},{"data":"alterego_mod:DiscoLights","floor":30.0,"key":"SMITH"},{"data":"alterego_mod:BreastValley","floor":32.0,"key":"SMITH"},{"data":"alterego_mod:Rake","floor":40.0,"key":"SMITH"},{"data":"REME_BuildACard","floor":42.0,"key":"SMITH"},{"data":"TH:CopperCoins","floor":44.0,"key":"SMITH"},{"data":"alterego_mod:SakuraPetals","floor":49.0,"key":"SMITH"},{"data":"alterego_mod:BiFurious","floor":56.0,"key":"SMITH"},{"data":"alterego_mod:MagicResistance","floor":58,"key":"SMITH"}],"circlet_count":0,"master_deck":["alterego_mod:Strike","alterego_mod:Strike","alterego_mod:Defend","alterego_mod:Defend","alterego_mod:Defend","alterego_mod:Defend","alterego_mod:Impale+1","alterego_mod:BigMeatyClaws+1","alterego_mod:BrynhildrsRune+1","REME_BuildACard+1","alterego_mod:MagicResistance+1","alterego_mod:BiFurious+1","TH:TreasureMap+1","alterego_mod:IdEs+1","alterego_mod:IndependentAction+1","TH:CopperCoins+1","alterego_mod:SakuraPetals+1","TH:CopperCoins+1","alterego_mod:Rake+1","alterego_mod:RidiculouslyBig+1","alterego_mod:DiscoLights+1","TH:CursedSword+1","alterego_mod:IdEs+1","TH:TreasureMap+1","alterego_mod:BreastValley+1","TH:TreasureMap+1","TH:CopperCoins+1","alterego_mod:BiFurious+1","TH:EnergyPotion+1","alterego_mod:DiscoLights+1","alterego_mod:ChallengeComplete+1","TH:CopperCoins+1","alterego_mod:GIGAMILK+1","alterego_mod:BusterCard+1","TH:DeckOfManyThings+1","TH:EnergyPotion+1","Gensokyo:CustomPotion","alterego_mod:PerceptionDisorder+1","alterego_mod:BreastValley+1"],"relics":["alterego_mod:MasochisticConstitution","ice","testmod-TestBox","DaveBox","REME_ComplimentaryCards","AT_ATBox","xbg","testmod-InfectionSource","DemoMod:MeltedRock","REME_CardOfGreed","Dota2Spire:BattleFury","AT_SeraphEmbrace","testmod-Brilliant","AT_SunfireAegis","SynthV:TestCard","Ccalipers","Gensokyo:CelestialsFlawlessClothing","conspire:Flyswatter","DemoMod:GlassGuonStoneRelic","Replay:Bottled Snecko","AT_BladeRuinedKing","Gensokyo:OccultBall","AT_Manta","ChiXiaoBlade","BirthdayGift-Icosahedron","BrkXgEgg","Gensokyo:ConquerorOfFear","testmod-TurbochargingSystem","REME_HandOfSuture","Mummified Hand","Dota2Spire:MagicBottle","AT_PhaseBoots","AT_ChloranthyRing","AT_LudenTempest","GuanYuAspect","Meat on the Bone","Gensokyo:EmptyGrave","MoreBug","Pet Ghost","Simple Rune","Snack Pack","Bottled Tornado","Guide Book","PreservedInsect","paleoftheancients:Timepiece","paleoftheancients:KeyRelic","Gremlin Horn","CultistMask","Golden Egg","MerchantsRug","Chemical X","paleoftheancients:SoulOfTheDefect","testmod-TheFather"],"acts_visited":["Gensokyo:Gensokyo","Gensokyo:Gensokyoer","Gensokyo:Gensokyoest","paleoftheancients:PaleOfTheAncients"],"potions_floor_usage":[],"damage_taken":[{"damage":0.0,"enemies":"Gensokyo:2_Kodama","floor":1.0,"turns":1.0},{"damage":10.0,"enemies":"Gensokyo:Python","floor":2.0,"turns":3.0},{"damage":0.0,"enemies":"Gensokyo:3_Fairies","floor":4.0,"turns":2.0},{"damage":8.0,"enemies":"Gensokyo:Aya","floor":6.0,"turns":4.0},{"damage":0.0,"enemies":"Gensokyo:2_Rabbits","floor":7.0,"turns":1.0},{"damage":0.0,"enemies":"Gensokyo:Cirno","floor":10.0,"turns":4.0},{"damage":0.0,"enemies":"Gensokyo:3_Kodama","floor":12.0,"turns":1.0},{"damage":0.0,"enemies":"Gensokyo:Yukari","floor":16.0,"turns":4.0},{"damage":61.0,"enemies":"Gensokyo:Chomper","floor":18.0,"turns":1.0},{"damage":0.0,"enemies":"Gensokyo:2_Gloops","floor":19.0,"turns":1.0},{"damage":0.0,"enemies":"Gensokyo:Mirror_and_Dog","floor":22.0,"turns":1.0},{"damage":11.0,"enemies":"Gensokyo:Koishi","floor":23.0,"turns":3.0},{"damage":0.0,"enemies":"Gensokyo:Reisen","floor":25.0,"turns":1.0},{"damage":0.0,"enemies":"Gensokyo:Tenshi","floor":27.0,"turns":2.0},{"damage":0.0,"enemies":"Gensokyo:Koishi","floor":29.0,"turns":1.0},{"damage":0.0,"enemies":"Gensokyo:Chomper_and_Gloop","floor":31.0,"turns":1.0},{"damage":4.0,"enemies":"Gensokyo:Eternal_Rivals","floor":33.0,"turns":2.0},{"damage":0.0,"enemies":"Gensokyo:3_Bats","floor":35.0,"turns":1.0},{"damage":0.0,"enemies":"Gensokyo:AncientGuardian","floor":39.0,"turns":1.0},{"damage":32.0,"enemies":"Gensokyo:Doremy","floor":41.0,"turns":2.0},{"damage":0.0,"enemies":"Gensokyo:AtlasGolem","floor":47.0,"turns":2.0},{"damage":0.0,"enemies":"Gensokyo:SeedOfUnknown","floor":48.0,"turns":1.0},{"damage":0.0,"enemies":"Gensokyo:Scarlet_Devils","floor":50.0,"turns":2.0},{"damage":0.0,"enemies":"Gensokyo:Yuyuko","floor":51.0,"turns":1.0},{"damage":0.0,"enemies":"Gensokyo:Yuyuko","floor":52.0,"turns":3.0},{"damage":0.0,"enemies":"Gensokyo:Yuyuko","floor":53.0,"turns":2.0},{"damage":0.0,"enemies":"conspire:MimicChest","floor":54.0,"turns":1.0},{"damage":0,"enemies":"conspire:MimicChest","floor":57,"turns":2},{"damage":0,"enemies":"paleoftheancients:N","floor":61,"turns":2}],"seed_played":"-1635765553851098740","potions_obtained":[{"floor":1.0,"key":"DistilledChaos"},{"floor":4.0,"key":"REME_GoldPotion"},{"floor":4.0,"key":"SkillPotion"},{"floor":16.0,"key":"testmod-TestPotion"}],"is_trial":false,"path_per_floor":["M","M","?","M","?","E","M","R","T","E","R","M","R","COS","R","B",null,"M","M","COS","?","M","E","?","E","T","E","?","E","R","M","R","B",null,"M","?","?","?","M","R","E","R","T","R","COS","?","M","M","R","B","B","M","M","?","$","R","M","R","$","?","B",null],"character_chosen":"The_Alterego","items_purchased":["DemoMod:MeltedRock","REME_CardOfGreed","Dota2Spire:BattleFury","AT_ArchangelStaff","MerchantsRug","Chemical X","alterego_mod:BreastValley","testmod-TheFather"],"campfire_rested":0,"item_purchase_floors":[0,0,0,0,55,55,55,59],"current_hp_per_floor":[75,66,66,66,47,50,50,50,50,50,50,50,50,50,50,57,82,22,22,22,22,23,14,14,15,15,26,26,27,27,28,28,33,45,45,45,42,42,42,42,30,30,30,30,30,30,43,43,43,47,53,53,53,53,53,53,53,53,53,53,57],"gold":2359,"neow_bonus":"","is_daily":false,"chose_seed":false,"campfire_upgraded":10,"win_rate":0.0,"timestamp":1610566638,"path_taken":["M","M","?","M","?","E","M","R","T","E","R","M","R","COS","R","BOSS","M","M","COS","?","?","E","?","E","T","E","?","E","R","M","R","BOSS","M","?","?","?","M","R","E","R","T","R","COS","?","M","M","R","BOSS","BOSS","M","M","?","$","R","M","R","$","?","BOSS"],"items_purchased_type":["Relic","Relic","Relic","Relic","Relic","Relic","Card","Relic"],"build_version":"2020-12-22","purchased_purges":0,"victory":true,"max_hp_per_floor":[75,76,76,76,76,77,77,77,77,77,77,77,77,77,77,82,82,83,83,83,83,83,84,84,84,84,84,84,84,84,84,84,90,45,45,45,42,42,42,42,43,43,43,43,43,43,43,43,43,48,53,53,53,53,53,53,53,53,53,53,58],"card_choices":[{"not_picked":["alterego_mod:Schoolgirl","alterego_mod:Bloomers","alterego_mod:DeftHands"],"picked":"SKIP","floor":1.0},{"not_picked":["alterego_mod:BeGentle","alterego_mod:Cooking","alterego_mod:Punishment","alterego_mod:Crossover"],"picked":"alterego_mod:MagicResistance","floor":2.0},{"not_picked":["alterego_mod:Skirt","alterego_mod:1TonWallop","alterego_mod:Clones","alterego_mod:PainIsPleasure"],"picked":"alterego_mod:BiFurious","floor":4.0},{"not_picked":["TH:EnergyPotion","TH:BikiniMail","TH:PixieDust"],"picked":"TH:TreasureMap","floor":6.0},{"not_picked":["alterego_mod:Punishment","alterego_mod:Swimsuit","alterego_mod:Tantrum","alterego_mod:HighServant"],"picked":"alterego_mod:IdEs","floor":6.0},{"not_picked":["alterego_mod:GoddessCore","alterego_mod:Undulate","alterego_mod:Skirt","alterego_mod:GachaTicket"],"picked":"alterego_mod:IndependentAction","floor":7.0},{"not_picked":["TH:ArmorSpikes","TH:ElvenBoots","TH:PixieDust"],"picked":"TH:BikiniMail","floor":9.0},{"not_picked":["TH:ArmorSpikes","TH:ElvenBoots","TH:DeckOfManyThings"],"picked":"TH:CopperCoins","floor":10.0},{"not_picked":["alterego_mod:Cooking","alterego_mod:Punishment","alterego_mod:1TonWallop","alterego_mod:InsideBaseball"],"picked":"alterego_mod:SakuraPetals","floor":10.0},{"not_picked":["alterego_mod:MaintainEyeContact","alterego_mod:Cooking","alterego_mod:PurpleHair","alterego_mod:DiscoLights","alterego_mod:DeftHands"],"picked":"SKIP","floor":12.0},{"not_picked":["TH:TreasureMap","TH:DeckOfManyThings","TH:Mimic"],"picked":"TH:CopperCoins","floor":16.0},{"not_picked":["alterego_mod:Antipathy","alterego_mod:Tantrum","alterego_mod:Alter","alterego_mod:InsideBaseball"],"picked":"alterego_mod:Rake","floor":16.0},{"not_picked":["alterego_mod:Pet","alterego_mod:Belts+1","alterego_mod:SakuraPetals","alterego_mod:Nekomimi"],"picked":"alterego_mod:RidiculouslyBig+1","floor":18.0},{"not_picked":["alterego_mod:DeftHands","alterego_mod:Collar","alterego_mod:Complex","alterego_mod:Santa","alterego_mod:RocketPunch"],"picked":"SKIP","floor":19.0},{"not_picked":["alterego_mod:Bloomers","alterego_mod:PresenceConcealment","alterego_mod:Undulate","alterego_mod:PurpleHair"],"picked":"alterego_mod:DiscoLights","floor":22.0},{"not_picked":["TH:CopperCoins","TH:ElvenBoots","TH:BikiniMail"],"picked":"TH:CursedSword","floor":23.0},{"not_picked":["alterego_mod:Rip","alterego_mod:PerceptionDisorder","alterego_mod:Pet+1","alterego_mod:Belts+1"],"picked":"alterego_mod:IdEs+1","floor":23.0},{"not_picked":["TH:ElvenBoots","TH:DeckOfManyThings","TH:Mimic"],"picked":"TH:TreasureMap","floor":25.0},{"not_picked":["alterego_mod:Complex+1","alterego_mod:Lingerie+1","alterego_mod:SakuraPetals","alterego_mod:InsideBaseball+1"],"picked":"alterego_mod:BreastValley","floor":25.0},{"not_picked":["TH:CursedSword","TH:DeckOfManyThings","TH:ArmorSpikes"],"picked":"TH:TreasureMap","floor":26.0},{"not_picked":["TH:EnergyPotion","TH:BikiniMail","TH:ElvenBoots"],"picked":"TH:CopperCoins","floor":27.0},{"not_picked":["alterego_mod:DeftHands","alterego_mod:BustOut","alterego_mod:PerceptionDisorder","alterego_mod:1TonWallop"],"picked":"alterego_mod:BiFurious+1","floor":27.0},{"not_picked":["TH:PixieDust","TH:ArmorSpikes","TH:ElvenBoots"],"picked":"TH:EnergyPotion","floor":29.0},{"not_picked":["alterego_mod:Bunnysuit","alterego_mod:DestructionOfProperty","alterego_mod:Bloomers","alterego_mod:Undulate+1"],"picked":"alterego_mod:DiscoLights","floor":29.0},{"not_picked":["alterego_mod:SuperDuperMasochism","alterego_mod:Mirror+1","alterego_mod:PerceptionDisorder","alterego_mod:Lift+1"],"picked":"alterego_mod:ChallengeComplete+1","floor":31.0},{"not_picked":["TH:EnergyPotion","TH:Mimic","TH:PixieDust"],"picked":"TH:CopperCoins","floor":33.0},{"not_picked":["alterego_mod:ClassAdvantage+1","alterego_mod:Venus+1","alterego_mod:AlterEgo+1","alterego_mod:RingBreak+1"],"picked":"alterego_mod:GIGAMILK+1","floor":33.0},{"not_picked":["alterego_mod:Bounce","alterego_mod:1TonWallop+1","alterego_mod:Crossover","alterego_mod:MagicResistance","alterego_mod:Cycle+1"],"picked":"SKIP","floor":35.0},{"not_picked":["alterego_mod:MagicResistance+1","alterego_mod:RocketPunch","alterego_mod:Belts+1","alterego_mod:Bounce"],"picked":"alterego_mod:BusterCard+1","floor":39.0},{"not_picked":["TH:CopperCoins","TH:ArmorSpikes","TH:BikiniMail"],"picked":"TH:DeckOfManyThings","floor":41.0},{"not_picked":["alterego_mod:PerceptionDisorder","alterego_mod:Maid+1","alterego_mod:Belle","alterego_mod:DiscoLights+1","alterego_mod:Pet"],"picked":"SKIP","floor":41.0},{"not_picked":["TH:BikiniMail","TH:DeckOfManyThings","TH:ArmorSpikes"],"picked":"TH:EnergyPotion","floor":43.0},{"not_picked":["alterego_mod:Cooking+1","alterego_mod:Clones","alterego_mod:DiscoLights+1","alterego_mod:MagicResistance+1"],"picked":"alterego_mod:PerceptionDisorder+1","floor":47.0},{"not_picked":["alterego_mod:Nekomimi+1","alterego_mod:Support+1","alterego_mod:Bounce","alterego_mod:Antipathy+1","alterego_mod:Mirror+1"],"picked":"SKIP","floor":48.0},{"not_picked":["alterego_mod:HighServant","alterego_mod:Exercise","alterego_mod:Rip+1","alterego_mod:Table","alterego_mod:Cycle"],"picked":"SKIP","floor":52.0},{"not_picked":["alterego_mod:Nekomimi","alterego_mod:MaintainEyeContact","alterego_mod:Cycle+1","alterego_mod:Clap","alterego_mod:Jiggle+1"],"picked":"SKIP","floor":53.0},{"not_picked":["alterego_mod:Jiggle+1","alterego_mod:DestructionOfProperty","alterego_mod:SakuraFive","alterego_mod:Valentines+1","alterego_mod:ClassAdvantage+1"],"picked":"SKIP","floor":57}],"player_experience":318977,"relics_obtained":[{"floor":1.0,"key":"AT_SunfireAegis"},{"floor":1.0,"key":"SynthV:TestCard"},{"floor":2.0,"key":"Ccalipers"},{"floor":6.0,"key":"conspire:Flyswatter"},{"floor":9.0,"key":"Replay:Bottled Snecko"},{"floor":10.0,"key":"AT_BladeRuinedKing"},{"floor":16.0,"key":"Gensokyo:OccultBall"},{"floor":16.0,"key":"AT_Manta"},{"floor":22.0,"key":"Gensokyo:ConquerorOfFear"},{"floor":25.0,"key":"Gensokyo:OccultBall"},{"floor":25.0,"key":"REME_HandOfSuture"},{"floor":26.0,"key":"Mummified Hand"},{"floor":26.0,"key":"Dota2Spire:MagicBottle"},{"floor":27.0,"key":"AT_GuinsooRageblade"},{"floor":29.0,"key":"AT_ChloranthyRing"},{"floor":31.0,"key":"Gensokyo:OccultBall"},{"floor":33.0,"key":"Gensokyo:OccultBall"},{"floor":33.0,"key":"AT_LudenTempest"},{"floor":35.0,"key":"Meat on the Bone"},{"floor":41.0,"key":"Simple Rune"},{"floor":43.0,"key":"Snack Pack"},{"floor":43.0,"key":"Bottled Tornado"},{"floor":47.0,"key":"testmod-CyclicPeriapt"},{"floor":48.0,"key":"Gensokyo:OccultBall"},{"floor":48.0,"key":"PreservedInsect"},{"floor":54.0,"key":"Golden Egg"},{"floor":57,"key":"paleoftheancients:SoulOfTheDefect"}],"event_choices":[{"damage_healed":0.0,"max_hp_gain":0.0,"max_hp_loss":0.0,"gold_gain":0.0,"event_name":"conspire:Investor","player_choice":"Leave","floor":3.0,"gold_loss":0.0,"damage_taken":0.0}],"is_beta":false,"boss_relics":[{"not_picked":["testmod-Nine","DemoMod:RiddleOfLead"],"picked":"ChiXiaoBlade"},{"not_picked":["REME_LowDesire","EasyGame_NEW"],"picked":"GuanYuAspect"}],"items_purged_floors":[],"is_endless":false,"potions_floor_spawned":[1,4,7,12,18,19,25,29,47,48,52,54],"ascension_level":0}}