{"host":"4sgoj70bvr8ov3jh","time":1610517151,"event":{"mods":["2.2 Compatiblity","AchievementEnabler","BaseMod","Chen","GifTheSpireLib","Hero for Fun","Marisa????????","Minty Spire (QoL Compilation)","Permanent Neow","Remilia_Scarlet Moed?????·?????3.3.5","StSLib","The Alterego","The Servant 0.9.4"],"gold_per_floor":[12113,12113,12113,11336,11352,11386,11405,11405,11405,11405,11424,10125,10144,10184,10184,10307,10370,10388,10388,10388,10427,10427,10427,10466,7802,7856,7876,7897,7897,7930,7944,7944,8065,8065,8084,7847,7860,7925,7939,7983,8002,8002,8002,8040,6379,6349,6374,6398,6398,6398,6398,6398,4213,4249,4249],"floor_reached":56,"language":"ENG","playtime":5053,"items_purged":[],"score":1897,"play_id":"bcc112d3-58f7-492c-99e5-26789290e4b1","local_time":"20210112215231","is_ascension_mode":true,"campfire_choices":[{"floor":10,"key":"RECALL"},{"data":"Dualcast","floor":15,"key":"SMITH"},{"data":"Zap","floor":23,"key":"SMITH"},{"data":"Strike_B","floor":29,"key":"SMITH"},{"data":"RemiliaMod:CMABianfuzhen+1","floor":32,"key":"SMITH"},{"data":"RemiliaMod:CMABianfuzhen+2","floor":42,"key":"SMITH"},{"data":"RemiliaMod:CMABianfuzhen+4","floor":49,"key":"SMITH"},{"data":"RemiliaMod:CMABianfuzhen+5","floor":52,"key":"SMITH"}],"circlet_count":1,"master_deck":["Strike_B+1","Strike_B+1","Strike_B","Strike_B","Defend_B","Defend_B+1","Defend_B+1","Defend_B+1","Zap+1","Dualcast+1","alterego_mod:Cushion+1","Chrysalis+1","Forethought+1","Capacitor+1","Conserve Battery+1","Hello World+1","Defragment+1","Loop+1","Defragment+1","RemiliaMod:CMABianfuzhen+6","alterego_mod:BusterCard+1","FlurryOfBlows+1","Deep Breath+1","Master of Strategy+1","Dark Shackles+1","Swift Strike+1","Purity+1","Secret Technique+1","Jack Of All Trades+1","Good Instincts+1","Dramatic Entrance+1","Impatience+1","Panacea+1","Forethought+1","Chrysalis+1","Chrysalis+1","RemiliaMod:CSlAttack+1","UnstableBomb+1","RemiliaMod:CPYSGJ+1","Fire Breathing+1","Side_Hop+1","Decay","Ball Lightning+1","Loop+1","Beam Cell+1","FTL+1","Self Repair+1","Storm+1","Storm+1","Heatsinks+1","Storm+1","Heatsinks+1","Loop+1","Genetic Algorithm+1","Biased Cognition+1","Chaos+1","Metamorphosis+1","Madness+1","Blind+1","Turbo+1","Stack+1","Tempest+1","Defragment+1","Glacier+1","Leap+1","PulseMagic+1","alterego_mod:STier+1","alterego_mod:ChallengeComplete+1","Chen:ShikigamiForm+1","alterego_mod:Birthday+1","EarthLightRay+1","alterego_mod:Mirror+1","RemiliaMod:CMPB+1","SprinkleStarSeal+1","Parasite","Defy+1","Aggregate+1","FTL+1","Gash+1","Sunder+1","Rip and Tear+1","Side_Hop+1","Self Repair+1","Beam Cell+1","Panache+1","Good Instincts+1","Enlightenment+1","Swift Strike+1","Buffer+1","Capacitor+1","Loop+1","Static Discharge+1","Prostrate+1"],"relics":["Cracked Core","The Courier","PrismaticShard","Bronze Scales","Nuclear Battery","Cables","Uniform","SacredBark","Cables","Shuriken","Kunai","Enchiridion","Bronze Scales","Bronze Scales","Bronze Scales","Bronze Scales","Bronze Scales","Bronze Scales","Bronze Scales","Bronze Scales","Bronze Scales","Bronze Scales","Bronze Scales","Bronze Scales","Bronze Scales","Bronze Scales","Bronze Scales","Bronze Scales","Bronze Scales","Bronze Scales","Bronze Scales","Bronze Scales","Bronze Scales","Bronze Scales","Bronze Scales","Bronze Scales","Bronze Scales","Bronze Scales","Bronze Scales","Shuriken","Shuriken","Shuriken","Shuriken","Shuriken","Shuriken","Shuriken","Shuriken","Shuriken","Shuriken","Shuriken","Shuriken","Shuriken","Shuriken","Shuriken","Shuriken","Shuriken","Shuriken","Shuriken","Shuriken","Shuriken","Shuriken","Shuriken","Shuriken","Shuriken","Shuriken","Shuriken","Shuriken","Shuriken","Shuriken","Shuriken","Shuriken","Shuriken","Shuriken","Kunai","Kunai","Kunai","Kunai","Kunai","Kunai","Kunai","Kunai","Kunai","Kunai","Kunai","Kunai","Kunai","Kunai","Kunai","Kunai","Kunai","Kunai","Kunai","Kunai","Kunai","Kunai","Kunai","Kunai","Kunai","Kunai","Kunai","Kunai","Kunai","Kunai","Kunai","Kunai","Kunai","Kunai","Kunai","Kunai","Kunai","Kunai","Kunai","Kunai","Kunai","Kunai","Kunai","Kunai","Kunai","Kunai","Molten Egg 2","Frozen Egg 2","Toxic Egg 2","Golden Idol","Lantern","Potion Belt","Circlet","Ice Cream","Blue Candle","Bronze Scales","Black Blood","Black Blood","Black Blood","Black Blood","Black Blood","Black Blood","Black Blood","Black Blood","Black Blood","Black Blood","Black Blood","Black Blood","Dead Branch","Unceasing Top","Uniform","Symbiotic Virus","Tiny House","alterego_mod:SomeoneToFightFor","Red Mask","Calipers","Membership Card","Strawberry","Emotion Chip","Art of War","Orichalcum","Meat on the Bone","MealTicket","Bottled Lightning","Letter Opener","Ancient Tea Set","Gremlin Horn","Singing Bowl","Oddly Smooth Stone","Bag of Marbles","Frozen Egg 2","Peace Pipe","Molten Egg 2","Ornamental Fan","Mummified Hand","Vajra","Nuclear Battery","PreservedInsect","StoneCalendar","Orrery","CatCart","Incense Burner","Question Card","Pen Nib","Cables","Whetstone","Bottled Tornado","DataDisk","Ice Cream","Centennial Puzzle","Dream Catcher","Nunchaku","Mummified Hand","War Paint","Boot","Anchor","Toxic Egg 2","Eternal Feather","Ginger","Torii","HornCleat","Mercury Hourglass","Kunai","InkBottle","Pantograph","Shuriken","Bottled Flame","Du-Vu Doll","TungstenRod","Bird Faced Urn","FossilizedHelix","Unceasing Top","CaptainsWheel","Pocketwatch","Dead Branch","Mango","Lizard Tail","Gambling Chip"],"acts_visited":["Exordium","TheCity","TheBeyond","TheEnding"],"potions_floor_usage":[18,38,38,38,38,55,55],"damage_taken":[{"damage":11,"enemies":"Jaw Worm","floor":1,"turns":1},{"damage":0,"enemies":"2 Louse","floor":5,"turns":2},{"damage":11,"enemies":"3 Sentries","floor":6,"turns":2},{"damage":0,"enemies":"Cultist","floor":7,"turns":2},{"damage":8,"enemies":"Red Slaver","floor":11,"turns":1},{"damage":0,"enemies":"Gremlin Gang","floor":13,"turns":1},{"damage":0,"enemies":"Lagavulin","floor":14,"turns":3},{"damage":3,"enemies":"The Guardian","floor":16,"turns":4},{"damage":4,"enemies":"Chosen","floor":18,"turns":1},{"damage":0,"enemies":"Masked Bandits","floor":21,"turns":2},{"damage":0,"enemies":"Book of Stabbing","floor":24,"turns":1},{"damage":0,"enemies":"3 Byrds","floor":27,"turns":1},{"damage":0,"enemies":"Snake Plant","floor":28,"turns":1},{"damage":0,"enemies":"Slavers","floor":30,"turns":1},{"damage":0,"enemies":"Centurion and Healer","floor":31,"turns":2},{"damage":0,"enemies":"Champ","floor":33,"turns":3},{"damage":0,"enemies":"3 Darklings","floor":35,"turns":1},{"damage":11,"enemies":"3 Shapes","floor":37,"turns":1},{"damage":0,"enemies":"Orin","floor":38,"turns":2},{"damage":0,"enemies":"3 Darklings","floor":39,"turns":1},{"damage":0,"enemies":"Nemesis","floor":40,"turns":1},{"damage":0,"enemies":"Writhing Mass","floor":41,"turns":2},{"damage":0,"enemies":"Giant Head","floor":44,"turns":3},{"damage":0,"enemies":"Maw","floor":47,"turns":2},{"damage":0,"enemies":"4 Shapes","floor":48,"turns":1},{"damage":0,"enemies":"Awakened One","floor":50,"turns":2},{"damage":0,"enemies":"Shield and Spear","floor":54,"turns":1},{"damage":0,"enemies":"The Heart","floor":55,"turns":3}],"seed_played":"-5678163720329063782","potions_obtained":[{"floor":0,"key":"LiquidMemories"},{"floor":0,"key":"DistilledChaos"},{"floor":0,"key":"EssenceOfDarkness"},{"floor":13,"key":"Energy Potion"},{"floor":16,"key":"Ancient Potion"},{"floor":18,"key":"DuplicationPotion"},{"floor":38,"key":"SpeedPotion"},{"floor":39,"key":"Swift Potion"},{"floor":46,"key":"SpeedPotion"},{"floor":46,"key":"FairyPotion"}],"is_trial":false,"path_per_floor":["M","?","?","$","M","E","M","?","T","R","M","$","M","E","R","B",null,"M","?","?","?","?","R","E","$","T","M","M","R","E","M","R","B",null,"M","$","M","?","M","E","M","R","T","E","$","?","M","M","R","B",null,"R","$","E","B",null],"character_chosen":"DEFECT","items_purchased":["Lantern","Potion Belt","Chrysalis+1","Forethought+1","Capacitor+1","Conserve Battery+1","Hello World+1","Defragment+1","Loop+1","Defragment+1","Deep Breath+1","Master of Strategy+1","Dark Shackles+1","Swift Strike+1","Purity+1","Secret Technique+1","Jack Of All Trades+1","Good Instincts+1","Dramatic Entrance+1","Impatience+1","Panacea+1","Forethought+1","Chrysalis+1","Chrysalis+1","Loop+1","Beam Cell+1","FTL+1","Self Repair+1","Storm+1","Storm+1","Heatsinks+1","Storm+1","Heatsinks+1","Loop+1","Genetic Algorithm+1","Biased Cognition+1","Chaos+1","Membership Card","Strawberry","Emotion Chip","Art of War","Orichalcum","Meat on the Bone","MealTicket","Bottled Lightning","Letter Opener","Ancient Tea Set","Gremlin Horn","Singing Bowl","Oddly Smooth Stone","Bag of Marbles","Frozen Egg 2","Peace Pipe","Molten Egg 2","Ornamental Fan","Metamorphosis+1","Madness+1","Blind+1","Turbo+1","Stack+1","Tempest+1","Defragment+1","Glacier+1","Leap+1","PreservedInsect","StoneCalendar","Orrery","Cables","Whetstone","Bottled Tornado","DataDisk","Ice Cream","Centennial Puzzle","Dream Catcher","Nunchaku","Mummified Hand","War Paint","Boot","Anchor","Toxic Egg 2","Eternal Feather","Ginger","Torii","HornCleat","Mercury Hourglass","Aggregate+1","FTL+1","Gash+1","Sunder+1","Rip and Tear+1","Self Repair+1","Beam Cell+1","Panache+1","Good Instincts+1","Enlightenment+1","Swift Strike+1","Kunai","InkBottle","Pantograph","Shuriken","Bottled Flame","Du-Vu Doll","TungstenRod","Bird Faced Urn","FossilizedHelix","Unceasing Top","CaptainsWheel","Pocketwatch","Dead Branch","Mango","Lizard Tail","Gambling Chip","Buffer+1","Capacitor+1","Loop+1","Static Discharge+1"],"campfire_rested":0,"item_purchase_floors":[4,4,4,4,4,4,4,4,4,4,12,12,12,12,12,12,12,12,12,12,12,12,12,12,25,25,25,25,25,25,25,25,25,25,25,25,25,25,25,25,25,25,25,25,25,25,25,25,25,25,25,25,25,25,25,25,25,25,25,25,25,25,25,25,36,36,36,45,45,45,45,45,45,45,45,45,45,45,45,45,45,45,45,45,45,45,45,45,45,45,53,53,53,53,53,53,53,53,53,53,53,53,53,53,53,53,53,53,53,53,53,53,53,53,53,53],"current_hp_per_floor":[64,46,46,46,46,35,35,40,40,40,32,32,75,75,75,75,80,80,80,80,80,80,80,80,87,87,89,89,89,89,89,89,89,89,91,95,97,99,99,99,101,101,101,101,101,101,101,103,103,103,103,103,117,117,117],"gold":4249,"neow_bonus":"THREE_SMALL_POTIONS","is_daily":false,"chose_seed":false,"campfire_upgraded":7,"win_rate":0.0,"timestamp":1610517151,"path_taken":["M","?","?","$","M","E","M","?","T","R","?","?","?","E","R","BOSS","M","?","?","?","?","R","E","$","T","M","M","R","E","M","R","BOSS","M","$","M","?","M","E","M","R","T","E","$","?","?","M","R","BOSS","R","$","E","BOSS"],"items_purchased_type":["Relic","Relic","Card","Card","Card","Card","Card","Card","Card","Card","Card","Card","Card","Card","Card","Card","Card","Card","Card","Card","Card","Card","Card","Card","Card","Card","Card","Card","Card","Card","Card","Card","Card","Card","Card","Card","Card","Relic","Relic","Relic","Relic","Relic","Relic","Relic","Relic","Relic","Relic","Relic","Relic","Relic","Relic","Relic","Relic","Relic","Relic","Card","Card","Card","Card","Card","Card","Card","Card","Card","Relic","Relic","Relic","Relic","Relic","Relic","Relic","Relic","Relic","Relic","Relic","Relic","Relic","Relic","Relic","Relic","Relic","Relic","Relic","Relic","Relic","Card","Card","Card","Card","Card","Card","Card","Card","Card","Card","Card","Relic","Relic","Relic","Relic","Relic","Relic","Relic","Relic","Relic","Relic","Relic","Relic","Relic","Relic","Relic","Relic","Card","Card","Card","Card"],"build_version":"2020-12-22","purchased_purges":0,"victory":true,"max_hp_per_floor":[75,75,75,75,75,75,75,75,75,75,75,75,75,75,75,75,80,80,80,80,80,80,80,80,87,87,89,89,89,89,89,89,89,89,91,95,97,99,99,99,101,101,101,101,101,101,101,103,103,103,103,103,117,117,117],"card_choices":[{"not_picked":["alterego_mod:Skirt+1","alterego_mod:SakuraFive+1"],"picked":"alterego_mod:Cushion+1","floor":1},{"not_picked":["Bane+1","Chen:PentagramFlight+1"],"picked":"Barrage+1","floor":5},{"not_picked":["Chen:Adaptability+1","alterego_mod:Pet+1"],"picked":"RemiliaMod:CMABianfuzhen+1","floor":6},{"not_picked":["Quick Slash+1","Chen:SurpriseAttack+1"],"picked":"alterego_mod:BusterCard+1","floor":7},{"not_picked":["alterego_mod:InsideBaseball+1","Streamline+1"],"picked":"FlurryOfBlows+1","floor":11},{"not_picked":["alterego_mod:Punishment+1","Clothesline+1"],"picked":"RemiliaMod:CSlAttack+1","floor":13},{"not_picked":["Barrage+1","Chen:Scratch+1"],"picked":"UnstableBomb+1","floor":14},{"not_picked":["alterego_mod:GIGAMILK+1","Apotheosis+1"],"picked":"RemiliaMod:CPYSGJ+1","floor":16},{"not_picked":["DoubleSpark+1","Compile Driver+1"],"picked":"Fire Breathing+1","floor":18},{"not_picked":["Chen:Barrier+1","Chen:MeditateFrenzy+1"],"picked":"Side_Hop+1","floor":21},{"not_picked":["StarBarrage+1","RemiliaMod:CFHFY+1"],"picked":"Ball Lightning+1","floor":24},{"not_picked":["RemiliaMod:CJNSP+1","Warcry+1","GalacticHalo+1"],"picked":"Singing Bowl","floor":27},{"not_picked":["Prostrate+1","alterego_mod:BoobPocket+1"],"picked":"PulseMagic+1","floor":28},{"not_picked":["Acceleration+1","MysteriousBeam+1"],"picked":"alterego_mod:STier+1","floor":30},{"not_picked":["GrandCross+1","Reprogram+1"],"picked":"alterego_mod:ChallengeComplete+1","floor":31},{"not_picked":["Chen:FlankingStrike+1","LessonLearned+1"],"picked":"Chen:ShikigamiForm+1","floor":33},{"not_picked":["RemiliaMod:CFHGJ+1","EmptyFist+1","Coolheaded+1"],"picked":"Singing Bowl","floor":35},{"not_picked":["LightFlow+1","Evolve+1"],"picked":"alterego_mod:Birthday+1","floor":36},{"not_picked":["FollowUp+1","Rewind+1"],"picked":"EarthLightRay+1","floor":36},{"not_picked":["Pommel Strike+1","PiercingWail+1","Hyperbeam+1"],"picked":"Singing Bowl","floor":36},{"not_picked":["Chen:Scratch+1","Underhanded Strike+1","RemiliaMod:CFPLL+1"],"picked":"Singing Bowl","floor":36},{"not_picked":["Hop+1","Prostrate+1"],"picked":"alterego_mod:Mirror+1","floor":36},{"not_picked":["Chen:RecklessLeap+1","Pommel Strike+1","alterego_mod:RocketPunch+1"],"picked":"Singing Bowl","floor":37},{"not_picked":["alterego_mod:Clap+1","FlurryOfBlows+1","Coolheaded+1"],"picked":"Singing Bowl","floor":38},{"not_picked":["Chen:Shapeshift+1","ShatteredReality+1"],"picked":"RemiliaMod:CMPB+1","floor":39},{"not_picked":["RemiliaMod:CDB+1","WitchOfGreed+1"],"picked":"SprinkleStarSeal+1","floor":40},{"not_picked":["Blade Dance+1","Side_Hop+1","Deadly Poison+1"],"picked":"Singing Bowl","floor":41},{"not_picked":["RemiliaMod:CJNMJFZ+1","Steam+1","Chen:StudySharpen+1"],"picked":"Defy+1","floor":44},{"not_picked":["CutThroughFate+1","Slap+1","Twin Strike+1"],"picked":"Side_Hop+1","floor":47},{"not_picked":["WitchLeyline+1","PathToVictory+1","alterego_mod:Complex+1","WitchOfGreed+1"],"picked":"Singing Bowl","floor":48},{"not_picked":["Bane+1","Madness+1","Blind+1"],"picked":"Prostrate+1","floor":54}],"player_experience":194575,"relics_obtained":[{"floor":6,"key":"Blue Candle"},{"floor":9,"key":"Bronze Scales"},{"floor":14,"key":"Symbiotic Virus"},{"floor":21,"key":"Red Mask"},{"floor":24,"key":"Calipers"},{"floor":30,"key":"Vajra"},{"floor":38,"key":"CatCart"},{"floor":40,"key":"Incense Burner"},{"floor":43,"key":"Question Card"},{"floor":44,"key":"Pen Nib"}],"event_choices":[{"damage_healed":0,"gold_gain":0,"player_choice":"Take Damage","damage_taken":18,"relics_obtained":["Golden Idol"],"max_hp_gain":0,"max_hp_loss":0,"event_name":"Golden Idol","floor":2,"gold_loss":0},{"damage_healed":0,"gold_gain":0,"player_choice":"Ignored","damage_taken":0,"max_hp_gain":0,"max_hp_loss":0,"event_name":"Golden Wing","floor":3,"gold_loss":0},{"cards_removed":["Barrage"],"damage_healed":5,"gold_gain":0,"player_choice":"Offered Common","damage_taken":0,"max_hp_gain":0,"max_hp_loss":0,"event_name":"Bonfire Elementals","floor":8,"gold_loss":0},{"cards_removed":["Barrage"],"damage_healed":5,"gold_gain":0,"player_choice":"Offered Special","damage_taken":0,"max_hp_gain":0,"max_hp_loss":0,"event_name":"Bonfire Elementals","floor":8,"gold_loss":0},{"damage_healed":0,"gold_gain":0,"player_choice":"Ignored","damage_taken":0,"max_hp_gain":0,"max_hp_loss":0,"event_name":"Beggar","floor":19,"gold_loss":0},{"damage_healed":0,"gold_gain":0,"player_choice":"Choice 2","damage_taken":0,"relics_obtained":["alterego_mod:SomeoneToFightFor"],"max_hp_gain":0,"max_hp_loss":0,"event_name":"Secret Garden","floor":20,"gold_loss":0},{"damage_healed":0,"gold_gain":0,"player_choice":"Fought Bandits","damage_taken":0,"max_hp_gain":0,"max_hp_loss":0,"event_name":"Masked Bandits","floor":21,"gold_loss":0},{"damage_healed":0,"gold_gain":0,"player_choice":"Smashed Altar","damage_taken":0,"max_hp_gain":0,"max_hp_loss":0,"event_name":"Forgotten Altar","floor":22,"gold_loss":0,"cards_obtained":["Decay"]},{"damage_healed":0,"gold_gain":0,"player_choice":"Fight","damage_taken":0,"max_hp_gain":0,"max_hp_loss":0,"event_name":"OrinTheCat","floor":38,"gold_loss":0},{"damage_healed":0,"gold_gain":0,"player_choice":"Bought 2 Potions","damage_taken":0,"max_hp_gain":0,"max_hp_loss":0,"event_name":"The Woman in Blue","floor":46,"gold_loss":0}],"is_beta":false,"boss_relics":[{"not_picked":["Runic Pyramid","Coffee Dripper"],"picked":"Tiny House"},{"not_picked":["Fusion Hammer","SlaversCollar"],"picked":"Nuclear Battery"}],"items_purged_floors":[],"is_endless":false,"potions_floor_spawned":[1,6,13,16,18,28,31,35,38,39,44,54],"ascension_level":1}}