{"host":"yptvp0rjza9g9li7","time":1610546121,"event":{"mods":["AchievementEnabler","BaseMod","Colored Map","Colored Powertips","DeckTracker","Minty Spire (QoL Compilation)","SuperFastMode"],"gold_per_floor":[109,119,133,148,148,175,175,189,213,213,276,326,343,355,355,451,451,469,250,265,333,395,395,408,335,362,362,374,19,45,60,60,163,163,181,249,52,68,80,107,119,181,193,205,230,254,283,328,340,352,364,376,120,150,150],"floor_reached":56,"language":"KOR","playtime":2905,"items_purged":["Strike_R","Strike_R","Defend_R"],"score":1291,"play_id":"c0aef72a-7b73-4a1a-9d37-204818527a89","local_time":"20210113225521","is_ascension_mode":false,"campfire_choices":[{"floor":7.0,"key":"REST"},{"data":"Dark Embrace","floor":10.0,"key":"SMITH"},{"data":"Blood for Blood","floor":15.0,"key":"SMITH"},{"data":"Corruption","floor":23.0,"key":"SMITH"},{"floor":27.0,"key":"REST"},{"data":"Body Slam","floor":32.0,"key":"SMITH"},{"data":"Feel No Pain","floor":41.0,"key":"SMITH"},{"floor":49.0,"key":"RECALL"},{"data":"Metallicize","floor":52,"key":"SMITH"}],"circlet_count":0,"master_deck":["Strike_R","Defend_R","Defend_R+1","Bash","Second Wind+1","Fire Breathing","Headbutt","Feel No Pain+1","Body Slam+1","Pommel Strike","Dark Embrace+1","Blood for Blood+1","True Grit+1","Offering+1","Corruption+1","Pummel","Reckless Charge","Flame Barrier+1","Sentinel+1","Blood for Blood","Battle Trance+1","Armaments+1","Impervious+1","Iron Wave+1","Bloodletting+1","Dual Wield+1","Rupture+1","Apotheosis+1","Ghostly Armor+1","Metallicize+1","Juggernaut","Rage+1","Shrug It Off+1","Trip+1","Sword Boomerang+1"],"relics":["Burning Blood","SsserpentHead","Toxic Egg 2","War Paint","Empty Cage","Akabeko","Omamori","Boot","Pantograph","Centennial Puzzle","Runic Cube","MawBank","Paper Frog","Pen Nib"],"acts_visited":["Exordium","TheCity","TheBeyond","TheEnding"],"potions_floor_usage":[55,55,55],"damage_taken":[{"damage":6.0,"enemies":"Cultist","floor":1.0,"turns":3.0},{"damage":6.0,"enemies":"2 Louse","floor":2.0,"turns":2.0},{"damage":12.0,"enemies":"Small Slimes","floor":3.0,"turns":4.0},{"damage":7.0,"enemies":"Exordium Wildlife","floor":4.0,"turns":5.0},{"damage":44.0,"enemies":"Lagavulin","floor":6.0,"turns":8.0},{"damage":3.0,"enemies":"3 Louse","floor":8.0,"turns":4.0},{"damage":10.0,"enemies":"Lots of Slimes","floor":11.0,"turns":5.0},{"damage":12.0,"enemies":"2 Fungi Beasts","floor":13.0,"turns":3.0},{"damage":5.0,"enemies":"Looter","floor":14.0,"turns":3.0},{"damage":20.0,"enemies":"Hexaghost","floor":16.0,"turns":8.0},{"damage":28.0,"enemies":"Shell Parasite","floor":18.0,"turns":4.0},{"damage":6.0,"enemies":"3 Byrds","floor":20.0,"turns":4.0},{"damage":11.0,"enemies":"Sentry and Sphere","floor":21.0,"turns":4.0},{"damage":6.0,"enemies":"3 Cultists","floor":22.0,"turns":4.0},{"damage":20.0,"enemies":"Snecko","floor":24.0,"turns":5.0},{"damage":16.0,"enemies":"Snake Plant","floor":28.0,"turns":4.0},{"damage":13.0,"enemies":"Book of Stabbing","floor":30.0,"turns":4.0},{"damage":6.0,"enemies":"Cultist and Chosen","floor":31.0,"turns":2.0},{"damage":77.0,"enemies":"Automaton","floor":33.0,"turns":9.0},{"damage":6.0,"enemies":"3 Darklings","floor":35.0,"turns":3.0},{"damage":6.0,"enemies":"Orb Walker","floor":36.0,"turns":1.0},{"damage":18.0,"enemies":"4 Shapes","floor":38.0,"turns":5.0},{"damage":18.0,"enemies":"Spire Growth","floor":39.0,"turns":3.0},{"damage":9.0,"enemies":"Giant Head","floor":40.0,"turns":4.0},{"damage":0.0,"enemies":"Jaw Worm Horde","floor":44.0,"turns":1.0},{"damage":13.0,"enemies":"Maw","floor":45.0,"turns":4.0},{"damage":1.0,"enemies":"Sphere and 2 Shapes","floor":46.0,"turns":3.0},{"damage":13.0,"enemies":"Transient","floor":47.0,"turns":5.0},{"damage":19.0,"enemies":"Nemesis","floor":48.0,"turns":5.0},{"damage":17,"enemies":"Donu and Deca","floor":50,"turns":8},{"damage":10,"enemies":"Shield and Spear","floor":54,"turns":3},{"damage":42,"enemies":"The Heart","floor":55,"turns":5}],"seed_played":"1369605168212939834","potions_obtained":[{"floor":3.0,"key":"FearPotion"},{"floor":4.0,"key":"Block Potion"},{"floor":6.0,"key":"FairyPotion"},{"floor":13.0,"key":"Fire Potion"},{"floor":14.0,"key":"ElixirPotion"},{"floor":20.0,"key":"SmokeBomb"},{"floor":22.0,"key":"HeartOfIron"},{"floor":28.0,"key":"EssenceOfSteel"},{"floor":31.0,"key":"DuplicationPotion"},{"floor":39.0,"key":"Block Potion"},{"floor":40.0,"key":"PowerPotion"},{"floor":45.0,"key":"PowerPotion"},{"floor":47.0,"key":"FearPotion"},{"floor":48.0,"key":"ElixirPotion"}],"is_trial":false,"path_per_floor":["M","M","M","M","?","E","R","M","T","R","M","?","M","M","R","B",null,"M","$","M","M","M","R","M","?","T","R","M","$","E","M","R","B",null,"M","M","$","M","M","E","R","?","T","M","M","M","M","E","R","B",null,"R","$","E","B",null],"character_chosen":"IRONCLAD","items_purchased":["Akabeko","Pantograph","Dual Wield+1","LiquidBronze","Rage+1","Shrug It Off+1","Trip+1"],"campfire_rested":2,"item_purchase_floors":[19,29,37,53,53,53,53],"current_hp_per_floor":[80,80,74,73,73,35,59,62,62,62,58,58,52,53,53,39,80,58,58,58,53,53,53,39,39,39,63,53,53,46,46,46,30,80,80,80,80,68,56,53,53,53,53,59,52,57,50,37,37,51,80,80,80,76,44],"gold":150,"neow_bonus":"THREE_CARDS","is_daily":false,"chose_seed":false,"campfire_upgraded":6,"win_rate":0.0,"timestamp":1610546121,"path_taken":["M","M","M","M","?","E","R","M","T","R","?","?","M","M","R","BOSS","M","$","M","?","?","R","M","?","T","R","M","$","E","M","R","BOSS","M","?","$","M","M","E","R","?","T","M","M","M","M","E","R","BOSS","R","$","E","BOSS"],"items_purchased_type":["Relic","Relic","Card","Potion","Card","Card","Card"],"build_version":"2020-12-22","purchased_purges":3,"victory":true,"max_hp_per_floor":[80,80,80,80,80,80,80,80,80,80,80,80,80,80,80,80,80,80,80,80,80,80,80,80,80,80,80,80,80,80,80,80,80,80,80,80,80,80,80,80,80,80,80,80,80,80,80,80,80,80,80,80,80,80,80],"card_choices":[{"not_picked":["Havoc","Anger"],"picked":"Second Wind","floor":0.0},{"not_picked":["Clothesline","Heavy Blade"],"picked":"Fire Breathing","floor":1.0},{"not_picked":["Flex","Clothesline"],"picked":"Headbutt","floor":2.0},{"not_picked":["Rage","Pummel"],"picked":"Feel No Pain","floor":3.0},{"not_picked":["Heavy Blade","Headbutt"],"picked":"Body Slam","floor":4.0},{"not_picked":["Berserk","Sword Boomerang"],"picked":"Pommel Strike","floor":6.0},{"not_picked":["Headbutt","Anger"],"picked":"Dark Embrace","floor":8.0},{"not_picked":["Disarm+1","Twin Strike"],"picked":"Blood for Blood","floor":11.0},{"not_picked":["Rupture","Body Slam"],"picked":"True Grit+1","floor":13.0},{"not_picked":["Pommel Strike","Sword Boomerang"],"picked":"Offering+1","floor":14.0},{"not_picked":["Demon Form","Impervious+1"],"picked":"Corruption","floor":16.0},{"not_picked":["Thunderclap","Anger"],"picked":"Pummel","floor":18.0},{"not_picked":["Armaments+1","Heavy Blade"],"picked":"Reckless Charge","floor":20.0},{"not_picked":["Burning Pact+1","Iron Wave"],"picked":"Flame Barrier+1","floor":21.0},{"not_picked":["Dark Embrace","Thunderclap","Perfected Strike+1"],"picked":"SKIP","floor":22.0},{"not_picked":["Pommel Strike","Intimidate+1"],"picked":"Sentinel+1","floor":24.0},{"not_picked":["Headbutt","Clash"],"picked":"Blood for Blood","floor":28.0},{"not_picked":["Impervious+1","Pommel Strike"],"picked":"Battle Trance+1","floor":30.0},{"not_picked":["Disarm+1","Hemokinesis"],"picked":"Armaments+1","floor":31.0},{"not_picked":["Reaper","Demon Form"],"picked":"Impervious+1","floor":33.0},{"not_picked":["Twin Strike","Pommel Strike"],"picked":"Iron Wave+1","floor":35.0},{"not_picked":["Anger","Thunderclap"],"picked":"Bloodletting+1","floor":36.0},{"not_picked":["Burning Pact+1","Combust+1","Dark Embrace"],"picked":"SKIP","floor":38.0},{"not_picked":["Headbutt","Warcry+1","Anger"],"picked":"SKIP","floor":39.0},{"not_picked":["Pummel+1","Intimidate+1"],"picked":"Rupture+1","floor":40.0},{"not_picked":["Chrysalis+1","Mayhem"],"picked":"Apotheosis+1","floor":42.0},{"not_picked":["Clothesline+1","Hemokinesis"],"picked":"Ghostly Armor+1","floor":45.0},{"not_picked":["Havoc+1","Armaments+1","Iron Wave+1"],"picked":"SKIP","floor":46.0},{"not_picked":["Rampage","Armaments+1"],"picked":"Metallicize","floor":47.0},{"not_picked":["Thunderclap+1","Body Slam+1"],"picked":"Juggernaut","floor":48.0},{"not_picked":["Second Wind+1","Warcry+1"],"picked":"Sword Boomerang+1","floor":54}],"player_experience":204752,"relics_obtained":[{"floor":6.0,"key":"Toxic Egg 2"},{"floor":9.0,"key":"War Paint"},{"floor":26.0,"key":"Boot"},{"floor":30.0,"key":"Centennial Puzzle"},{"floor":40.0,"key":"MawBank"},{"floor":48.0,"key":"Paper Frog"},{"floor":54,"key":"Pen Nib"}],"event_choices":[{"damage_healed":0.0,"max_hp_gain":0.0,"max_hp_loss":0.0,"gold_gain":0.0,"event_name":"FaceTrader","player_choice":"Trade","floor":5.0,"gold_loss":0.0,"damage_taken":0.0,"relics_obtained":["SsserpentHead"]},{"cards_removed":["Strike_R"],"damage_healed":0.0,"max_hp_gain":0.0,"max_hp_loss":0.0,"gold_gain":0.0,"event_name":"Purifier","player_choice":"Purged","floor":12.0,"gold_loss":0.0,"damage_taken":0.0},{"damage_healed":0.0,"max_hp_gain":0.0,"max_hp_loss":0.0,"gold_gain":0.0,"event_name":"WeMeetAgain","player_choice":"Paid Gold","floor":25.0,"gold_loss":123.0,"damage_taken":0.0,"relics_obtained":["Omamori"]},{"damage_healed":0.0,"max_hp_gain":0.0,"max_hp_loss":0.0,"gold_gain":0.0,"event_name":"SensoryStone","player_choice":"Memory 1","floor":42.0,"gold_loss":0.0,"damage_taken":0.0}],"is_beta":false,"boss_relics":[{"not_picked":["SlaversCollar","Astrolabe"],"picked":"Empty Cage"},{"not_picked":["SacredBark","Runic Pyramid"],"picked":"Runic Cube"}],"items_purged_floors":[19,29,37],"is_endless":false,"potions_floor_spawned":[3,4,6,13,14,20,22,28,31,39,40,45,47,48],"ascension_level":0}}