{"host":"jn2qdns2nxijvlnt","time":1610566150,"event":{"mods":["BaseMod","Minty Spire (QoL Compilation)","Quick Restart"],"gold_per_floor":[110,110,110,10,30,61,61,74,74,103,103,134,146,176,176,281,281,293,293,1,13,28,28,56,56,56,67,85,85,85,85,85,182,182,195,219,5,23,23,56,70,70,116,116,126,0,12,12,12,12],"floor_reached":51,"language":"ENG","playtime":7802,"items_purged":[],"score":1040,"play_id":"6626a508-2618-4357-b2ea-75569f57d1b2","local_time":"20210113142910","is_ascension_mode":true,"campfire_choices":[{"data":"Blade Dance","floor":7.0,"key":"SMITH"},{"floor":11.0,"key":"REST"},{"floor":15.0,"key":"REST"},{"floor":23.0,"key":"REST"},{"floor":25.0,"key":"REST"},{"floor":29.0,"key":"REST"},{"floor":32.0,"key":"REST"},{"floor":42,"key":"REST"},{"data":"After Image","floor":49,"key":"SMITH"}],"circlet_count":0,"master_deck":["Strike_G","Strike_G","Strike_G","Strike_G","Strike_G","Defend_G","Defend_G","Defend_G","Defend_G+1","Defend_G","Survivor+1","Neutralize","Skewer","Blade Dance+1","Accuracy+1","Cloak And Dagger","Caltrops","Infinite Blades","Deflect","Finisher","After Image+1","Malaise","CurseOfTheBell","Footwork+1","Slice","Backstab","Venomology"],"relics":["Ring of the Snake","NeowsBlessing","Unceasing Top","Lantern","War Paint","Torii","WristBlade","Nloth\u0027s Gift","HandDrill","Blood Vial","The Specimen","Pantograph","Ninja Scroll","Calling Bell","Potion Belt","HornCleat","StoneCalendar","Vajra","Membership Card","CaptainsWheel","Bag of Preparation","Red Mask"],"acts_visited":["Exordium","TheCity","TheBeyond"],"potions_floor_usage":[35,40,40,40,41,47,50],"damage_taken":[{"damage":0.0,"enemies":"Jaw Worm","floor":1.0,"turns":1.0},{"damage":0.0,"enemies":"2 Louse","floor":5.0,"turns":1.0},{"damage":0.0,"enemies":"Gremlin Nob","floor":6.0,"turns":1.0},{"damage":0.0,"enemies":"Cultist","floor":8.0,"turns":3.0},{"damage":10.0,"enemies":"Lagavulin","floor":10.0,"turns":5.0},{"damage":26.0,"enemies":"Gremlin Nob","floor":12.0,"turns":4.0},{"damage":1.0,"enemies":"Blue Slaver","floor":13.0,"turns":3.0},{"damage":7.0,"enemies":"3 Sentries","floor":14.0,"turns":7.0},{"damage":14.0,"enemies":"Slime Boss","floor":16.0,"turns":10.0},{"damage":17.0,"enemies":"2 Thieves","floor":18.0,"turns":3.0},{"damage":9.0,"enemies":"3 Byrds","floor":21.0,"turns":4.0},{"damage":0.0,"enemies":"Cultist and Chosen","floor":22.0,"turns":5.0},{"damage":25.0,"enemies":"Book of Stabbing","floor":24.0,"turns":5.0},{"damage":24.0,"enemies":"Chosen and Byrds","floor":27.0,"turns":7.0},{"damage":16.0,"enemies":"Snake Plant","floor":28.0,"turns":5.0},{"damage":73.0,"enemies":"Automaton","floor":33.0,"turns":9.0},{"damage":20,"enemies":"3 Shapes","floor":35,"turns":4},{"damage":0,"enemies":"Orb Walker","floor":38,"turns":1},{"damage":0,"enemies":"Nemesis","floor":40,"turns":5},{"damage":25,"enemies":"Transient","floor":41,"turns":5},{"damage":7,"enemies":"Maw","floor":45,"turns":7},{"damage":11,"enemies":"Writhing Mass","floor":47,"turns":5},{"damage":61,"enemies":"Donu and Deca","floor":50,"turns":11}],"seed_played":"-7540377430953933865","potions_obtained":[{"floor":8.0,"key":"Block Potion"},{"floor":12.0,"key":"Block Potion"},{"floor":13.0,"key":"GamblersBrew"},{"floor":14.0,"key":"Poison Potion"},{"floor":16.0,"key":"SneckoOil"},{"floor":18.0,"key":"Strength Potion"},{"floor":24.0,"key":"Block Potion"},{"floor":33.0,"key":"SkillPotion"},{"floor":38,"key":"PowerPotion"},{"floor":40,"key":"DistilledChaos"}],"is_trial":false,"path_per_floor":["M","?","?","$","M","E","R","M","T","E","R","E","M","E","R","B",null,"M","?","$","M","M","R","E","R","T","M","M","R","?","?","R","B",null,"M","T","$","M","$","E","M","R","T","?","M","?","M","?","R","B",null],"character_chosen":"THE_SILENT","items_purchased":["Fruit Juice","HandDrill","Blood Vial","Membership Card","Slice","PowerPotion","ColorlessPotion"],"campfire_rested":7,"item_purchase_floors":[4,20,20,37,37,37,37],"current_hp_per_floor":[63,63,63,68,68,68,68,68,68,58,75,49,48,41,63,49,69,52,52,52,45,47,69,46,68,68,46,32,54,54,54,75,2,57,39,39,39,41,41,43,20,42,42,42,37,37,28,66,66,5],"gold":12,"neow_bonus":"THREE_ENEMY_KILL","is_daily":false,"chose_seed":false,"campfire_upgraded":2,"win_rate":0.0,"timestamp":1610566150,"path_taken":["M","?","?","$","M","E","R","?","T","E","R","E","M","E","R","BOSS","M","?","$","?","M","R","E","R","T","M","?","R","?","?","R","BOSS","M","?","$","M","$","E","M","R","T","?","?","?","M","?","R","BOSS"],"items_purchased_type":["Potion","Relic","Relic","Relic","Card","Potion","Potion"],"build_version":"2020-12-22","purchased_purges":0,"victory":true,"max_hp_per_floor":[70,70,70,75,75,75,75,75,75,75,75,75,75,75,75,75,75,75,75,75,75,75,75,75,75,75,75,75,75,75,75,75,75,75,75,75,75,75,75,75,75,75,75,75,75,75,75,66,66,66],"card_choices":[{"not_picked":["Deadly Poison","Underhanded Strike"],"picked":"Deflect","floor":1.0},{"not_picked":["PiercingWail","Quick Slash"],"picked":"Blade Dance","floor":5.0},{"not_picked":["Underhanded Strike","Endless Agony"],"picked":"Accuracy","floor":6.0},{"not_picked":["Backflip","Terror"],"picked":"Cloak And Dagger","floor":8.0},{"not_picked":["Bouncing Flask","Sucker Punch"],"picked":"Caltrops","floor":10.0},{"not_picked":["Catalyst","Malaise"],"picked":"Infinite Blades","floor":12.0},{"not_picked":["Distraction","Dodge and Roll"],"picked":"Deflect","floor":13.0},{"not_picked":["Distraction","Dash"],"picked":"Finisher","floor":14.0},{"not_picked":["Phantasmal Killer","Tools of the Trade"],"picked":"After Image","floor":16.0},{"not_picked":["Noxious Fumes","Bane","Prepared"],"picked":"SKIP","floor":18.0},{"not_picked":["Bane","Acrobatics","Outmaneuver+1"],"picked":"SKIP","floor":21.0},{"not_picked":["Underhanded Strike","Acrobatics","Skewer"],"picked":"SKIP","floor":22.0},{"not_picked":["Dodge and Roll","Outmaneuver","Underhanded Strike+1"],"picked":"SKIP","floor":24.0},{"not_picked":["Acrobatics+1","Bullet Time","Dodge and Roll"],"picked":"SKIP","floor":27.0},{"not_picked":["After Image","Choke","Prepared"],"picked":"SKIP","floor":28.0},{"not_picked":["Tools of the Trade","Wraith Form v2"],"picked":"Malaise","floor":33.0},{"not_picked":["Cloak And Dagger+1","Deflect"],"picked":"Footwork+1","floor":35},{"not_picked":["Predator","Bane+1","Dagger Spray+1"],"picked":"SKIP","floor":38},{"not_picked":["Blur+1","Dagger Spray"],"picked":"Backstab","floor":40},{"not_picked":["Flying Knee","Cloak And Dagger+1","Deflect"],"picked":"SKIP","floor":41},{"not_picked":["Acrobatics","Blade Dance"],"picked":"Venomology","floor":45},{"not_picked":["A Thousand Cuts","Expertise+1","Venomology"],"picked":"SKIP","floor":47}],"player_experience":504140,"relics_obtained":[{"floor":6.0,"key":"Unceasing Top"},{"floor":9.0,"key":"Calipers"},{"floor":10.0,"key":"Lantern"},{"floor":12.0,"key":"War Paint"},{"floor":14.0,"key":"Torii"},{"floor":24.0,"key":"The Specimen"},{"floor":26.0,"key":"Pantograph"},{"floor":34.0,"key":"Potion Belt"},{"floor":34.0,"key":"HornCleat"},{"floor":34.0,"key":"StoneCalendar"},{"floor":36,"key":"Vajra"},{"floor":40,"key":"CaptainsWheel"},{"floor":43,"key":"Bag of Preparation"}],"event_choices":[{"damage_healed":0.0,"max_hp_gain":0.0,"max_hp_loss":0.0,"gold_gain":0.0,"event_name":"Golden Wing","player_choice":"Ignored","floor":2.0,"gold_loss":0.0,"damage_taken":0.0},{"damage_healed":0.0,"max_hp_gain":0.0,"max_hp_loss":0.0,"gold_gain":0.0,"cards_transformed":["Deflect"],"event_name":"Transmorgrifier","player_choice":"Transformed","floor":3.0,"gold_loss":0.0,"damage_taken":0.0,"cards_obtained":["Skewer"]},{"damage_healed":0.0,"max_hp_gain":0.0,"max_hp_loss":0.0,"gold_gain":0.0,"event_name":"N\u0027loth","player_choice":"Traded Relic","floor":19.0,"relics_lost":["Calipers"],"gold_loss":0.0,"damage_taken":0.0,"relics_obtained":["Nloth\u0027s Gift"]},{"damage_healed":0.0,"max_hp_gain":0.0,"max_hp_loss":0.0,"gold_gain":0.0,"event_name":"The Mausoleum","player_choice":"Opened","floor":30.0,"gold_loss":0.0,"damage_taken":0.0,"relics_obtained":["Ninja Scroll"]},{"damage_healed":0.0,"max_hp_gain":0.0,"max_hp_loss":0.0,"gold_gain":0.0,"event_name":"Match and Keep!","player_choice":"0 cards matched","floor":31.0,"gold_loss":0.0,"damage_taken":0.0,"cards_obtained":[]},{"damage_healed":0,"gold_gain":0,"player_choice":"Forge","damage_taken":0,"max_hp_gain":0,"max_hp_loss":0,"event_name":"Accursed Blacksmith","floor":44,"gold_loss":0,"cards_upgraded":["Accuracy"]},{"damage_healed":0,"gold_gain":0,"player_choice":"Paid","damage_taken":0,"relics_obtained":["Red Mask"],"max_hp_gain":0,"max_hp_loss":0,"event_name":"Tomb of Lord Red Mask","floor":46,"gold_loss":126},{"damage_healed":66,"gold_gain":0,"player_choice":"Heal","damage_taken":0,"max_hp_gain":0,"max_hp_loss":9,"event_name":"The Moai Head","floor":48,"gold_loss":0}],"is_beta":false,"boss_relics":[{"not_picked":["Pandora\u0027s Box","Runic Dome"],"picked":"WristBlade"},{"not_picked":["Empty Cage","Coffee Dripper"],"picked":"Calling Bell"}],"items_purged_floors":[],"is_endless":false,"potions_floor_spawned":[8,12,13,14,16,18,24,33,38,40],"ascension_level":6}}