{"host":"rrijuq6t336nf2aj","time":1610574714,"event":{"mods":["BaseMod","Colored Map","Colored Powertips","Curses Come First","DeckTracker","Googly Eyes","Minty Spire (QoL Compilation)","Quick Restart","StSLib","The Marked"],"gold_per_floor":[114,189,189,114,26,26,45,64,64,64,64,64,83,102,102,227,227,246,265,284,284,284,284,284,284,334,334,604,623,642,642,642,767,830,849,921,930,232,565,65,65,15,49,64,79,94,109,124,124,133],"floor_reached":51,"language":"ENG","playtime":1265,"items_purged":["Strike_P","Regret","Shame","Injury"],"score":787,"play_id":"5c0ef7c4-f524-4557-bc3e-d08a3c981db5","local_time":"20210113215154","daily_mods":["Cursed Run","Vintage","Lethality"],"is_ascension_mode":false,"campfire_choices":[{"data":"Consecrate","floor":6,"key":"SMITH"},{"data":"Eruption","floor":11,"key":"SMITH"},{"data":"Adaptation","floor":15,"key":"SMITH"},{"data":"ConjureBlade","floor":23,"key":"SMITH"},{"floor":25,"key":"REST"},{"data":"Vigilance","floor":27,"key":"SMITH"},{"data":"Defend_P","floor":32,"key":"SMITH"},{"data":"Adaptation","floor":41,"key":"SMITH"},{"data":"CrushJoints","floor":49,"key":"SMITH"}],"circlet_count":0,"master_deck":["Defend_P+1","Defend_P+1","Defend_P","Defend_P+1","Eruption+1","Vigilance+1","Adaptation+1","Consecrate+1","ConjureBlade+1","Necronomicurse","Bite","Bite","Bite","Bite+1","Bite","CrushJoints+1","FlurryOfBlows+1","Dark Shackles","Adaptation+1","Master of Strategy","DeusExMachina","Pain","Normality"],"relics":["Cursed Key","Darkstone Periapt","Du-Vu Doll","Pen Nib","Happy Flower","PreservedInsect","Meat on the Bone","White Beast Statue","Potion Belt","Bottled Flame","Empty Cage","Orichalcum","Blue Candle","Smiling Mask","MutagenicStrength","Necronomicon","War Paint","Blood Vial","Pantograph","Gremlin Horn","Tiny House","CeramicFish","Ginger","Chemical X","TeardropLocket","Toolbox","Anchor","Centennial Puzzle","Bronze Scales","Juzu Bracelet","Dream Catcher","Bag of Marbles","Akabeko"],"acts_visited":["Exordium","TheCity","TheBeyond"],"potions_floor_usage":[16,18,18,20,20,33,33,36,50,50,50,50,50,50,50,50,50,50],"damage_taken":[{"damage":0,"enemies":"Cultist","floor":1,"turns":2},{"damage":0,"enemies":"Jaw Worm","floor":7,"turns":1},{"damage":0,"enemies":"2 Louse","floor":8,"turns":2},{"damage":0,"enemies":"Exordium Thugs","floor":13,"turns":2},{"damage":51,"enemies":"Exordium Wildlife","floor":14,"turns":2},{"damage":8,"enemies":"Slime Boss","floor":16,"turns":3},{"damage":31,"enemies":"Shell Parasite","floor":18,"turns":3},{"damage":0,"enemies":"Spheric Guardian","floor":19,"turns":2},{"damage":26,"enemies":"Snecko","floor":20,"turns":3},{"damage":0,"enemies":"Snake Plant","floor":29,"turns":1},{"damage":3,"enemies":"Centurion and Healer","floor":30,"turns":5},{"damage":23,"enemies":"Collector","floor":33,"turns":4},{"damage":32,"enemies":"Orb Walker","floor":35,"turns":4},{"damage":2,"enemies":"Mind Bloom Boss Battle","floor":36,"turns":4},{"damage":7,"enemies":"3 Darklings","floor":44,"turns":2},{"damage":47,"enemies":"Writhing Mass","floor":45,"turns":4},{"damage":4,"enemies":"Jaw Worm Horde","floor":46,"turns":1},{"damage":2,"enemies":"Maw","floor":47,"turns":2},{"damage":0,"enemies":"3 Darklings","floor":48,"turns":1},{"damage":39,"enemies":"Donu and Deca","floor":50,"turns":4}],"seed_played":"-4624312993155624390","potions_obtained":[{"floor":7,"key":"FearPotion"},{"floor":8,"key":"StancePotion"},{"floor":13,"key":"Strength Potion"},{"floor":16,"key":"Weak Potion"},{"floor":18,"key":"GamblersBrew"},{"floor":19,"key":"BottledMiracle"},{"floor":20,"key":"AttackPotion"},{"floor":29,"key":"AttackPotion"},{"floor":30,"key":"Fruit Juice"},{"floor":33,"key":"BlessingOfTheForge"},{"floor":34,"key":"Weak Potion"},{"floor":35,"key":"EntropicBrew"},{"floor":36,"key":"Dexterity Potion"}],"is_trial":false,"path_per_floor":["M","?","?","$","$","R","M","M","T","T","R","$","M","M","R","B",null,"M","M","M","?","?","R","?","R","T","R","?","M","M","?","R","B",null,"M","?","?","$","?","$","R","$","T","M","M","M","M","M","R","B",null],"character_chosen":"WATCHER","items_purchased":["Adaptation","Consecrate","Chemical X","TeardropLocket","Adaptation","Master of Strategy","DeusExMachina","Toolbox","Anchor"],"campfire_rested":1,"item_purchase_floors":[5,5,38,38,38,38,40,40,40],"current_hp_per_floor":[72,61,61,61,61,61,61,61,67,73,73,73,73,34,34,44,85,54,54,40,40,30,30,30,48,54,54,27,43,54,54,54,54,80,57,85,85,85,85,85,85,85,91,88,54,52,63,69,69,59],"gold":133,"neow_bonus":"","is_daily":true,"chose_seed":false,"campfire_upgraded":8,"win_rate":0.0,"timestamp":1610574714,"path_taken":["M","?","?","?","$","R","M","M","T","?","R","?","M","M","R","BOSS","M","M","M","?","?","R","?","R","T","R","?","?","M","?","R","BOSS","M","?","?","$","?","$","R","?","T","M","?","M","M","M","R","BOSS"],"items_purchased_type":["Card","Card","Relic","Relic","Card","Card","Card","Relic","Relic"],"build_version":"2020-12-22","purchased_purges":4,"victory":true,"max_hp_per_floor":[72,72,67,67,67,67,67,67,73,79,79,79,79,79,79,85,85,85,85,85,85,91,91,63,63,69,69,69,69,69,69,69,75,80,80,85,85,85,85,85,85,85,91,91,91,91,91,91,91,97],"card_choices":[{"not_picked":["Scrawl","Omniscience"],"picked":"ConjureBlade","floor":16},{"not_picked":["SashWhip","Evaluate+1"],"picked":"CrushJoints","floor":34},{"not_picked":["FollowUp","ThirdEye+1"],"picked":"FlurryOfBlows+1","floor":36},{"not_picked":["Discovery","PanicButton"],"picked":"Dark Shackles","floor":37}],"player_experience":2727,"relics_obtained":[{"floor":1,"key":"Pen Nib"},{"floor":7,"key":"Happy Flower"},{"floor":8,"key":"PreservedInsect"},{"floor":9,"key":"Meat on the Bone"},{"floor":10,"key":"White Beast Statue"},{"floor":13,"key":"Potion Belt"},{"floor":14,"key":"Bottled Flame"},{"floor":18,"key":"Orichalcum"},{"floor":19,"key":"Blue Candle"},{"floor":20,"key":"Smiling Mask"},{"floor":22,"key":"Necronomicon"},{"floor":26,"key":"War Paint"},{"floor":29,"key":"Blood Vial"},{"floor":30,"key":"Pantograph"},{"floor":35,"key":"CeramicFish"},{"floor":36,"key":"Ginger"},{"floor":43,"key":"Centennial Puzzle"},{"floor":44,"key":"Bronze Scales"},{"floor":45,"key":"Juzu Bracelet"},{"floor":46,"key":"Dream Catcher"},{"floor":47,"key":"Bag of Marbles"},{"floor":48,"key":"Akabeko"}],"event_choices":[{"damage_healed":0,"gold_gain":75,"player_choice":"Gather Gold","damage_taken":11,"max_hp_gain":0,"max_hp_loss":0,"event_name":"World of Goop","floor":2,"gold_loss":0},{"damage_healed":0,"gold_gain":0,"player_choice":"Lose Max HP","damage_taken":0,"relics_obtained":["Golden Idol"],"max_hp_gain":0,"max_hp_loss":5,"event_name":"Golden Idol","floor":3,"gold_loss":0},{"damage_healed":0,"gold_gain":0,"player_choice":"Inject Mutagens","damage_taken":0,"relics_obtained":["MutagenicStrength"],"max_hp_gain":0,"max_hp_loss":0,"event_name":"Drug Dealer","floor":21,"gold_loss":0},{"damage_healed":0,"gold_gain":0,"player_choice":"Obtained Book","damage_taken":16,"max_hp_gain":0,"max_hp_loss":0,"event_name":"Cursed Tome","floor":22,"gold_loss":0},{"damage_healed":0,"gold_gain":0,"player_choice":"Became a vampire","damage_taken":0,"max_hp_gain":0,"max_hp_loss":28,"event_name":"Vampires","floor":24,"gold_loss":0,"cards_obtained":["Bite","Bite","Bite","Bite","Bite"]},{"damage_healed":0,"gold_gain":270,"player_choice":"GOLD GOLD GOLD ","damage_taken":27,"max_hp_gain":0,"max_hp_loss":0,"event_name":"Knowing Skull","floor":28,"potions_obtained":[],"gold_loss":0,"cards_obtained":[]},{"damage_healed":0,"gold_gain":0,"player_choice":"Opened","damage_taken":0,"relics_obtained":["Gremlin Horn"],"max_hp_gain":0,"max_hp_loss":0,"event_name":"The Mausoleum","floor":31,"gold_loss":0},{"damage_healed":0,"gold_gain":0,"player_choice":"Fight","damage_taken":0,"max_hp_gain":0,"max_hp_loss":0,"event_name":"MindBloom","floor":36,"gold_loss":0},{"damage_healed":0,"gold_gain":0,"player_choice":"Memory 1","damage_taken":0,"max_hp_gain":0,"max_hp_loss":0,"event_name":"SensoryStone","floor":37,"gold_loss":0},{"damage_healed":0,"gold_gain":333,"player_choice":"Gave Idol","damage_taken":0,"max_hp_gain":0,"max_hp_loss":0,"event_name":"The Moai Head","floor":39,"relics_lost":["Golden Idol"],"gold_loss":0}],"is_beta":false,"boss_relics":[{"not_picked":["SacredBark","Ectoplasm"],"picked":"Empty Cage"},{"not_picked":["Black Star","Velvet Choker"],"picked":"Tiny House"}],"items_purged_floors":[4,38,40,42],"is_endless":false,"potions_floor_spawned":[7,8,13,14,16,18,19,20,29,30,33,35,36,44,45,46,47,48],"ascension_level":0}}