{"host":"f5h077e5av00giy4","time":1610550977,"event":{"mods":["100% Spire Juice","Act Like it!","Aspiration","BaseMod","Colored Powertips","Conspire","Decade(王小明)","Hermit","Hunter 猎人","KinomotoSakuraMod(木之本樱)","Koishi","KomeijiMod","Marisa（F雨　魔理沙）","Marked Mod","Minty Spire (QoL Compilation)","MostiFishMod","Pale of the Ancients","Quick Restart","Reimu（博丽灵梦）","Relic Stats","Remilia（蕾米莉亚）","Replay The Spire","RumiaBox-露米娅的神秘盒子","SOS（斯巴达之子）","Shop Mod","Spicy Shops","StSLib","TestMod","The Blackbeard","The Gatherer","The Mystic","The Poker Player","The Runesmith","The Servant 0.9.4","Yakumo Yukari mod","Youmu（魂魄妖梦）","Yuri Mod","Yuyuko","noobMod","vexMod","【功能Mod】聪明的最终Boss","【遗物卡牌】REMEMod","篝火指南"],"gold_per_floor":[230,249,296,168,219,262,168,214,289,357,169,189,214,254,10,139,139,151,151,66,66,118,185,145,155,155,222,132,9,19,65,6,107,107,171,212,212,212,220,248,315,315,340,340,360,253,268,331,13,16],"floor_reached":51,"language":"ZHS","playtime":5986,"items_purged":[],"score":954,"play_id":"46f19b6a-184c-4198-8c26-c1f130086553","local_time":"20210113231617","is_ascension_mode":true,"campfire_choices":[],"circlet_count":0,"master_deck":["Attack_a","Attack_a","Attack_b","Shoot","Shoot","Provocation","Defend_Dante+1","Defend_Dante+1","Defend_Dante","Defend_Dante","Redorb","Finesse","Splesh","Airtrick","Pandora","Stylechange+1","EbonyIvory","Rebellion","LucifercomboC","Darkslayer","Gilgamesh","Stinger","Royalguard","Swordmaster","BeastUppercut","Weaponchange","Millionkick","Demonreform","Doubleshoot","LucifercomboB","Royaldefend","Dash2","REME_Flogging","Millionstab+1","Chargeshoot+1","testmod-AutoReboundSystem","Trickster+1","Chargeshoot2","Gunslinger","Hightime+1","Honeycombofire+1","Shock+1","Unrisingdragon+1","CommonCold","LucifercomboD","LucifercomboD","Weaponchange+1","Fullhouse+1","MostiFishMod:KingOfFree"],"relics":["SSS","Combocheck","testmod-TestBox","ice","DaveBox","REME_ComplimentaryCards","testmod-InjuryResistance","DianDianMeat","SynthV:TestCard","testmod-Muramasa","MagicDraw1","MerchantsRug","Membership Card","testmod-AssaultLearning","xbg","aspiration:AnachronicSnailShell","REME_HourglassOfDeath","ZunR:ReiMu","Simple Rune","Happy Flower","SynthV","Toolbox","BionicSphere","vexMod:DeviousBotling","aspiration:StickyExplosives","Ring of Fury","Ring of Panic","testmod-Register","CrazyTorch:ReiMu","REME_PuzzleBoxRelic","testmod-TurbochargingSystem","Guide Book"],"acts_visited":["Exordium","TheCity","TheBeyond"],"potions_floor_usage":[],"damage_taken":[{"damage":0.0,"enemies":"Cultist","floor":1.0,"turns":4.0},{"damage":3.0,"enemies":"Jaw Worm","floor":2.0,"turns":3.0},{"damage":1.0,"enemies":"conspire:RoseBush","floor":3.0,"turns":3.0},{"damage":7.0,"enemies":"2 Fungi Beasts","floor":5.0,"turns":4.0},{"damage":21.0,"enemies":"Gremlin Nob","floor":6.0,"turns":5.0},{"damage":1.0,"enemies":"Looter","floor":8.0,"turns":4.0},{"damage":25.0,"enemies":"Lagavulin","floor":10.0,"turns":6.0},{"damage":0.0,"enemies":"Blue Slaver","floor":12.0,"turns":1.0},{"damage":0.0,"enemies":"3 Sentries","floor":13.0,"turns":1.0},{"damage":12.0,"enemies":"Exordium Thugs","floor":14.0,"turns":4.0},{"damage":1.0,"enemies":"Fading Forest","floor":16.0,"turns":11.0},{"damage":0.0,"enemies":"Spheric Guardian","floor":18.0,"turns":2.0},{"damage":5.0,"enemies":"Chosen","floor":22.0,"turns":5.0},{"damage":2.0,"enemies":"Book of Stabbing","floor":23.0,"turns":4.0},{"damage":0.0,"enemies":"3 Cultists","floor":25.0,"turns":2.0},{"damage":12.0,"enemies":"Replay:Snechameleon","floor":27.0,"turns":5.0},{"damage":0.0,"enemies":"Shelled Parasite and Fungi","floor":30.0,"turns":2.0},{"damage":15.0,"enemies":"Gremlin Leader","floor":31.0,"turns":5.0},{"damage":0.0,"enemies":"Collector","floor":33.0,"turns":2.0},{"damage":0.0,"enemies":"3 Darklings","floor":35.0,"turns":3.0},{"damage":0.0,"enemies":"Orb Walker","floor":36.0,"turns":2.0},{"damage":7.0,"enemies":"Jaw Worm Horde","floor":38.0,"turns":2.0},{"damage":0.0,"enemies":"Spire Growth","floor":39.0,"turns":3.0},{"damage":0.0,"enemies":"R_Hoarder","floor":40.0,"turns":4.0},{"damage":7.0,"enemies":"Transient","floor":41.0,"turns":5.0},{"damage":0.0,"enemies":"Sphere and 2 Shapes","floor":45.0,"turns":3.0},{"damage":0.0,"enemies":"Maw","floor":47.0,"turns":2.0},{"damage":0.0,"enemies":"Nemesis","floor":48.0,"turns":3.0},{"damage":0,"enemies":"Replay:Hell Engine","floor":50,"turns":4}],"seed_played":"-7542596632427384055","potions_obtained":[{"floor":3.0,"key":"FairyPotion"},{"floor":12.0,"key":"Regen Potion"},{"floor":13.0,"key":"Milkshake"},{"floor":16.0,"key":"LifebloodPotion"},{"floor":22.0,"key":"Explosive Potion"}],"is_trial":false,"path_per_floor":["M","M","M","$","M","E","R","M","T","E","$","M","E","M","R","B",null,"M","?","?","?","M","E","?","M","T","E","R","$","M","E","R","B",null,"M","M","?","M","M","E","M","?","T","?","M","$","M","E","R","B",null],"character_chosen":"DANTE","items_purchased":["Chameleon Ring","Rebellion","testmod-Muramasa","testmod-BalancedPeriapt","MerchantsRug","Membership Card","testmod-AssaultLearning","Orrery","TheAbacus","REME_Flogging","Simple Rune","Happy Flower","SynthV","Toolbox","BionicSphere","testmod-AutoReboundSystem","testmod-Register","LucifercomboD","REME_PuzzleBoxRelic","testmod-TurbochargingSystem","Guide Book","MostiFishMod:KingOfFree"],"campfire_rested":0,"item_purchase_floors":[4,7,7,11,11,15,15,15,28,28,28,29,29,29,32,32,46,46,49,49,49,49],"current_hp_per_floor":[83,83,86,86,84,69,76,83,83,67,67,77,88,101,159,175,233,251,251,251,251,269,287,287,308,308,324,347,347,371,390,416,443,458,486,515,515,545,576,608,641,641,641,675,710,746,783,821,860,860],"gold":16,"neow_bonus":"HUNDRED_GOLD","is_daily":false,"chose_seed":false,"campfire_upgraded":0,"win_rate":0.0,"timestamp":1610550977,"path_taken":["M","?","?","$","M","E","R","M","T","E","$","M","E","M","R","BOSS","M","?","?","?","M","E","?","M","T","E","R","?","M","E","R","BOSS","M","M","?","M","M","E","M","?","T","?","M","$","M","E","R","BOSS"],"items_purchased_type":["Relic","Card","Relic","Relic","Relic","Relic","Relic","Relic","Relic","Card","Relic","Relic","Relic","Relic","Relic","Card","Relic","Card","Relic","Relic","Relic","Card"],"build_version":"2020-12-22","purchased_purges":0,"victory":true,"max_hp_per_floor":[83,86,90,90,95,101,108,116,116,125,125,135,146,158,216,233,233,251,251,251,251,270,290,290,311,311,333,356,356,380,405,431,458,458,486,515,515,545,576,608,641,641,641,675,710,746,783,821,860,860],"relic_stats":{"Happy Flower":[13],"counters":[29,104],"obtain_stats":[{"CombinedTypeHook":31,"DaveBox":0,"SynthV":29,"ZunR:ReiMu":24,"ice":0,"MagicDraw1":9,"testmod-InjuryResistance":0,"Chameleon Ring":4,"TheAbacus":28,"aspiration:AnachronicSnailShell":20,"Toolbox":29,"vexMod:DeviousBotling":34,"Ring of Panic":44,"DianDianMeat":0,"MerchantsRug":11,"testmod-Muramasa":7,"aspiration:StickyExplosives":40,"testmod-TestBox":0,"Happy Flower":29,"testmod-Register":46,"Guide Book":49,"Oddly Smooth Stone":13,"testmod-TurbochargingSystem":49,"Orichalcum":27,"MawBank":10,"Combocheck":0,"Mercury Hourglass":6,"SSS":0,"SynthV:TestCard":1,"REME_HourglassOfDeath":23,"testmod-AssaultLearning":15,"BionicSphere":32,"Orrery":15,"CrazyTorch:ReiMu":48,"Simple Rune":28,"Ring of Fury":44,"Membership Card":15,"testmod-BalancedPeriapt":11,"xbg":17,"REME_PuzzleBoxRelic":49,"REME_ComplimentaryCards":0,"Meat on the Bone":26},{"CombinedTypeHook":18,"DaveBox":0,"SynthV":16,"ZunR:ReiMu":14,"ice":0,"MagicDraw1":6,"testmod-InjuryResistance":0,"Chameleon Ring":3,"TheAbacus":16,"aspiration:AnachronicSnailShell":12,"Toolbox":16,"vexMod:DeviousBotling":19,"Ring of Panic":25,"DianDianMeat":0,"MerchantsRug":7,"testmod-Muramasa":5,"aspiration:StickyExplosives":24,"testmod-TestBox":0,"Happy Flower":16,"testmod-Register":26,"Guide Book":28,"Oddly Smooth Stone":9,"testmod-TurbochargingSystem":28,"Orichalcum":16,"MawBank":7,"Combocheck":0,"Mercury Hourglass":5,"SSS":0,"SynthV:TestCard":1,"REME_HourglassOfDeath":14,"testmod-AssaultLearning":10,"BionicSphere":18,"Orrery":10,"CrazyTorch:ReiMu":28,"Simple Rune":16,"Ring of Fury":25,"Membership Card":10,"testmod-BalancedPeriapt":7,"xbg":11,"REME_PuzzleBoxRelic":28,"REME_ComplimentaryCards":0,"Meat on the Bone":15},{"CombinedTypeHook":71,"DaveBox":0,"SynthV":64,"ZunR:ReiMu":57,"ice":0,"MagicDraw1":23,"testmod-InjuryResistance":0,"Chameleon Ring":10,"TheAbacus":64,"aspiration:AnachronicSnailShell":48,"Toolbox":64,"vexMod:DeviousBotling":73,"Ring of Panic":92,"DianDianMeat":0,"MerchantsRug":29,"testmod-Muramasa":19,"aspiration:StickyExplosives":87,"testmod-TestBox":0,"Happy Flower":64,"testmod-Register":95,"Guide Book":100,"Oddly Smooth Stone":31,"testmod-TurbochargingSystem":100,"Orichalcum":64,"MawBank":29,"Combocheck":0,"Mercury Hourglass":19,"SSS":0,"SynthV:TestCard":4,"REME_HourglassOfDeath":57,"testmod-AssaultLearning":35,"BionicSphere":71,"Orrery":35,"CrazyTorch:ReiMu":100,"Simple Rune":64,"Ring of Fury":92,"Membership Card":35,"testmod-BalancedPeriapt":29,"xbg":46,"REME_PuzzleBoxRelic":100,"REME_ComplimentaryCards":0,"Meat on the Bone":59}]},"card_choices":[{"not_picked":["Whiteorb","Hightime"],"picked":"Splesh","floor":1.0},{"not_picked":["EbonyIvory","Straight","Doubleshoot","Royaldefend"],"picked":"Airtrick","floor":2.0},{"not_picked":["Chargeshoot","Millionkick","Greenorb","LucifercomboC"],"picked":"Pandora","floor":3.0},{"not_picked":["Doubleshoot","Greenorb","Weaponupgrade","Whiteorb"],"picked":"Stylechange","floor":5.0},{"not_picked":["Airhike","Honeycombofire","Shock","Gilgamesh"],"picked":"EbonyIvory","floor":6.0},{"not_picked":["Dash2","Weaponchange","EbonyIvory","CoyoteA"],"picked":"LucifercomboC","floor":8.0},{"not_picked":["Greenorb","Dash2","VitalstarS","Weaponchange"],"picked":"Darkslayer","floor":10.0},{"not_picked":["Millionkick","Whiteorb","Fullhouse","Lucifer"],"picked":"Gilgamesh","floor":12.0},{"not_picked":["Straight","Millionstab","LucifercomboA","Gunslinger"],"picked":"Stinger","floor":13.0},{"not_picked":["Weaponupgrade","SSScard","Dash1","Chargeshoot"],"picked":"Royalguard","floor":14.0},{"not_picked":["Doubleshoot","Honeycombofire","Dash1","Kick13"],"picked":"Swordmaster","floor":15.0},{"not_picked":["Honeycombofire","DT","Chargeshoot","DevilstarS"],"picked":"BeastUppercut","floor":15.0},{"not_picked":["LucifercomboA","Gunslinger","Holywater","Fullhouse"],"picked":"Weaponchange","floor":15.0},{"not_picked":["Weaponupgrade","Chargeshoot","Honeycombofire","DT"],"picked":"Millionkick","floor":15.0},{"not_picked":["Airtrick","Trickster","Stylechange","Enemystep"],"picked":"Demonreform","floor":16.0},{"not_picked":["Shock+1","Pandora","Swordmaster","LucifercomboA+1"],"picked":"Doubleshoot","floor":18.0},{"not_picked":["Honeycombofire","Shock","Rebellion","Ecstasy"],"picked":"LucifercomboB","floor":22.0},{"not_picked":["Swordmaster","LucifercomboC","VitalstarS","Doubleshoot"],"picked":"Royaldefend","floor":23.0},{"not_picked":["LucifercomboC","Fullhouse","BeastUppercut","Doubleshoot+1"],"picked":"Dash2","floor":25.0},{"not_picked":["Weaponupgrade","Kick13","Chargeshoot","Stylechange"],"picked":"CoyoteA","floor":27.0},{"not_picked":["Stinger+1","Doubleshoot","Weaponupgrade+1","Holywater"],"picked":"Millionstab+1","floor":30.0},{"not_picked":["DevilstarS","LucifercomboD","Rebellion","LucifercomboA"],"picked":"Chargeshoot+1","floor":31.0},{"not_picked":["Goldorb","Airtrick","Purpleorb","Enemystep"],"picked":"Trickster","floor":33.0},{"not_picked":["Gunstinger","DevilstarS+1","Weaponchange+1","LucifercomboB+1"],"picked":"Chargeshoot2","floor":35.0},{"not_picked":["Airhike+1","EbonyIvory","VitalstarM+1","Chargeshoot+1"],"picked":"Gunslinger","floor":36.0},{"not_picked":["Swordmaster","Millionkick","Pandora+1","Holywater+1"],"picked":"Hightime+1","floor":38.0},{"not_picked":["Gunstinger+1","Greenorb+1","Dash2+1","Pandora"],"picked":"Honeycombofire+1","floor":39.0},{"not_picked":["Royaldefend","DevilstarS+1","LucifercomboD+1","Holywater"],"picked":"Shock+1","floor":40.0},{"not_picked":["Splesh","BeastUppercut+1","Shock+1","DevilstarL"],"picked":"Unrisingdragon+1","floor":41.0},{"not_picked":["Ecstasy","Doubleshoot+1","Honeycombofire","Pandora"],"picked":"LucifercomboD","floor":45.0},{"not_picked":["Dash2+1","Fullhouse","Millionstab+1","Gilgamesh"],"picked":"Weaponchange+1","floor":47.0},{"not_picked":["Holywater+1","LucifercomboD","Airhike","Royalguard"],"picked":"Fullhouse+1","floor":48.0}],"player_experience":279348,"relics_obtained":[{"floor":1.0,"key":"SynthV:TestCard"},{"floor":6.0,"key":"Mercury Hourglass"},{"floor":9.0,"key":"MagicDraw1"},{"floor":10.0,"key":"MawBank"},{"floor":13.0,"key":"Oddly Smooth Stone"},{"floor":23.0,"key":"REME_HourglassOfDeath"},{"floor":26.0,"key":"Meat on the Bone"},{"floor":27.0,"key":"Orichalcum"},{"floor":31.0,"key":"CombinedTypeHook"},{"floor":40.0,"key":"aspiration:StickyExplosives"},{"floor":44.0,"key":"Ring of Fury"},{"floor":44.0,"key":"Ring of Panic"},{"floor":48.0,"key":"CrazyTorch:ReiMu"}],"event_choices":[{"damage_healed":0.0,"max_hp_gain":0.0,"max_hp_loss":0.0,"gold_gain":0.0,"event_name":"Addict","player_choice":"Obtained Relic","floor":20.0,"gold_loss":85.0,"damage_taken":0.0,"relics_obtained":["aspiration:AnachronicSnailShell"]},{"damage_healed":0.0,"max_hp_gain":0.0,"max_hp_loss":0.0,"gold_gain":0.0,"event_name":"给自己的盒子","player_choice":"Ignored","floor":21.0,"gold_loss":0.0,"damage_taken":0.0},{"damage_healed":0.0,"max_hp_gain":0.0,"max_hp_loss":0.0,"gold_gain":0.0,"event_name":"ZunEvent","player_choice":"购买神酒","floor":24.0,"gold_loss":40.0,"damage_taken":0.0,"relics_obtained":["ZunR:ReiMu"]},{"damage_healed":0.0,"max_hp_gain":0.0,"max_hp_loss":0.0,"gold_gain":0.0,"event_name":"Tomb of Lord Red Mask","player_choice":"Ignored","floor":37.0,"gold_loss":0.0,"damage_taken":0.0},{"cards_removed":["CoyoteA"],"damage_healed":0.0,"max_hp_gain":0.0,"max_hp_loss":0.0,"gold_gain":0.0,"event_name":"Falling","player_choice":"Removed Power","floor":42.0,"gold_loss":0.0,"damage_taken":0.0}],"is_beta":false,"boss_relics":[{"not_picked":["Kintsugi","vexMod:MegatonBomb"],"picked":"xbg"},{"not_picked":["TimeKeys","Pandora\u0027s Box"],"picked":"vexMod:DeviousBotling"}],"items_purged_floors":[],"is_endless":false,"potions_floor_spawned":[3,12,13,16,22,25,30,33,35,38,39,45,47],"ascension_level":1}}