{"host":"ttzdpsscxkem3xrs","time":1610578768,"event":{"mods":["BaseMod","Colored Map","Downfall","Minty Spire (QoL Compilation)","Replay The Spire","StSLib","The Cursed","The Hierophant"],"gold_per_floor":[99,112,125,140,42,42,42,42,62,93,111,36,51,113,132,230,230,155,174,184,184,261,291,291,291,317,336,349,361,361,392,404,404,404,404],"floor_reached":33,"language":"ENG","playtime":3492,"items_purged":[],"score":358,"play_id":"2a2d1419-c377-41e9-adb5-1f9ac072e97a","local_time":"20210113145928","is_ascension_mode":true,"campfire_choices":[{"data":"Slimebound:Split","floor":1,"key":"SMITH"},{"floor":6,"key":"RECALL"},{"data":"Slimebound:LevelUp","floor":8,"key":"SMITH"},{"data":"Slimebound:PrepareCrush","floor":12,"key":"SMITH"},{"data":"Slimebound:Equalize","floor":25,"key":"SMITH"}],"circlet_count":0,"master_deck":["Slimebound:Strike_Slimebound","Slimebound:Strike_Slimebound","Slimebound:Tackle","Slimebound:Defend_Slimebound","Slimebound:Defend_Slimebound","Slimebound:Split+1","Slimebound:CorrosiveSpit","Slimebound:SplitMire","Slimebound:FinishingTackle","Slimebound:LevelUp+1","Slimebound:SplitBruiser","Slimebound:SplitMire","Slimebound:SplitLeeching","Slimebound:PrepareCrush+1","Slimebound:ProtectTheBoss","Slimebound:RollThrough","Slimebound:Equalize+1","Slimebound:Overexert","Slimebound:RejuvenatingLick","Slimebound:FormOfPuddle","Slimebound:MegaLick","Slimebound:SplitMire","Slimebound:DuplicatedForm","Slimebound:MegaLick","Slimebound:LevelUp+1","Slimebound:MassFeed","Slimebound:Replication"],"relics":["Slimebound:AbsorbEndCombat","Pet Ghost","Replay:Wax Seal","Lantern","Happy Flower","downfall:HeartBlessingRed","Simple Rune","Empty Cage","downfall:HeartBlessingGreen","Quantum Egg","Smiling Mask","Sundial","Blue Doll","Bottled Lightning"],"acts_visited":["Exordium","TheCity"],"potions_floor_usage":[11,16,16,19,28,28,33],"damage_taken":[{"damage":11,"enemies":"Cultist","floor":2,"turns":3},{"damage":22,"enemies":"Small Slimes","floor":3,"turns":3},{"damage":20,"enemies":"Jaw Worm","floor":4,"turns":2},{"damage":28,"enemies":"downfall:FleeingMerchant","floor":5,"turns":4},{"damage":15,"enemies":"2 Fungi Beasts","floor":9,"turns":2},{"damage":51,"enemies":"3 Sentries","floor":10,"turns":6},{"damage":21,"enemies":"Lots of Slimes","floor":11,"turns":3},{"damage":27,"enemies":"Large Slime","floor":13,"turns":3},{"damage":26,"enemies":"Lagavulin Event","floor":14,"turns":4},{"damage":19,"enemies":"3 Louse","floor":15,"turns":3},{"damage":45,"enemies":"downfall:Ironclad","floor":16,"turns":5},{"damage":30,"enemies":"3 Byrds","floor":19,"turns":3},{"damage":42,"enemies":"Centurion and Healer","floor":20,"turns":5},{"damage":40,"enemies":"Gremlin Leader","floor":23,"turns":5},{"damage":46,"enemies":"Replay:Snechameleon","floor":26,"turns":4},{"damage":15,"enemies":"Snake Plant","floor":27,"turns":2},{"damage":47,"enemies":"Shelled Parasite and Fungi","floor":28,"turns":5},{"damage":18,"enemies":"Sentry and Sphere","floor":29,"turns":3},{"damage":46,"enemies":"Slavers","floor":31,"turns":5},{"damage":12,"enemies":"Snake Plant","floor":32,"turns":2},{"damage":79,"enemies":"downfall:Silent","floor":33,"turns":6}],"seed_played":"-1378661968453781910","potions_obtained":[{"floor":4,"key":"SteroidPotion"},{"floor":10,"key":"Fire Potion"},{"floor":11,"key":"Adrenaline Potion"},{"floor":13,"key":"Toxic Potion"},{"floor":16,"key":"Slimebound:SlimyTonguePotion"},{"floor":20,"key":"BlessingOfTheForge"},{"floor":23,"key":"SkillPotion"},{"floor":26,"key":"Flashbang"}],"is_trial":false,"path_per_floor":["R","M","M","M","$","R","T","R","M","E","M","R","M","?","M","B",null,"R_BF","M","M","?","T","E","T","R","E","M","M","M","?","E","M","B"],"character_chosen":"SLIMEBOUND","items_purchased":["Replay:Wax Seal"],"campfire_rested":0,"item_purchase_floors":[5],"current_hp_per_floor":[60,60,54,54,54,54,54,54,59,44,51,51,48,46,39,38,60,60,50,46,46,46,52,52,52,32,33,24,34,34,34,51,0,0,0],"gold":404,"neow_bonus":"RANDOM_COMMON_RELIC","is_daily":false,"chose_seed":false,"campfire_upgraded":4,"win_rate":0.0,"timestamp":1610578768,"path_taken":["R","M","M","M","$","R","T","R","M","E","M","R","?","?","M","BOSS","R_BF","M","M","?","?","E","T","R","E","M","M","M","?","E","M","BOSS"],"items_purchased_type":["Relic"],"build_version":"2020-12-22","purchased_purges":0,"victory":false,"max_hp_per_floor":[60,60,60,60,60,60,60,60,60,60,60,60,60,60,60,60,60,60,60,60,60,60,60,60,60,60,60,60,60,60,60,63,63,63,63],"card_choices":[{"not_picked":["Slimebound:GrowthPunch","Slimebound:Schlurp"],"picked":"Slimebound:SplitMire","floor":2},{"not_picked":["Slimebound:SpikyOuterGoop","Slimebound:Nibble"],"picked":"Slimebound:FinishingTackle","floor":3},{"not_picked":["Slimebound:Grow","Slimebound:FinishingTackle"],"picked":"Slimebound:LevelUp","floor":4},{"not_picked":["Slimebound:GrowthPunch","Slimebound:TongueLash"],"picked":"Slimebound:SplitBruiser","floor":5},{"not_picked":["Slimebound:FinishingTackle","Slimebound:ComboTackle"],"picked":"Slimebound:SplitMire","floor":9},{"not_picked":["Slimebound:GoopTackle","Slimebound:SplitAcid"],"picked":"Slimebound:SplitLeeching","floor":10},{"not_picked":["Slimebound:SplitAcid","Slimebound:SplitLeeching"],"picked":"Slimebound:PrepareCrush","floor":11},{"not_picked":["Slimebound:SlimeBrawl","Slimebound:ServeAndProtect"],"picked":"Slimebound:ProtectTheBoss","floor":13},{"not_picked":["Slimebound:SamplingLick","Slimebound:LeechEnergy"],"picked":"Slimebound:RollThrough","floor":14},{"not_picked":["Slimebound:LeechingTouch","Slimebound:SlimeSpikes"],"picked":"Slimebound:Equalize","floor":15},{"not_picked":["Slimebound:DouseInSlime","Slimebound:Recycling"],"picked":"Slimebound:Overexert","floor":16},{"not_picked":["Slimebound:SplitMire","Slimebound:FirmFortitude"],"picked":"Slimebound:FormOfPuddle","floor":19},{"not_picked":["Slimebound:DivideAndConquer","Slimebound:RollThrough"],"picked":"Slimebound:MegaLick","floor":20},{"not_picked":["Slimebound:SamplingLick","Slimebound:GrowthPunch","Slimebound:ViciousTackle"],"picked":"SKIP","floor":23},{"not_picked":["Slimebound:SplitBruiser","Slimebound:DisruptingSlam"],"picked":"Slimebound:SplitMire","floor":26},{"not_picked":["Slimebound:ComboTackle","Slimebound:SamplingLick","Slimebound:TongueLash"],"picked":"SKIP","floor":27},{"not_picked":["Slimebound:SlimeSpikes+1","Slimebound:LeechingTouch"],"picked":"Slimebound:DuplicatedForm","floor":28},{"not_picked":["Slimebound:ComboTackle","Slimebound:PressTheAttack"],"picked":"Slimebound:MegaLick","floor":29},{"not_picked":["Slimebound:SlimeBarrage","Slimebound:SplitAcid"],"picked":"Slimebound:MassFeed","floor":31},{"not_picked":["Slimebound:LivingWall","Slimebound:Schlurp"],"picked":"Slimebound:Replication","floor":32}],"player_experience":1354106,"relics_obtained":[{"floor":7,"key":"Lantern"},{"floor":10,"key":"Happy Flower"},{"floor":14,"key":"Simple Rune"},{"floor":22,"key":"Quantum Egg"},{"floor":23,"key":"Smiling Mask"},{"floor":24,"key":"Sundial"},{"floor":26,"key":"Blue Doll"},{"floor":31,"key":"Bottled Lightning"}],"event_choices":[{"damage_healed":0,"gold_gain":0,"player_choice":"Copied","damage_taken":0,"max_hp_gain":0,"max_hp_loss":0,"event_name":"Duplicator","floor":30,"gold_loss":0,"cards_obtained":["Slimebound:LevelUp"]}],"is_beta":false,"boss_relics":[{"not_picked":["Replay:Wanted Poster","downfall:Hecktoplasm"],"picked":"Empty Cage"}],"items_purged_floors":[],"is_endless":false,"potions_floor_spawned":[4,10,11,13,15,16,20,23,26],"killed_by":"downfall:Silent","ascension_level":3}}