{"host":"mai03x2ekbjy4059","time":1610575399,"event":{"mods":["2.2 Compatiblity","BaseMod","DeckTracker","Highlight Path","Keyboard Shortcuts","Minty Spire (QoL Compilation)","Permanent Neow","Quick Restart","SuperFastMode","everything is the same but u backflip on backflip"],"gold_per_floor":[20,34,34,34,48,48,83,97,121,145,145,145],"floor_reached":11,"language":"KOR","playtime":39559,"items_purged":[],"score":139,"play_id":"c8349823-1e7f-43fe-a916-733f9c3bacfc","local_time":"20210114070319","is_ascension_mode":true,"campfire_choices":[{"data":"Eruption","floor":6.0,"key":"SMITH"}],"circlet_count":0,"master_deck":["AscendersBane","Strike_P","Strike_P","Strike_P","Strike_P","Defend_P","Defend_P","Defend_P","Defend_P","Eruption+1","Vigilance","Devotion","Adaptation","FlurryOfBlows"],"relics":["PureWater","Golden Idol","Blood Vial","MealTicket"],"acts_visited":["Exordium"],"potions_floor_usage":[],"damage_taken":[{"damage":0.0,"enemies":"Cultist","floor":1.0,"turns":2.0},{"damage":0.0,"enemies":"2 Louse","floor":2.0,"turns":2.0},{"damage":9.0,"enemies":"Small Slimes","floor":5.0,"turns":4.0},{"damage":17.0,"enemies":"Lagavulin","floor":7.0,"turns":7.0},{"damage":1.0,"enemies":"Exordium Wildlife","floor":8.0,"turns":3.0},{"damage":7.0,"enemies":"Looter","floor":10.0,"turns":3.0},{"damage":0,"enemies":"3 Sentries","floor":11,"turns":1}],"seed_played":"-2941304810651021666","potions_obtained":[{"floor":7.0,"key":"AttackPotion"}],"is_trial":false,"path_per_floor":["M","M","?","$","M","R","E","M","T","M","E"],"character_chosen":"WATCHER","items_purchased":[],"campfire_rested":0,"item_purchase_floors":[],"current_hp_per_floor":[61,61,61,61,52,52,35,36,36,31,33,33],"gold":145,"neow_bonus":"THREE_RARE_CARDS","is_daily":false,"chose_seed":false,"campfire_upgraded":1,"win_rate":0.0,"timestamp":1610575399,"path_taken":["M","M","?","$","M","R","E","M","T","M","E"],"items_purchased_type":[],"build_version":"2020-12-22","purchased_purges":0,"victory":false,"max_hp_per_floor":[68,68,62,62,62,62,62,62,62,62,62,62],"card_choices":[{"not_picked":["Omniscience","Scrawl"],"picked":"Devotion","floor":0.0},{"not_picked":["ThirdEye","EmptyFist","FollowUp"],"picked":"SKIP","floor":1.0},{"not_picked":["CrushJoints","PathToVictory"],"picked":"Adaptation","floor":2.0},{"not_picked":["ReachHeaven","PathToVictory","Crescendo"],"picked":"SKIP","floor":5.0},{"not_picked":["EmptyFist","DevaForm"],"picked":"FlurryOfBlows","floor":7.0},{"not_picked":["JustLucky","ThirdEye","Perseverance"],"picked":"SKIP","floor":8.0},{"not_picked":["Consecrate","ClearTheMind","FollowUp"],"picked":"SKIP","floor":10.0}],"player_experience":1088807,"relics_obtained":[{"floor":7.0,"key":"Blood Vial"},{"floor":9.0,"key":"MealTicket"}],"event_choices":[{"damage_healed":0.0,"max_hp_gain":0.0,"max_hp_loss":6.0,"gold_gain":0.0,"event_name":"Golden Idol","player_choice":"Lose Max HP","floor":3.0,"gold_loss":0.0,"damage_taken":0.0,"relics_obtained":["Golden Idol"]}],"is_beta":false,"boss_relics":[],"items_purged_floors":[],"is_endless":false,"potions_floor_spawned":[7],"killed_by":"3 Sentries","ascension_level":17}}