{"host":"52lujqhsyicpcskq","time":1610529445,"event":{"mods":["BaseMod","Colored Map","DeckTracker","Minty Spire (QoL Compilation)","Permanent Neow","StSLib","SuperFastMode","everything is the same but u backflip on backflip"],"gold_per_floor":[14,34,53,53,64,64,90,90,135,149,149,177,177,188,188,285,285,299,299,311,3,102,133,133,133],"floor_reached":24,"language":"KOR","playtime":1457,"items_purged":["Strike_R"],"score":328,"play_id":"3b4b8ab1-02cb-4449-9cb2-840b833578b6","local_time":"20210113181725","is_ascension_mode":true,"campfire_choices":[{"data":"Wild Strike","floor":6,"key":"SMITH"},{"floor":11,"key":"REST"},{"data":"Second Wind","floor":13,"key":"SMITH"},{"data":"Wild Strike","floor":15,"key":"SMITH"}],"circlet_count":0,"master_deck":["Strike_R","Strike_R+1","Strike_R+1","Strike_R","Defend_R","Defend_R","Defend_R","Defend_R","Bash+1","Wild Strike+1","Second Wind+1","Headbutt+1","Wild Strike+1","Hemokinesis","Flex","Feed","Fiend Fire","Clash+1","Inflame","Fire Breathing","Dual Wield+1"],"relics":["Burning Blood","Pocketwatch","Self Forming Clay","Orichalcum","Whetstone","Velvet Choker","Vajra","Toxic Egg 2"],"acts_visited":["Exordium","TheCity"],"potions_floor_usage":[12],"damage_taken":[{"damage":3,"enemies":"Jaw Worm","floor":1,"turns":5},{"damage":1,"enemies":"2 Louse","floor":2,"turns":2},{"damage":11,"enemies":"Small Slimes","floor":3,"turns":4},{"damage":11,"enemies":"Exordium Wildlife","floor":5,"turns":4},{"damage":25,"enemies":"3 Sentries","floor":7,"turns":8},{"damage":6,"enemies":"Looter","floor":10,"turns":3},{"damage":10,"enemies":"Gremlin Nob","floor":12,"turns":4},{"damage":10,"enemies":"3 Louse","floor":14,"turns":2},{"damage":44,"enemies":"The Guardian","floor":16,"turns":10},{"damage":19,"enemies":"3 Byrds","floor":18,"turns":5},{"damage":9,"enemies":"Chosen","floor":20,"turns":3},{"damage":42,"enemies":"Book of Stabbing","floor":23,"turns":5},{"damage":0,"enemies":"Snake Plant","floor":24,"turns":1}],"seed_played":"-1125566857848456983","potions_obtained":[{"floor":2,"key":"EssenceOfSteel"},{"floor":7,"key":"LiquidMemories"},{"floor":10,"key":"Dexterity Potion"},{"floor":12,"key":"FearPotion"}],"is_trial":false,"path_per_floor":["M","M","M","?","M","R","E","?","T","M","R","E","R","M","R","B",null,"M","?","M","$","?","E","M"],"character_chosen":"IRONCLAD","items_purchased":["Vajra","Fire Breathing"],"campfire_rested":1,"item_purchase_floors":[21,21],"current_hp_per_floor":[75,80,75,59,54,54,35,35,35,35,59,55,55,51,51,13,63,53,53,50,50,50,14,14,14],"gold":133,"neow_bonus":"ONE_RARE_RELIC","is_daily":false,"chose_seed":false,"campfire_upgraded":3,"win_rate":0.0,"timestamp":1610529445,"path_taken":["M","M","M","?","M","R","E","?","T","M","R","E","R","M","R","BOSS","M","?","M","$","?","E","M"],"items_purchased_type":["Relic","Card"],"build_version":"2020-12-22","purchased_purges":1,"victory":false,"max_hp_per_floor":[80,80,80,80,80,80,80,80,80,80,80,80,80,80,80,80,80,83,83,83,83,83,83,83,83],"card_choices":[{"not_picked":["Flex","True Grit"],"picked":"Wild Strike","floor":1},{"not_picked":["Warcry","Flame Barrier"],"picked":"Second Wind","floor":2},{"not_picked":["Sword Boomerang","Wild Strike"],"picked":"Headbutt","floor":3},{"not_picked":["Second Wind","Searing Blow"],"picked":"Wild Strike","floor":5},{"not_picked":["Berserk","Burning Pact"],"picked":"Hemokinesis","floor":7},{"not_picked":["Heavy Blade","Thunderclap","Warcry"],"picked":"SKIP","floor":10},{"not_picked":["Twin Strike","Searing Blow"],"picked":"Flex","floor":12},{"not_picked":["Headbutt","Pommel Strike"],"picked":"Feed","floor":14},{"not_picked":["Juggernaut","Berserk"],"picked":"Fiend Fire","floor":16},{"not_picked":["Perfected Strike","Twin Strike"],"picked":"Clash+1","floor":18},{"not_picked":["Wild Strike","Warcry"],"picked":"Inflame","floor":20},{"not_picked":["Uppercut","Thunderclap"],"picked":"Dual Wield+1","floor":23}],"player_experience":675122,"relics_obtained":[{"floor":7,"key":"Self Forming Clay"},{"floor":9,"key":"Orichalcum"},{"floor":12,"key":"Whetstone"},{"floor":23,"key":"Toxic Egg 2"}],"event_choices":[{"damage_healed":0,"gold_gain":0,"player_choice":"Entered Light","damage_taken":16,"max_hp_gain":0,"max_hp_loss":0,"event_name":"Shining Light","floor":4,"gold_loss":0,"cards_upgraded":["Bash","Headbutt"]},{"damage_healed":0,"gold_gain":0,"player_choice":"Ignored","damage_taken":0,"max_hp_gain":0,"max_hp_loss":0,"event_name":"Liars Game","floor":8,"gold_loss":0},{"damage_healed":0,"gold_gain":0,"player_choice":"Ignored","damage_taken":0,"max_hp_gain":0,"max_hp_loss":0,"event_name":"Cursed Tome","floor":19,"gold_loss":0},{"damage_healed":0,"gold_gain":99,"player_choice":"Stole From Cult","damage_taken":0,"max_hp_gain":0,"max_hp_loss":0,"event_name":"Nest","floor":22,"gold_loss":0}],"is_beta":false,"boss_relics":[{"not_picked":["Coffee Dripper","SlaversCollar"],"picked":"Velvet Choker"}],"items_purged_floors":[21],"is_endless":false,"potions_floor_spawned":[2,7,10,12,14],"killed_by":"Snake Plant","ascension_level":9}}