{"host":"2se5dq1do2gp0x9k","time":1610517685,"event":{"mods":["AchievementEnabler","BaseMod","Block Reminder","Colored Map","Colored Powertips","Minty Spire (QoL Compilation)","Relic Stats","StSLib","SuperFastMode"],"gold_per_floor":[114,134,146,146,163,163,190,204,204,204,55,55,90,108,108,182,182,201,116,116,116,23,56,56,56,56],"floor_reached":25,"language":"ENG","playtime":843,"items_purged":["Defend_P"],"score":650,"play_id":"d87a40bc-c1d3-4bd4-a268-ff81b1414600","local_time":"20210112220125","is_ascension_mode":true,"campfire_choices":[{"data":"WheelKick","floor":6,"key":"SMITH"},{"data":"FlyingSleeves","floor":12,"key":"SMITH"},{"data":"Wallop","floor":15,"key":"SMITH"},{"data":"Ragnarok","floor":24,"key":"SMITH"}],"circlet_count":0,"master_deck":["AscendersBane","Defend_P","Defend_P","Eruption","Vigilance","BowlingBash","ReachHeaven","CutThroughFate","WheelKick+1","TalkToTheHand","FlyingSleeves","Swivel","Panacea","FlyingSleeves+1","DeceiveReality","Wallop+1","Ragnarok+1","JustLucky+1","MasterReality+1","Vengeance+1","Bite","Bite","Bite","Bite","Bite","TalkToTheHand","Evaluate"],"relics":["Coffee Dripper","Pen Nib","StrikeDummy","Smiling Mask","Astrolabe","Ornamental Fan","Akabeko"],"acts_visited":["Exordium","TheCity"],"potions_floor_usage":[13,23,25],"damage_taken":[{"damage":0,"enemies":"2 Louse","floor":1,"turns":3},{"damage":0,"enemies":"Cultist","floor":2,"turns":4},{"damage":7,"enemies":"Small Slimes","floor":3,"turns":5},{"damage":7,"enemies":"Exordium Thugs","floor":5,"turns":3},{"damage":16,"enemies":"Gremlin Nob","floor":7,"turns":3},{"damage":6,"enemies":"3 Louse","floor":8,"turns":4},{"damage":0,"enemies":"Lagavulin","floor":13,"turns":5},{"damage":3,"enemies":"Looter","floor":14,"turns":3},{"damage":0,"enemies":"Hexaghost","floor":16,"turns":7},{"damage":13,"enemies":"3 Byrds","floor":18,"turns":5},{"damage":0,"enemies":"Gremlin Leader","floor":23,"turns":3},{"damage":42,"enemies":"Slavers","floor":25,"turns":2}],"seed_played":"-8472653108061024041","potions_obtained":[{"floor":1,"key":"SkillPotion"},{"floor":2,"key":"Ancient Potion"},{"floor":7,"key":"DistilledChaos"},{"floor":13,"key":"Weak Potion"},{"floor":14,"key":"ColorlessPotion"},{"floor":16,"key":"Strength Potion"}],"is_trial":false,"path_per_floor":["M","M","M","?","M","R","E","M","T","?","$","R","E","M","R","B",null,"M","?","?","?","$","E","R","E"],"character_chosen":"WATCHER","items_purchased":["Panacea","FlyingSleeves","TalkToTheHand"],"campfire_rested":0,"item_purchase_floors":[11,11,22],"current_hp_per_floor":[61,61,54,54,47,47,31,25,25,25,25,25,25,22,22,22,57,44,44,25,25,25,29,29,0,0],"gold":56,"neow_bonus":"BOSS_RELIC","is_daily":false,"chose_seed":false,"campfire_upgraded":4,"win_rate":0.0,"timestamp":1610517685,"path_taken":["M","M","M","?","M","R","E","?","T","?","$","R","E","M","R","BOSS","M","?","?","?","$","E","R","E"],"items_purchased_type":["Card","Card","Card"],"build_version":"2020-12-22","purchased_purges":1,"victory":false,"max_hp_per_floor":[68,68,68,68,68,68,68,68,68,68,68,68,68,68,68,68,68,68,68,73,51,51,51,51,51,51],"relic_stats":{"counters":[12,47],"Ornamental Fan":[16],"Astrolabe":["JustLucky","MasterReality","Vengeance"],"Pen Nib":[6],"Smiling Mask":25,"obtain_stats":[{"Ornamental Fan":19,"Astrolabe":17,"Pen Nib":7,"Coffee Dripper":0,"PureWater":0,"StrikeDummy":9,"Smiling Mask":13,"Akabeko":23},{"Ornamental Fan":10,"Astrolabe":9,"Pen Nib":5,"Coffee Dripper":0,"PureWater":0,"StrikeDummy":6,"Smiling Mask":7,"Akabeko":11},{"Ornamental Fan":42,"Astrolabe":37,"Pen Nib":18,"Coffee Dripper":0,"PureWater":0,"StrikeDummy":22,"Smiling Mask":27,"Akabeko":45}]},"card_choices":[{"not_picked":["Fasting2","SashWhip"],"picked":"BowlingBash","floor":1},{"not_picked":["SashWhip","WreathOfFlame"],"picked":"ReachHeaven","floor":2},{"not_picked":["Consecrate","Crescendo"],"picked":"CutThroughFate","floor":3},{"not_picked":["MasterReality","Indignation"],"picked":"WheelKick","floor":5},{"not_picked":["CarveReality","WindmillStrike"],"picked":"TalkToTheHand","floor":7},{"not_picked":["Evaluate","Adaptation"],"picked":"FlyingSleeves","floor":8},{"not_picked":["PathToVictory","CrushJoints"],"picked":"DeceiveReality","floor":13},{"not_picked":["Prostrate","BowlingBash"],"picked":"Wallop","floor":14},{"not_picked":["Blasphemy","Devotion"],"picked":"Ragnarok","floor":16},{"not_picked":["PathToVictory","Indignation","CutThroughFate"],"picked":"SKIP","floor":18},{"not_picked":["SandsOfTime+1","Prostrate"],"picked":"Evaluate","floor":23}],"player_experience":3854642,"relics_obtained":[{"floor":7,"key":"Pen Nib"},{"floor":9,"key":"StrikeDummy"},{"floor":13,"key":"Smiling Mask"},{"floor":23,"key":"Akabeko"}],"event_choices":[{"cards_removed":["Strike_P"],"damage_healed":0,"gold_gain":0,"player_choice":"Offered Basic","damage_taken":0,"max_hp_gain":0,"max_hp_loss":0,"event_name":"Bonfire Elementals","floor":4,"gold_loss":0},{"damage_healed":0,"gold_gain":0,"cards_transformed":["Strike_P"],"player_choice":"Transformed","damage_taken":0,"max_hp_gain":0,"max_hp_loss":0,"event_name":"Transmorgrifier","floor":10,"gold_loss":0,"cards_obtained":["Swivel"]},{"damage_healed":0,"gold_gain":0,"player_choice":"Obtained Relic","damage_taken":0,"relics_obtained":["Ornamental Fan"],"max_hp_gain":0,"max_hp_loss":0,"event_name":"Addict","floor":19,"gold_loss":85},{"damage_healed":0,"gold_gain":0,"player_choice":"Shed Blood","damage_taken":24,"max_hp_gain":5,"max_hp_loss":0,"event_name":"Forgotten Altar","floor":20,"gold_loss":0},{"damage_healed":0,"gold_gain":0,"player_choice":"Became a vampire","damage_taken":0,"max_hp_gain":0,"max_hp_loss":22,"event_name":"Vampires","floor":21,"gold_loss":0,"cards_obtained":["Bite","Bite","Bite","Bite","Bite"]}],"is_beta":false,"boss_relics":[{"not_picked":["Busted Crown","Fusion Hammer"],"picked":"Astrolabe"}],"items_purged_floors":[22],"is_endless":false,"potions_floor_spawned":[1,2,7,13,14,16],"killed_by":"Slavers","ascension_level":18}}