{"host":"9hmnsypyq1c5u7i3","time":1610514328,"event":{"mods":["BaseMod","Bestiary","Hermit","Marisa????????","Minty Spire (QoL Compilation)","Quick Restart","Relic Stats","StSLib","The Cursed","The Hierophant"],"gold_per_floor":[19,19,19,29,44,44,78,90,125,162,174,186,119,134,134,211,211,225,203,219,235,22,55,74,74,74,105,119,119,153,103,103,178,178,195,211,211,221,238,238,272,272,296,309,366,148,176,189,189,189,189,189,189,139,174,174],"floor_reached":57,"language":"ENG","playtime":14043,"items_purged":["Strike_B","Defend_B","Strike_B","Defend_B"],"score":2874,"play_id":"9e21838e-c6ed-46c0-a9c6-918a384a621e","local_time":"20210112230528","is_ascension_mode":true,"campfire_choices":[{"data":"Zap","floor":6.0,"key":"SMITH"},{"floor":8.0,"key":"REST"},{"data":"Reinforced Body","floor":11.0,"key":"SMITH"},{"data":"Coolheaded","floor":15.0,"key":"SMITH"},{"data":"Undo","floor":25.0,"key":"SMITH"},{"data":"Doom and Gloom","floor":29.0,"key":"SMITH"},{"floor":32.0,"key":"REST"},{"floor":40.0,"key":"RECALL"},{"floor":42.0,"key":"REST"},{"data":"Echo Form","floor":49.0,"key":"SMITH"},{"data":"Biased Cognition","floor":53.0,"key":"SMITH"}],"circlet_count":0,"master_deck":["AscendersBane","Strike_B","Defend_B+1","Defend_B","Zap+1","Dualcast","Echo Form+1","Defragment+1","Melter","BootSequence","Coolheaded+1","Reinforced Body+1","Chill","Cold Snap","Genetic Algorithm+1","Biased Cognition+1","Ball Lightning","Undo+1","Doom and Gloom+1","Biased Cognition","Compile Driver","Reinforced Body+1"],"relics":["Cracked Core","MawBank","Smiling Mask","White Beast Statue","Busted Crown","OrangePellets","MealTicket","War Paint","Thread and Needle","InkBottle","SlaversCollar","Oddly Smooth Stone","Omamori","Anchor","Symbiotic Virus","Calipers"],"acts_visited":["Exordium","TheCity","TheBeyond","TheEnding"],"potions_floor_usage":[56],"damage_taken":[{"damage":9.0,"enemies":"2 Louse","floor":1.0,"turns":2.0},{"damage":10.0,"enemies":"Small Slimes","floor":4.0,"turns":4.0},{"damage":1.0,"enemies":"Cultist","floor":5.0,"turns":3.0},{"damage":8.0,"enemies":"Gremlin Nob","floor":7.0,"turns":3.0},{"damage":15.0,"enemies":"3 Sentries","floor":10.0,"turns":8.0},{"damage":0.0,"enemies":"Large Slime","floor":14.0,"turns":7.0},{"damage":18.0,"enemies":"Hexaghost","floor":16.0,"turns":13.0},{"damage":0.0,"enemies":"3 Byrds","floor":18.0,"turns":2.0},{"damage":10.0,"enemies":"2 Thieves","floor":19.0,"turns":5.0},{"damage":4.0,"enemies":"Snecko","floor":20.0,"turns":6.0},{"damage":2.0,"enemies":"3 Cultists","floor":21.0,"turns":7.0},{"damage":6.0,"enemies":"Slavers","floor":23.0,"turns":4.0},{"damage":0.0,"enemies":"Snake Plant","floor":24.0,"turns":5.0},{"damage":2.0,"enemies":"Book of Stabbing","floor":27.0,"turns":5.0},{"damage":0.0,"enemies":"Cultist and Chosen","floor":28.0,"turns":6.0},{"damage":21.0,"enemies":"Gremlin Leader","floor":30.0,"turns":8.0},{"damage":6.0,"enemies":"Automaton","floor":33.0,"turns":9.0},{"damage":0.0,"enemies":"3 Shapes","floor":35.0,"turns":4.0},{"damage":0.0,"enemies":"Orb Walker","floor":36.0,"turns":4.0},{"damage":0.0,"enemies":"Transient","floor":38.0,"turns":6.0},{"damage":0.0,"enemies":"Maw","floor":39.0,"turns":7.0},{"damage":19.0,"enemies":"Reptomancer","floor":41.0,"turns":5.0},{"damage":0.0,"enemies":"Sphere and 2 Shapes","floor":44.0,"turns":5.0},{"damage":15.0,"enemies":"Giant Head","floor":45.0,"turns":11.0},{"damage":0.0,"enemies":"Nemesis","floor":47.0,"turns":10.0},{"damage":0.0,"enemies":"Spire Growth","floor":48.0,"turns":5.0},{"damage":2.0,"enemies":"Donu and Deca","floor":50.0,"turns":10.0},{"damage":0.0,"enemies":"Awakened One","floor":51.0,"turns":14.0},{"damage":27.0,"enemies":"Shield and Spear","floor":55.0,"turns":10.0},{"damage":44,"enemies":"The Heart","floor":56,"turns":11}],"seed_played":"-1811102171497436074","potions_obtained":[{"floor":1.0,"key":"PotionOfCapacity"},{"floor":3.0,"key":"EssenceOfDarkness"},{"floor":3.0,"key":"Fruit Juice"},{"floor":4.0,"key":"LiquidMemories"},{"floor":10.0,"key":"SpeedPotion"},{"floor":14.0,"key":"PotionOfCapacity"},{"floor":16.0,"key":"LiquidBronze"},{"floor":18.0,"key":"Swift Potion"},{"floor":19.0,"key":"Weak Potion"},{"floor":20.0,"key":"SneckoOil"},{"floor":21.0,"key":"Fire Potion"},{"floor":23.0,"key":"Fire Potion"},{"floor":24.0,"key":"DuplicationPotion"},{"floor":30.0,"key":"EntropicBrew"},{"floor":33.0,"key":"FocusPotion"},{"floor":35.0,"key":"Explosive Potion"},{"floor":39.0,"key":"Explosive Potion"},{"floor":41.0,"key":"BlessingOfTheForge"},{"floor":44.0,"key":"ColorlessPotion"},{"floor":45.0,"key":"ColorlessPotion"},{"floor":47.0,"key":"AttackPotion"},{"floor":48.0,"key":"LiquidMemories"},{"floor":55.0,"key":"LiquidBronze"}],"is_trial":false,"path_per_floor":["M","?","?","M","M","R","E","R","T","E","R","?","$","M","R","B",null,"M","M","M","M","$","E","M","R","T","E","M","R","E","?","R","B",null,"M","M","?","M","M","R","E","R","T","M","E","$","E","M","R","B","B",null,"R","$","E","B",null],"character_chosen":"DEFECT","items_purchased":["Cold Snap","OrangePellets","Anchor"],"campfire_rested":3,"item_purchase_floors":[13,22,46],"current_hp_per_floor":[55,55,55,50,49,49,41,63,63,48,48,48,48,48,48,30,65,65,55,51,49,49,43,43,43,43,41,41,41,20,20,42,36,66,66,66,66,66,66,66,47,69,69,69,54,69,69,69,69,67,67,74,74,76,49,5],"gold":174,"neow_bonus":"THREE_RARE_CARDS","is_daily":false,"chose_seed":false,"campfire_upgraded":7,"win_rate":0.0,"timestamp":1610514328,"path_taken":["M","?","?","?","M","R","E","R","T","E","R","?","$","M","R","BOSS","M","M","M","M","$","E","M","R","T","E","?","R","E","?","R","BOSS","M","?","?","M","M","R","E","R","T","M","E","$","E","M","R","BOSS","BOSS","R","$","E","BOSS"],"items_purchased_type":["Card","Relic","Relic"],"build_version":"2020-12-22","purchased_purges":4,"victory":true,"max_hp_per_floor":[71,71,71,76,76,76,76,76,76,76,76,76,76,76,76,76,76,76,76,76,76,76,76,76,76,76,76,76,76,76,76,76,76,76,76,76,76,76,76,76,76,76,76,76,76,76,76,76,76,76,76,76,76,76,76,76],"relic_stats":{"OrangePellets":[40],"Busted Crown":40,"counters":[30,199],"MealTicket":17,"War Paint":["Genetic Algorithm","Defend_B"],"MawBank":72,"Smiling Mask":250,"obtain_stats":[{"Calipers":55,"Oddly Smooth Stone":41,"Thread and Needle":27,"Omamori":45,"War Paint":26,"MawBank":7,"Smiling Mask":9,"White Beast Statue":10,"OrangePellets":22,"SlaversCollar":34,"Anchor":46,"Busted Crown":17,"MealTicket":23,"Cracked Core":0,"Symbiotic Virus":47,"InkBottle":30},{"Calipers":29,"Oddly Smooth Stone":22,"Thread and Needle":14,"Omamori":24,"War Paint":13,"MawBank":4,"Smiling Mask":4,"White Beast Statue":5,"OrangePellets":11,"SlaversCollar":17,"Anchor":24,"Busted Crown":7,"MealTicket":12,"Cracked Core":0,"Symbiotic Virus":25,"InkBottle":16},{"Calipers":188,"Oddly Smooth Stone":123,"Thread and Needle":74,"Omamori":139,"War Paint":69,"MawBank":12,"Smiling Mask":12,"White Beast Statue":20,"OrangePellets":60,"SlaversCollar":97,"Anchor":139,"Busted Crown":40,"MealTicket":64,"Cracked Core":0,"Symbiotic Virus":149,"InkBottle":88}],"InkBottle":[41]},"card_choices":[{"not_picked":["Biased Cognition","Reboot"],"picked":"Echo Form","floor":0.0},{"not_picked":["Lockon","Conserve Battery"],"picked":"Defragment","floor":1.0},{"not_picked":["Streamline","Stack"],"picked":"Melter","floor":4.0},{"not_picked":["Lockon","Sweeping Beam"],"picked":"BootSequence","floor":5.0},{"not_picked":["Skim","BootSequence"],"picked":"Coolheaded","floor":7.0},{"not_picked":["Compile Driver","Creative AI"],"picked":"Reinforced Body","floor":10.0},{"not_picked":["Beam Cell","Sweeping Beam"],"picked":"Genetic Algorithm","floor":14.0},{"not_picked":["Hyperbeam","Rainbow"],"picked":"Biased Cognition","floor":16.0},{"not_picked":["Streamline"],"picked":"SKIP","floor":18.0},{"not_picked":[],"picked":"Ball Lightning","floor":19.0},{"not_picked":[],"picked":"Undo","floor":20.0},{"not_picked":[],"picked":"Doom and Gloom","floor":21.0},{"not_picked":["Sweeping Beam"],"picked":"SKIP","floor":23.0},{"not_picked":["Turbo"],"picked":"SKIP","floor":24.0},{"not_picked":["Rip and Tear"],"picked":"SKIP","floor":27.0},{"not_picked":["Undo"],"picked":"SKIP","floor":28.0},{"not_picked":["Melter"],"picked":"SKIP","floor":30.0},{"not_picked":[],"picked":"Biased Cognition","floor":33.0},{"not_picked":["Redo"],"picked":"SKIP","floor":35.0},{"not_picked":["Storm"],"picked":"SKIP","floor":36.0},{"not_picked":["Hello World+1"],"picked":"SKIP","floor":38.0},{"not_picked":["Reprogram"],"picked":"SKIP","floor":39.0},{"not_picked":["Streamline"],"picked":"SKIP","floor":41.0},{"not_picked":[],"picked":"Compile Driver","floor":44.0},{"not_picked":["Hello World"],"picked":"SKIP","floor":45.0},{"not_picked":[],"picked":"Reinforced Body+1","floor":47.0},{"not_picked":["Stack+1"],"picked":"SKIP","floor":48.0},{"not_picked":["Redo+1"],"picked":"SKIP","floor":55.0}],"player_experience":834451,"relics_obtained":[{"floor":7.0,"key":"MawBank"},{"floor":9.0,"key":"Smiling Mask"},{"floor":10.0,"key":"White Beast Statue"},{"floor":23.0,"key":"MealTicket"},{"floor":26.0,"key":"War Paint"},{"floor":27.0,"key":"Thread and Needle"},{"floor":30.0,"key":"InkBottle"},{"floor":41.0,"key":"Oddly Smooth Stone"},{"floor":45.0,"key":"Omamori"},{"floor":47.0,"key":"Symbiotic Virus"},{"floor":55.0,"key":"Calipers"}],"event_choices":[{"damage_healed":0.0,"max_hp_gain":0.0,"max_hp_loss":0.0,"gold_gain":0.0,"event_name":"Living Wall","player_choice":"Grow","floor":2.0,"gold_loss":0.0,"damage_taken":0.0,"cards_upgraded":["Defragment"]},{"damage_healed":0.0,"max_hp_gain":0.0,"max_hp_loss":0.0,"gold_gain":0.0,"event_name":"Lab","player_choice":"Got Potions","floor":3.0,"gold_loss":0.0,"damage_taken":0.0},{"damage_healed":0.0,"max_hp_gain":0.0,"max_hp_loss":0.0,"gold_gain":0.0,"cards_transformed":["Strike_B"],"event_name":"Transmorgrifier","player_choice":"Transformed","floor":12.0,"gold_loss":0.0,"damage_taken":0.0,"cards_obtained":["Chill"]},{"damage_healed":0.0,"max_hp_gain":0.0,"max_hp_loss":0.0,"gold_gain":0.0,"event_name":"The Joust","player_choice":"Bet on Murderer","floor":31.0,"gold_loss":50.0,"damage_taken":0.0},{"damage_healed":0.0,"max_hp_gain":0.0,"max_hp_loss":0.0,"gold_gain":0.0,"event_name":"SecretPortal","player_choice":"Ignored","floor":37.0,"gold_loss":0.0,"damage_taken":0.0}],"is_beta":false,"boss_relics":[{"not_picked":["Runic Dome","Empty Cage"],"picked":"Busted Crown"},{"not_picked":["Snecko Eye","FrozenCore"],"picked":"SlaversCollar"}],"items_purged_floors":[13,22,46,54],"is_endless":false,"potions_floor_spawned":[1,4,5,10,14,16,18,19,20,21,23,24,27,28,30,33,35,36,38,39,41,44,45,47,48,55],"ascension_level":20}}