{"host":"drk0p5jtlzl1xmwe","time":1610578082,"event":{"mods":["2.2 Compatiblity","AchievementEnabler","Act Like it!","Bard","BaseMod","Better Note","Better Vampires","Ekko","Friendly Minions","Hermit","Hubris","Infinite Spire","Luminous","Marisa????????","Minty Spire (QoL Compilation)","Rare Cards Sparkle","Relic Stats","Replay The Spire","Shade Mod","StSLib","The Animator","The Bug Knight","The Cursed","The Disciple","The Gatherer","The Servant 0.9.4","The Spell Scribe"],"gold_per_floor":[109,109,109,121,139,164,164,175,257,282,300,144,144,159,159,257,257,270,282,96,106,121,121,131,147,147,147,159,159,209,209,209],"floor_reached":31,"language":"ENG","playtime":998,"items_purged":["Defend_G","Strike_G"],"score":251,"play_id":"91177bac-0720-4deb-9974-43e20a6f2127","local_time":"20210113224802","is_ascension_mode":false,"campfire_choices":[{"data":"hubris:Counter","floor":7,"key":"SMITH"},{"floor":13,"key":"REST"},{"floor":23,"key":"REST"},{"data":"Finisher","floor":29,"key":"SMITH"}],"circlet_count":0,"master_deck":["Strike_G","Strike_G","Defend_G","Defend_G","Defend_G","Survivor","Neutralize","Blade Dance","Sucker Punch","hubris:Counter+1","Sucker Punch+1","Storm of Steel","Finisher+1","Accuracy","A Thousand Cuts","Blade Dance","Blade Dance","Backstab","Blur+1","Delirium"],"relics":["Ring of the Snake","hubris:AstralHammer","Mummified Hand","hubris:DeckOfHolding","Empty Cage","Boot","InkBottle","ReplayTheSpireMod:CursedCoin"],"acts_visited":["Exordium","TheCity"],"potions_floor_usage":[6,11,14,16,18,22,25],"damage_taken":[{"damage":5,"enemies":"Small Slimes","floor":1,"turns":4},{"damage":2,"enemies":"2 Louse","floor":4,"turns":2},{"damage":0,"enemies":"Cultist","floor":5,"turns":3},{"damage":22,"enemies":"Gremlin Nob","floor":6,"turns":4},{"damage":6,"enemies":"Lots of Slimes","floor":8,"turns":5},{"damage":18,"enemies":"Lagavulin","floor":10,"turns":6},{"damage":16,"enemies":"Large Slime","floor":11,"turns":5},{"damage":8,"enemies":"Exordium Thugs","floor":14,"turns":4},{"damage":13,"enemies":"Fading Forest","floor":16,"turns":11},{"damage":13,"enemies":"Chosen","floor":18,"turns":4},{"damage":19,"enemies":"Shell Parasite","floor":19,"turns":4},{"damage":16,"enemies":"Shelled Parasite and Fungi","floor":21,"turns":3},{"damage":9,"enemies":"Centurion and Healer","floor":22,"turns":3},{"damage":0,"enemies":"Snake Plant","floor":24,"turns":2},{"damage":14,"enemies":"Shelled Parasite and Fungi","floor":25,"turns":3},{"damage":12,"enemies":"Centurion and Healer","floor":28,"turns":4},{"damage":27,"enemies":"Sentry and Sphere","floor":31,"turns":3}],"seed_played":"-2584211933163549299","potions_obtained":[{"floor":4,"key":"PowerPotion"},{"floor":8,"key":"SmokeBomb"},{"floor":10,"key":"ColorlessPotion"},{"floor":11,"key":"Block Potion"},{"floor":14,"key":"FearPotion"},{"floor":16,"key":"BlessingOfTheForge"},{"floor":19,"key":"Strength Potion"},{"floor":21,"key":"ColorlessPotion"},{"floor":25,"key":"FearPotion"},{"floor":28,"key":"BlessingOfTheForge"}],"is_trial":false,"path_per_floor":["M","?","?","M","M","E","R","M","T","E","M","$","R","M","R","B",null,"M","M","$","M","M","R","M","M","T","?","M","R","$","M"],"character_chosen":"THE_SILENT","items_purchased":["Accuracy","Blade Dance","Boot","ReplayTheSpireMod:CursedCoin"],"campfire_rested":2,"item_purchase_floors":[12,20,20,30],"current_hp_per_floor":[72,77,77,75,75,53,53,47,47,29,13,13,37,29,53,40,82,69,50,50,34,25,49,49,35,35,35,23,23,23,0,0],"gold":209,"neow_bonus":"TEN_PERCENT_HP_BONUS","is_daily":false,"chose_seed":false,"campfire_upgraded":2,"win_rate":0.0,"timestamp":1610578082,"path_taken":["M","?","?","M","?","E","R","M","T","E","?","$","R","M","R","BOSS","M","M","$","M","M","R","M","M","T","?","M","R","?","M"],"items_purchased_type":["Card","Card","Relic","Relic"],"build_version":"2020-12-22","purchased_purges":2,"victory":false,"max_hp_per_floor":[77,82,82,82,82,82,82,82,82,82,82,82,82,82,82,82,82,82,82,82,82,82,82,82,82,82,82,82,82,82,82,82],"relic_stats":{"counters":[17,70],"Mummified Hand":[15],"Boot":[48],"obtain_stats":[{"hubris:AstralHammer":6,"Mummified Hand":9,"ReplayTheSpireMod:CursedCoin":30,"hubris:DeckOfHolding":10,"Empty Cage":17,"Boot":20,"InkBottle":26,"Ring of the Snake":0},{"hubris:AstralHammer":4,"Mummified Hand":5,"ReplayTheSpireMod:CursedCoin":16,"hubris:DeckOfHolding":6,"Empty Cage":9,"Boot":11,"InkBottle":15,"Ring of the Snake":0},{"hubris:AstralHammer":13,"Mummified Hand":18,"ReplayTheSpireMod:CursedCoin":67,"hubris:DeckOfHolding":24,"Empty Cage":44,"Boot":52,"InkBottle":63,"Ring of the Snake":0}],"InkBottle":[3],"Ring of the Snake":[34]},"card_choices":[{"not_picked":["Flying Knee","hubris:Sniper"],"picked":"Blade Dance","floor":1},{"not_picked":["Dagger Spray","Noxious Fumes"],"picked":"Sucker Punch","floor":4},{"not_picked":["Heel Hook","Dagger Throw"],"picked":"hubris:Counter","floor":5},{"not_picked":["Catalyst","Dagger Spray","Quick Slash"],"picked":"SKIP","floor":6},{"not_picked":["Backflip","hubris:SlightOfHand"],"picked":"Sucker Punch","floor":8},{"not_picked":["Quick Slash","Sneak Up"],"picked":"Storm of Steel","floor":10},{"not_picked":["Deadly Poison","ReplayTheSpireMod:Exploit Weakness"],"picked":"Finisher","floor":11},{"not_picked":["Terror","All Out Attack","Acrobatics"],"picked":"SKIP","floor":14},{"not_picked":["Die Die Die","infinitespire:Neurotoxin"],"picked":"A Thousand Cuts","floor":16},{"not_picked":["Reflex","Poisoned Stab","Heel Hook"],"picked":"SKIP","floor":18},{"not_picked":["Catalyst","Blur","Expertise"],"picked":"SKIP","floor":19},{"not_picked":["Eviscerate+1","Reflex+1","Underhanded Strike"],"picked":"SKIP","floor":21},{"not_picked":["Choke","Leg Sweep"],"picked":"Backstab","floor":22},{"not_picked":["Deadly Poison","Masterful Stab+1","Concentrate+1"],"picked":"SKIP","floor":24},{"not_picked":["Quick Slash","Toxin Wave","Distraction+1"],"picked":"SKIP","floor":25},{"not_picked":["Cloak And Dagger","Slice+1"],"picked":"Blur+1","floor":28}],"player_experience":665995,"relics_obtained":[{"floor":6,"key":"hubris:AstralHammer"},{"floor":9,"key":"Mummified Hand"},{"floor":10,"key":"hubris:DeckOfHolding"},{"floor":26,"key":"InkBottle"}],"event_choices":[{"damage_healed":0,"gold_gain":0,"player_choice":"Donut","damage_taken":0,"max_hp_gain":5,"max_hp_loss":0,"event_name":"Big Fish","floor":2,"gold_loss":0},{"cards_removed":["Strike_G"],"damage_healed":0,"gold_gain":0,"player_choice":"Purged","damage_taken":0,"max_hp_gain":0,"max_hp_loss":0,"event_name":"Purifier","floor":3,"gold_loss":0},{"cards_removed":["Defend_G"],"damage_healed":0,"gold_gain":0,"player_choice":"Give","damage_taken":0,"max_hp_gain":0,"max_hp_loss":0,"event_name":"betterNote:BetterNote","floor":27,"gold_loss":0,"cards_obtained":["None"]}],"is_beta":false,"boss_relics":[{"not_picked":["Fusion Hammer","Runic Dome"],"picked":"Empty Cage"}],"items_purged_floors":[12,30],"is_endless":false,"potions_floor_spawned":[4,8,10,11,14,16,19,21,25,28],"killed_by":"Sentry and Sphere","ascension_level":0}}