{"host":"fm9e0lfunjlbhzxv","time":1610515738,"event":{"mods":["BaseMod","Bestiary","Better Match","Better Skull","Better Third Choice","Colored Map","Colored Powertips","Downfall","Key Reminder","Minty Spire (QoL Compilation)","Permanent Neow","Rare Cards Sparkle","Relic Stats","StSLib","slay the spire mod where everything is the same but ironclad has a cowboy hat"],"gold_per_floor":[99,115,125,125,135,86,86,146,146,200,200,226,151,162,172,172,172,172],"floor_reached":16,"language":"ENG","playtime":1052,"items_purged":[],"score":100,"play_id":"95b8eb0c-95ae-4a55-b127-fb357c588785","local_time":"20210112212858","is_ascension_mode":false,"campfire_choices":[{"floor":1,"key":"RECALL"},{"floor":11,"key":"REST"},{"floor":13,"key":"REST"}],"circlet_count":0,"master_deck":["champ:Strike","champ:Strike","champ:Strike","champ:Strike","champ:Defend","champ:Defend+1","champ:Defend","champ:Defend+1","champ:Execute","champ:Taunt","champ:IronFortress","champ:FlashCut","champ:BerserkersShout","champ:BerserkersShout","champ:DeathBlow","champ:ArenaPreparation","champ:CrownThrow"],"relics":["champ:ChampionCrown","StoneCalendar","keyreminder:keyreminder","Ancient Tea Set","Kunai","downfall:BrokenWingStatue","Pen Nib","War Paint","downfall:HeartBlessingRed"],"acts_visited":["Exordium"],"potions_floor_usage":[16],"damage_taken":[{"damage":8,"enemies":"Small Slimes","floor":2,"turns":3},{"damage":6,"enemies":"2 Louse","floor":3,"turns":3},{"damage":9,"enemies":"Jaw Worm","floor":5,"turns":4},{"damage":12,"enemies":"downfall:FleeingMerchant","floor":6,"turns":4},{"damage":71,"enemies":"3 Sentries","floor":8,"turns":7},{"damage":35,"enemies":"Lagavulin","floor":12,"turns":5},{"damage":24,"enemies":"3 Louse","floor":14,"turns":3},{"damage":31,"enemies":"Red Slaver","floor":15,"turns":3},{"damage":67,"enemies":"downfall:Silent","floor":16,"turns":8}],"seed_played":"4850387651658082773","potions_obtained":[{"floor":3,"key":"SteroidPotion"},{"floor":14,"key":"hexamod:EctoCoolerPotion"},{"floor":15,"key":"sneckomod:MuddlingPotion"}],"is_trial":false,"path_per_floor":["R","M","M","?","M","$","T","?","?","T","R","E","R","M","M","B"],"character_chosen":"THE_CHAMP","items_purchased":["champ:DeathBlow"],"campfire_rested":2,"item_purchase_floors":[6],"current_hp_per_floor":[63,60,59,64,55,54,54,11,11,11,39,29,57,57,49,0,0,0],"gold":172,"neow_bonus":"ONE_RARE_RELIC","is_daily":false,"chose_seed":false,"campfire_upgraded":0,"win_rate":0.0,"timestamp":1610515738,"path_taken":["R","M","M","?","M","$","T","?","?","?","R","E","R","M","M","BOSS"],"items_purchased_type":["Card"],"build_version":"2020-12-22","purchased_purges":0,"victory":false,"max_hp_per_floor":[90,90,90,95,95,95,95,95,95,95,95,95,95,95,95,95,95,95],"relic_stats":{"counters":[9,40],"StoneCalendar":[56],"Pen Nib":[3],"Kunai":[1],"War Paint":["champ:Defend","champ:Defend"],"obtain_stats":[{"keyreminder:keyreminder":1,"downfall:BrokenWingStatue":9,"downfall:HeartBlessingRed":13,"champ:ChampionCrown":0,"StoneCalendar":0,"Pen Nib":10,"Kunai":8,"War Paint":12,"Ancient Tea Set":7},{"keyreminder:keyreminder":0,"downfall:BrokenWingStatue":5,"downfall:HeartBlessingRed":6,"champ:ChampionCrown":0,"StoneCalendar":0,"Pen Nib":5,"Kunai":5,"War Paint":6,"Ancient Tea Set":4},{"keyreminder:keyreminder":0,"downfall:BrokenWingStatue":21,"downfall:HeartBlessingRed":26,"champ:ChampionCrown":0,"StoneCalendar":0,"Pen Nib":21,"Kunai":21,"War Paint":26,"Ancient Tea Set":14}]},"card_choices":[{"not_picked":["champ:BladeFlurry","champ:AdrenalArmor"],"picked":"champ:IronFortress","floor":2},{"not_picked":["champ:FanOfKnives","champ:StanceDance"],"picked":"champ:FlashCut","floor":3},{"not_picked":["champ:PerfectedStrike","champ:Duel"],"picked":"champ:BerserkersShout","floor":5},{"not_picked":["champ:BladeFlurry","champ:FocusedBerserking"],"picked":"champ:BerserkersShout","floor":6},{"not_picked":["champ:GladiatorsShout","champ:DefensiveShout"],"picked":"champ:ArenaPreparation","floor":8},{"not_picked":["champ:CrookedStrike","champ:BladeFlurry","champ:RapidStrikes"],"picked":"SKIP","floor":12},{"not_picked":["champ:PerfectedStrike","champ:BringItOn","champ:AdrenalArmor"],"picked":"SKIP","floor":14},{"not_picked":["champ:TornadoPunch","champ:BringItOn"],"picked":"champ:CrownThrow","floor":15}],"player_experience":469457,"relics_obtained":[{"floor":7,"key":"Ancient Tea Set"},{"floor":8,"key":"Kunai"},{"floor":10,"key":"Pen Nib"},{"floor":12,"key":"War Paint"}],"event_choices":[{"damage_healed":0,"gold_gain":0,"player_choice":"Donut","damage_taken":0,"max_hp_gain":5,"max_hp_loss":0,"event_name":"Big Fish","floor":4,"gold_loss":0}],"is_beta":false,"boss_relics":[],"items_purged_floors":[],"is_endless":false,"potions_floor_spawned":[3,14,15],"killed_by":"downfall:Silent","ascension_level":0}}