{"host":"6ld56ls1xbe0aj21","time":1610506639,"event":{"mods":["AchievementEnabler","BaseMod","Colored Powertips","Minty Spire (QoL Compilation)","Quick Restart","Rare Cards Sparkle","StSLib","SuperFastMode","everything is the same but u backflip on backflip","slay the spire mod where everything is the same but ironclad has a cowboy hat"],"gold_per_floor":[112,132,207,12,12,12,44,54,105,105,118,118,37,71,83,95,95],"floor_reached":16,"language":"ENG","playtime":417,"items_purged":["Strike_R"],"score":239,"play_id":"e08a64ea-4c34-475b-8279-faaa3884fde6","local_time":"20210113135719","is_ascension_mode":true,"campfire_choices":[{"data":"Bash","floor":6.0,"key":"SMITH"},{"data":"Rage","floor":10.0,"key":"SMITH"},{"data":"Warcry","floor":12.0,"key":"SMITH"},{"data":"Feed","floor":15,"key":"SMITH"}],"circlet_count":0,"master_deck":["AscendersBane","Strike_R","Strike_R","Strike_R","Strike_R","Defend_R","Defend_R","Defend_R","Defend_R","Bash+1","Rage+1","Uppercut+1","Warcry+1","Ghostly Armor","Feed+1"],"relics":["Burning Blood","NeowsBlessing","Membership Card","Smiling Mask","Juzu Bracelet","OrangePellets","MawBank"],"acts_visited":["Exordium"],"potions_floor_usage":[14,16],"damage_taken":[{"damage":0.0,"enemies":"Cultist","floor":1.0,"turns":1.0},{"damage":0.0,"enemies":"Jaw Worm","floor":2.0,"turns":1.0},{"damage":0.0,"enemies":"Gremlin Nob","floor":7.0,"turns":1.0},{"damage":0.0,"enemies":"2 Louse","floor":8.0,"turns":3.0},{"damage":11.0,"enemies":"Looter","floor":11.0,"turns":5.0},{"damage":5,"enemies":"Lagavulin","floor":14,"turns":6},{"damage":73,"enemies":"Hexaghost","floor":16,"turns":14}],"seed_played":"8443140560659285609","potions_obtained":[{"floor":1.0,"key":"Fire Potion"},{"floor":7.0,"key":"CultistPotion"},{"floor":14,"key":"SmokeBomb"}],"is_trial":false,"path_per_floor":["M","M","?","$","?","R","E","M","T","R","M","R","$","E","R","B"],"character_chosen":"IRONCLAD","items_purchased":["Membership Card","OrangePellets"],"campfire_rested":0,"item_purchase_floors":[4,13],"current_hp_per_floor":[74,75,64,64,64,64,70,75,75,75,70,70,70,71,71,0,0],"gold":95,"neow_bonus":"THREE_ENEMY_KILL","is_daily":false,"chose_seed":false,"campfire_upgraded":4,"win_rate":0.0,"timestamp":1610506639,"path_taken":["M","M","?","$","?","R","E","M","T","R","M","R","$","E","R","BOSS"],"items_purchased_type":["Relic","Relic"],"build_version":"2020-12-22","purchased_purges":1,"victory":false,"max_hp_per_floor":[75,75,75,75,75,75,75,75,75,75,75,75,75,75,75,75,75],"card_choices":[{"not_picked":["Feel No Pain","Clothesline"],"picked":"Rage","floor":1.0},{"not_picked":["Warcry","Heavy Blade"],"picked":"Uppercut","floor":2.0},{"not_picked":["Rupture","Clothesline"],"picked":"Warcry","floor":7.0},{"not_picked":["Bloodletting","Iron Wave","Clash"],"picked":"SKIP","floor":8.0},{"not_picked":["Sever Soul","Sword Boomerang"],"picked":"Ghostly Armor","floor":11.0},{"not_picked":["Sword Boomerang","Berserk"],"picked":"Feed","floor":14}],"player_experience":316962,"relics_obtained":[{"floor":7.0,"key":"Smiling Mask"},{"floor":9.0,"key":"Juzu Bracelet"},{"floor":14,"key":"MawBank"}],"event_choices":[{"damage_healed":0.0,"max_hp_gain":0.0,"max_hp_loss":0.0,"gold_gain":75.0,"event_name":"World of Goop","player_choice":"Gather Gold","floor":3.0,"gold_loss":0.0,"damage_taken":11.0},{"damage_healed":0.0,"max_hp_gain":0.0,"max_hp_loss":0.0,"gold_gain":0.0,"event_name":"Living Wall","player_choice":"Grow","floor":5.0,"gold_loss":0.0,"damage_taken":0.0,"cards_upgraded":["Uppercut"]}],"is_beta":false,"boss_relics":[],"items_purged_floors":[4],"is_endless":false,"potions_floor_spawned":[1,7,11,14],"killed_by":"Hexaghost","ascension_level":16}}