{"host":"svwqvw2il1zfkkg0","time":1610501671,"event":{"mods":["AchievementEnabler","BaseMod","BetterRewards","Colored Map","Colored Powertips","Custom Start","Downfall","GifTheSpireLib","Highlight Path","Hubris","Infinite Spire","Minty Spire (QoL Compilation)","Quick Restart","Replay The Spire","Shop Mod","StSLib","SuperFastMode"],"gold_per_floor":[116,116,142,173,205,250,262,284,320,332,123,123,123,123,123,220,220,240,240,240,0,16,41,41,55,55,55,75,75,100,112,112,208,208,125,137,57,70,82,82,102,102,102,118,118,174,13,29,29,29],"floor_reached":51,"language":"ENG","playtime":2093,"items_purged":["Regret","Voices","hubris:Wrath","Replay:UnknownCurse"],"score":789,"play_id":"bc068360-a376-416f-8325-6101bc1c0968","local_time":"20210112173431","is_ascension_mode":false,"campfire_choices":[{"floor":7,"key":"REST"},{"floor":12,"key":"REST"},{"floor":15,"key":"REST"},{"data":"Adrenaline","floor":24,"key":"SMITH"},{"data":"Blade Dance","floor":32,"key":"SMITH"},{"data":"Backstab","floor":40,"key":"SMITH"},{"data":"Blade Dance","floor":42,"key":"SMITH"},{"data":"Unload","floor":45,"key":"SMITH"},{"data":"Poisoned Stab","floor":49,"key":"SMITH"}],"circlet_count":0,"master_deck":["Strike_G","Strike_G","Strike_G","Strike_G","Strike_G","Defend_G","Defend_G","Defend_G","Defend_G","Defend_G","Survivor","Neutralize","Dagger Spray","Dagger Throw","PiercingWail","Choke","Dagger Spray","Slice","Adrenaline+1","PiercingWail+1","Blade Dance+1","Poisoned Stab+1","Footwork+1","CurseOfTheBell","Bane+1","Cloak And Dagger+1","Flying Knee","Unload+1","ReplayTheSpireMod:Splinters","Clumsy","Backstab+1","Blade Dance+1","Doubt","Choke+1"],"relics":["Ring of the Snake","MawBank","Bag of Marbles","Oddly Smooth Stone","Replay:Mystery Machine","ReplayTheSpireMod:TigerMarble","Snake Skull","Cursed Key","MutagenicStrength","Snack Pack","Chameleon Ring","hubris:Metronome","Replay:Bottled Steam","Calling Bell","infinitespire:Lucky Rock","The Courier","Lizard Tail","Happy Flower","Byrd Skull","Replay:Ancient Bell","Replay:Baseball","Ornamental Fan","Calipers","infinitespire:ShieldingShard","infinitespire:BottledMercury","Replay:Wax Seal"],"acts_visited":["Exordium","TheCity","TheBeyond"],"potions_floor_usage":[6,23,44,44,50,50,50],"damage_taken":[{"damage":0,"enemies":"Jaw Worm","floor":1,"turns":4},{"damage":0,"enemies":"2 Louse","floor":3,"turns":2},{"damage":6,"enemies":"Cultist","floor":4,"turns":3},{"damage":18,"enemies":"Blue Slaver","floor":5,"turns":4},{"damage":21,"enemies":"3 Sentries","floor":6,"turns":9},{"damage":13,"enemies":"Exordium Thugs","floor":8,"turns":6},{"damage":18,"enemies":"The Guardian","floor":16,"turns":7},{"damage":14,"enemies":"Spheric Guardian","floor":18,"turns":4},{"damage":2,"enemies":"2 Thieves","floor":22,"turns":3},{"damage":0,"enemies":"Slavers","floor":23,"turns":2},{"damage":7,"enemies":"Centurion and Healer","floor":25,"turns":4},{"damage":3,"enemies":"Snake Plant","floor":28,"turns":1},{"damage":0,"enemies":"Replay:Snechameleon","floor":30,"turns":1},{"damage":0,"enemies":"3 Cultists","floor":31,"turns":1},{"damage":32,"enemies":"Collector","floor":33,"turns":3},{"damage":6,"enemies":"3 Darklings","floor":35,"turns":5},{"damage":0,"enemies":"Orb Walker","floor":36,"turns":1},{"damage":16,"enemies":"4 Shapes","floor":38,"turns":4},{"damage":10,"enemies":"Sphere and 2 Shapes","floor":39,"turns":1},{"damage":0,"enemies":"3 Darklings","floor":41,"turns":2},{"damage":0,"enemies":"Transient","floor":44,"turns":5},{"damage":0,"enemies":"Jaw Worm Horde","floor":48,"turns":1},{"damage":35,"enemies":"hubris:GrandSnecko","floor":50,"turns":7}],"seed_played":"-2724001263202897974","potions_obtained":[{"floor":4,"key":"Dexterity Potion"},{"floor":5,"key":"Dexterity Potion"},{"floor":18,"key":"SkillPotion"},{"floor":25,"key":"Swift Potion"},{"floor":30,"key":"Swift Potion"},{"floor":33,"key":"SpeedPotion"},{"floor":39,"key":"Energy Potion"},{"floor":46,"key":"Regen Potion"},{"floor":48,"key":"CunningPotion"}],"is_trial":false,"path_per_floor":["M","?","M","M","M","E","R","M","T","?","$","R","?","$","R","B",null,"M","?","?","$","M","E","R","M","T","AVR","M","T","E","M","R","B",null,"M","M","$","M","M","R","M","R","T","M","R","?","$","M","R","B",null],"character_chosen":"THE_SILENT","items_purchased":["ReplayTheSpireMod:TigerMarble","Snack Pack","Replay:Wax Seal"],"campfire_rested":3,"item_purchase_floors":[11,21,47],"current_hp_per_floor":[70,70,70,64,46,25,46,33,33,33,33,54,54,54,70,52,70,56,56,56,56,58,62,62,61,61,61,62,62,66,66,66,38,70,66,70,70,56,52,52,54,54,54,66,66,66,66,70,70,63],"gold":29,"neow_bonus":"THREE_CARDS","is_daily":false,"chose_seed":false,"campfire_upgraded":6,"win_rate":0.0,"timestamp":1610501671,"path_taken":["M","?","M","M","M","E","R","M","T","?","$","R","?","$","R","BOSS","M","?","?","$","?","E","R","M","T","AVR","M","?","E","M","R","BOSS","M","M","$","M","M","R","M","R","T","M","R","?","$","M","R","BOSS"],"items_purchased_type":["Relic","Relic","Relic"],"build_version":"2020-12-22","purchased_purges":4,"victory":true,"max_hp_per_floor":[70,70,70,70,70,70,70,70,70,70,70,70,70,70,70,70,70,70,70,70,70,70,70,70,70,70,70,70,70,70,70,70,70,70,70,70,70,70,70,70,70,70,70,70,70,70,70,70,70,70],"card_choices":[{"not_picked":["Predator","Deadly Poison"],"picked":"Dagger Spray","floor":0},{"not_picked":["Backflip","Poisoned Stab"],"picked":"Dagger Throw","floor":1},{"not_picked":["Dodge and Roll","hubris:SlightOfHand","PiercingWail"],"picked":"SKIP","floor":3},{"not_picked":["Dodge and Roll","hubris:SlightOfHand"],"picked":"PiercingWail","floor":3},{"not_picked":["hubris:SlightOfHand","Bane","Footwork"],"picked":"SKIP","floor":4},{"not_picked":["hubris:SlightOfHand","Poisoned Stab"],"picked":"Choke","floor":5},{"not_picked":["Outmaneuver","hubris:SlightOfHand"],"picked":"Dagger Spray","floor":6},{"not_picked":["Accuracy","Acrobatics"],"picked":"Slice","floor":8},{"not_picked":["Wraith Form v2","Tools of the Trade"],"picked":"Adrenaline","floor":16},{"not_picked":["Deflect+1","Acrobatics"],"picked":"PiercingWail+1","floor":18},{"not_picked":["Blur","Toxin Wave"],"picked":"Blade Dance","floor":22},{"not_picked":["ReplayTheSpireMod:Speed Training","Deflect"],"picked":"Poisoned Stab","floor":23},{"not_picked":["Outmaneuver","Deadly Poison"],"picked":"Footwork+1","floor":25},{"not_picked":["hubris:Sniper","Acrobatics"],"picked":"Bane+1","floor":28},{"not_picked":["ReplayTheSpireMod:From All Sides","Quick Slash"],"picked":"Cloak And Dagger+1","floor":30},{"not_picked":["Dagger Throw","Bane"],"picked":"Flying Knee","floor":31},{"not_picked":["Wraith Form v2","Doppelganger"],"picked":"Unload","floor":33},{"not_picked":["CurseOfTheBell","hubris:Wrath"],"picked":"ReplayTheSpireMod:Splinters","floor":34},{"not_picked":["Parasite","Regret"],"picked":"Clumsy","floor":34},{"not_picked":["hubris:Envy","hubris:Compulsion"],"picked":"ReplayTheSpireMod:IOU","floor":34},{"not_picked":["Distraction","Blade Dance"],"picked":"Backstab","floor":35},{"not_picked":["Catalyst+1","Blur","ReplayTheSpireMod:Speed Training"],"picked":"SKIP","floor":36},{"not_picked":["Replay:Poison Smokescreen+1","Sneak Up+1"],"picked":"Blade Dance","floor":38},{"not_picked":["Deadly Poison+1","ReplayTheSpireMod:Necrosis","PiercingWail+1"],"picked":"SKIP","floor":39},{"not_picked":["Deadly Poison+1","Quick Slash+1","hubris:SlightOfHand+1"],"picked":"SKIP","floor":41},{"not_picked":["Hidden Blade+1","Setup+1","Dagger Throw+1"],"picked":"SKIP","floor":44},{"not_picked":["Sneak Up+1","Sucker Punch+1"],"picked":"Choke+1","floor":46},{"not_picked":["Replay:Poison Smokescreen+1","Concentrate","Footwork+1"],"picked":"SKIP","floor":48}],"player_experience":477733,"relics_obtained":[{"floor":2,"key":"MawBank"},{"floor":6,"key":"Bag of Marbles"},{"floor":9,"key":"Oddly Smooth Stone"},{"floor":23,"key":"Chameleon Ring"},{"floor":26,"key":"hubris:Metronome"},{"floor":27,"key":"infinitespire:Lucky Rock"},{"floor":27,"key":"The Courier"},{"floor":27,"key":"Lizard Tail"},{"floor":29,"key":"Happy Flower"},{"floor":30,"key":"Byrd Skull"},{"floor":43,"key":"infinitespire:ShieldingShard"},{"floor":46,"key":"infinitespire:BottledMercury"}],"event_choices":[{"damage_healed":0,"gold_gain":0,"player_choice":"Box","damage_taken":0,"relics_obtained":["Replay:Mystery Machine"],"max_hp_gain":0,"max_hp_loss":0,"event_name":"Big Fish","floor":10,"gold_loss":0,"cards_obtained":["Regret"]},{"damage_healed":0,"gold_gain":0,"player_choice":"Gave Potion","damage_taken":0,"relics_obtained":["Snake Skull"],"max_hp_gain":0,"max_hp_loss":0,"event_name":"WeMeetAgain","floor":13,"gold_loss":0},{"damage_healed":0,"gold_gain":0,"player_choice":"Inject Mutagens","damage_taken":0,"relics_obtained":["MutagenicStrength"],"max_hp_gain":0,"max_hp_loss":0,"event_name":"Drug Dealer","floor":19,"gold_loss":0},{"damage_healed":0,"gold_gain":0,"player_choice":"Ignored","damage_taken":0,"max_hp_gain":0,"max_hp_loss":0,"event_name":"Vampires","floor":20,"gold_loss":0}],"is_beta":false,"boss_relics":[{"not_picked":["ReplayTheSpireMod:SealedPack","Black Star"],"picked":"Cursed Key"},{"not_picked":["Runic Pyramid","Ring of Chaos"],"picked":"Replay:Ancient Bell"},{"not_picked":["Potion Belt","Replay:Rubber Ducky"],"picked":"Replay:Baseball"},{"not_picked":["Mercury Hourglass","Replay:Bottled Eggs"],"picked":"Ornamental Fan"},{"not_picked":["Ginger","Counterbalance"],"picked":"Calipers"}],"items_purged_floors":[11,27,37,47],"is_endless":false,"potions_floor_spawned":[4,5,18,25,30,33,38,39,48],"ascension_level":0}}