{"host":"qrt7o4dq2qslzw13","time":1610565822,"event":{"mods":["AchievementEnabler","BaseMod","Colored Map","Colored Powertips","Minty Spire (QoL Compilation)","Quick Restart","StSLib","SuperFastMode"],"gold_per_floor":[109,284,284,302,25,50,50,50,50,50,62,62,25,53,53,158,158,173,186,205,218,234,234,262,262,262,262,114,114,39,50,50,146,146,158,433,453,453,453,453,500,500,546,399,413,456,456,148,148,148,148,148,5,5,5],"floor_reached":54,"language":"ENG","playtime":1351,"items_purged":["Decay"],"score":788,"play_id":"a8bfebfb-293e-491f-b1c6-8555f0fe9a62","local_time":"20210113142342","is_ascension_mode":false,"campfire_choices":[{"data":"Streamline","floor":10.0,"key":"SMITH"},{"data":"Buffer","floor":12.0,"key":"SMITH"},{"data":"Defragment","floor":15.0,"key":"SMITH"},{"floor":23.0,"key":"REST"},{"data":"Static Discharge","floor":27.0,"key":"SMITH"},{"data":"Hyperbeam","floor":29.0,"key":"SMITH"},{"data":"Dualcast","floor":32.0,"key":"SMITH"},{"data":"Machine Learning","floor":40,"key":"SMITH"},{"data":"Sweeping Beam","floor":42,"key":"SMITH"},{"floor":49,"key":"RECALL"},{"data":"Thinking Ahead","floor":52,"key":"SMITH"}],"circlet_count":0,"master_deck":["Strike_B","Strike_B","Strike_B","Defend_B","Defend_B","Defend_B","Defend_B","Zap","Dualcast+1","Conserve Battery","Cold Snap","Buffer+1","Trip","Skim","Streamline+1","Undo","Static Discharge+1","Defragment+1","Hyperbeam+1","Auto Shields","Sweeping Beam+1","Doom and Gloom+1","Steam","Leap","Force Field","Machine Learning+1","Auto Shields+1","Turbo+1","Amplify","Melter+1","Stack+1","Doom and Gloom+1","Leap","Lockon+1","Static Discharge+1","Thunder Strike+1","Thinking Ahead+1","Loop"],"relics":["Cracked Core","NeowsBlessing","Nunchaku","Gremlin Horn","Spirit Poop","Bottled Flame","Eternal Feather","SlaversCollar","Lizard Tail","Molten Egg 2","Vajra","Black Star","Akabeko","Omamori","Orrery","CaptainsWheel","CeramicFish"],"acts_visited":["Exordium","TheCity","TheBeyond","TheEnding"],"potions_floor_usage":[35,45,50],"damage_taken":[{"damage":0.0,"enemies":"2 Louse","floor":1.0,"turns":1.0},{"damage":0.0,"enemies":"Jaw Worm","floor":4.0,"turns":1.0},{"damage":0.0,"enemies":"3 Sentries","floor":6.0,"turns":1.0},{"damage":3.0,"enemies":"Small Slimes","floor":11.0,"turns":2.0},{"damage":0.0,"enemies":"Lagavulin","floor":14.0,"turns":7.0},{"damage":34.0,"enemies":"Hexaghost","floor":16.0,"turns":7.0},{"damage":0.0,"enemies":"Chosen","floor":18.0,"turns":4.0},{"damage":10.0,"enemies":"Spheric Guardian","floor":19.0,"turns":5.0},{"damage":18.0,"enemies":"Shelled Parasite and Fungi","floor":20.0,"turns":7.0},{"damage":19.0,"enemies":"Centurion and Healer","floor":21.0,"turns":6.0},{"damage":9.0,"enemies":"Cultist and Chosen","floor":22.0,"turns":9.0},{"damage":8.0,"enemies":"Gremlin Leader","floor":24.0,"turns":6.0},{"damage":0.0,"enemies":"Snake Plant","floor":31.0,"turns":2.0},{"damage":23.0,"enemies":"Automaton","floor":33.0,"turns":10.0},{"damage":27,"enemies":"Orb Walker","floor":35,"turns":5},{"damage":5,"enemies":"3 Shapes","floor":37,"turns":3},{"damage":21,"enemies":"3 Darklings","floor":45,"turns":3},{"damage":9,"enemies":"Reptomancer","floor":46,"turns":7},{"damage":71,"enemies":"Time Eater","floor":50,"turns":12},{"damage":78,"enemies":"Shield and Spear","floor":54,"turns":6}],"seed_played":"-4425619329492575745","potions_obtained":[{"floor":6.0,"key":"EssenceOfSteel"},{"floor":11.0,"key":"PotionOfCapacity"},{"floor":16.0,"key":"Fire Potion"},{"floor":19.0,"key":"Block Potion"},{"floor":21.0,"key":"Fire Potion"},{"floor":22.0,"key":"FocusPotion"},{"floor":37,"key":"Explosive Potion"},{"floor":45,"key":"PotionOfCapacity"}],"is_trial":false,"path_per_floor":["M","?","?","M","$","E","T","?","T","R","M","R","$","E","R","B",null,"M","M","M","M","M","R","E","?","T","R","$","R","?","M","R","B",null,"M","?","M","?","$","R","T","R","T","$","M","E","?","$","R","B",null,"R","$","E"],"character_chosen":"DEFECT","items_purchased":["Buffer","Trip","Skim","Static Discharge","Vajra","Orrery","Thunder Strike+1","Thinking Ahead","Loop"],"campfire_rested":1,"item_purchase_floors":[5,5,5,13,28,44,48,48,53],"current_hp_per_floor":[75,75,68,68,68,68,68,68,68,68,65,65,65,65,74,40,75,75,65,47,28,19,53,45,45,45,60,60,75,75,75,75,52,75,48,48,43,43,43,58,58,73,73,73,52,43,43,43,64,31,75,75,75,0,0],"gold":5,"neow_bonus":"THREE_ENEMY_KILL","is_daily":false,"chose_seed":false,"campfire_upgraded":9,"win_rate":0.0,"timestamp":1610565822,"path_taken":["M","?","?","M","?","E","?","?","T","R","?","R","$","E","R","BOSS","M","?","M","M","M","R","E","?","T","R","$","R","?","M","R","BOSS","M","?","?","?","?","R","?","R","T","$","?","E","?","$","R","BOSS","R","$","E"],"items_purchased_type":["Card","Card","Card","Card","Relic","Relic","Card","Card","Card"],"build_version":"2020-12-22","purchased_purges":1,"victory":false,"max_hp_per_floor":[75,75,75,75,75,75,75,75,75,75,75,75,75,75,75,75,75,75,75,75,75,75,75,75,75,75,75,75,75,75,75,75,75,75,75,75,75,75,75,75,75,75,75,75,75,75,75,75,75,75,75,75,75,75,75],"card_choices":[{"not_picked":["Turbo","Coolheaded"],"picked":"Conserve Battery","floor":1.0},{"not_picked":["Streamline","Heatsinks"],"picked":"Cold Snap","floor":4.0},{"not_picked":["Leap","Redo"],"picked":"Streamline","floor":6.0},{"not_picked":["Turbo","Compile Driver"],"picked":"Undo","floor":11.0},{"not_picked":["Lockon","Steam"],"picked":"Defragment","floor":14.0},{"not_picked":["Thunder Strike","Machine Learning"],"picked":"Hyperbeam","floor":16.0},{"not_picked":["Melter","Darkness"],"picked":"Auto Shields","floor":18.0},{"not_picked":["Rebound","Storm"],"picked":"Sweeping Beam","floor":19.0},{"not_picked":["Beam Cell","Go for the Eyes+1"],"picked":"Doom and Gloom+1","floor":20.0},{"not_picked":["Auto Shields","Aggregate+1"],"picked":"Steam","floor":21.0},{"not_picked":["Barrage","Streamline","Compile Driver+1"],"picked":"SKIP","floor":22.0},{"not_picked":["Beam Cell","Streamline"],"picked":"Leap","floor":24.0},{"not_picked":["Aggregate+1","Barrage+1"],"picked":"Force Field","floor":31.0},{"not_picked":["Meteor Strike+1","Core Surge+1"],"picked":"Machine Learning","floor":33.0},{"not_picked":["Streamline+1","Gash+1"],"picked":"Auto Shields+1","floor":35},{"not_picked":["Reprogram+1","Steam"],"picked":"Turbo+1","floor":37},{"not_picked":["Go for the Eyes+1","Self Repair+1"],"picked":"Amplify","floor":44},{"not_picked":["Conserve Battery+1","Redo"],"picked":"Melter+1","floor":44},{"not_picked":["Core Surge+1","Rebound+1"],"picked":"Stack+1","floor":44},{"not_picked":["Turbo","Gash+1"],"picked":"Doom and Gloom+1","floor":44},{"not_picked":["Turbo","Stack"],"picked":"Leap","floor":44},{"not_picked":["Undo","Stack"],"picked":"Lockon+1","floor":45},{"not_picked":["Reinforced Body","Reprogram"],"picked":"Static Discharge+1","floor":46}],"player_experience":541448,"relics_obtained":[{"floor":6.0,"key":"Gremlin Horn"},{"floor":9.0,"key":"Bottled Flame"},{"floor":14.0,"key":"Eternal Feather"},{"floor":24.0,"key":"Lizard Tail"},{"floor":26.0,"key":"Molten Egg 2"},{"floor":41,"key":"Akabeko"},{"floor":43,"key":"Omamori"},{"floor":46,"key":"CaptainsWheel"},{"floor":46,"key":"CeramicFish"}],"event_choices":[{"damage_healed":0.0,"max_hp_gain":0.0,"max_hp_loss":0.0,"gold_gain":175.0,"event_name":"Liars Game","player_choice":"AGREE","floor":2.0,"gold_loss":0.0,"damage_taken":0.0,"cards_obtained":["Doubt"]},{"damage_healed":0.0,"max_hp_gain":0.0,"max_hp_loss":0.0,"gold_gain":0.0,"event_name":"Scrap Ooze","player_choice":"Success","floor":3.0,"gold_loss":0.0,"damage_taken":7.0,"relics_obtained":["Nunchaku"]},{"cards_removed":["Doubt"],"damage_healed":0.0,"max_hp_gain":0.0,"max_hp_loss":0.0,"gold_gain":0.0,"event_name":"Bonfire Elementals","player_choice":"Offered Curse","floor":8.0,"gold_loss":0.0,"damage_taken":0.0,"relics_obtained":["Spirit Poop"]},{"damage_healed":0.0,"max_hp_gain":0.0,"max_hp_loss":0.0,"gold_gain":0.0,"event_name":"Forgotten Altar","player_choice":"Smashed Altar","floor":25.0,"gold_loss":0.0,"damage_taken":0.0,"cards_obtained":["Decay"]},{"cards_removed":["Strike_B"],"damage_healed":0.0,"max_hp_gain":0.0,"max_hp_loss":0.0,"gold_gain":0.0,"event_name":"Beggar","player_choice":"Gave Gold","floor":30.0,"gold_loss":75.0,"damage_taken":0.0},{"damage_healed":0,"gold_gain":275,"player_choice":"Desecrate","damage_taken":0,"max_hp_gain":0,"max_hp_loss":0,"event_name":"Golden Shrine","floor":36,"gold_loss":0,"cards_obtained":["Regret"]},{"cards_removed":["Regret"],"damage_healed":0,"gold_gain":0,"player_choice":"Purged","damage_taken":0,"max_hp_gain":0,"max_hp_loss":0,"event_name":"Purifier","floor":38,"gold_loss":0},{"damage_healed":0,"gold_gain":0,"player_choice":"Ignored","damage_taken":0,"max_hp_gain":0,"max_hp_loss":0,"event_name":"Mysterious Sphere","floor":47,"gold_loss":0}],"is_beta":false,"boss_relics":[{"not_picked":["Cursed Key","Velvet Choker"],"picked":"SlaversCollar"},{"not_picked":["Runic Pyramid","FrozenCore"],"picked":"Black Star"}],"items_purged_floors":[53],"is_endless":false,"potions_floor_spawned":[6,11,16,19,21,22,37,45],"killed_by":"Shield and Spear","ascension_level":0}}