{"host":"29edf478rwpwmxys","time":1610538940,"event":{"mods":["AchievementEnabler","BaseMod","Bestiary","Dark Map","Downfall","Hermit","Minty Spire (QoL Compilation)","Quick Restart","Rare Cards Sparkle","StSLib","The Necromancer","everything is the same but u backflip on backflip"],"gold_per_floor":[113,128,139,152,327,355,355,386,386,386,386,398,415,45,45,148,148,164,197,197,197,207,234,234,249,273,308,308,325,339,19,19,114,114,141,203,215,227,249,261,289,301,313,0,0,12,29,48,48,48,48],"floor_reached":50,"language":"SPA","playtime":3671,"items_purged":["Doubt","Strike_G"],"score":594,"play_id":"c406dea7-c93c-4d7b-bcec-7f3015707150","local_time":"20210113125540","is_ascension_mode":true,"campfire_choices":[{"data":"Crippling Poison","floor":7.0,"key":"SMITH"},{"data":"Poisoned Stab","floor":11.0,"key":"SMITH"},{"data":"Bouncing Flask","floor":15,"key":"SMITH"},{"data":"Envenom","floor":24,"key":"SMITH"},{"floor":28,"key":"REST"},{"data":"Accuracy","floor":32,"key":"SMITH"},{"data":"Deflect","floor":40,"key":"SMITH"},{"data":"Blade Dance","floor":42,"key":"SMITH"},{"data":"Phantasmal Killer","floor":45,"key":"SMITH"},{"data":"Well Laid Plans","floor":49,"key":"SMITH"}],"circlet_count":0,"master_deck":["Strike_G","Strike_G","Strike_G","Strike_G","Defend_G","Defend_G","Defend_G","Defend_G","Defend_G","Survivor","Neutralize","Bane","Blade Dance+1","Crippling Poison+1","Poisoned Stab+1","Deflect+1","Bane","Bouncing Flask+1","Well Laid Plans+1","Envenom+1","Infinite Blades+1","Deflect+1","Dagger Throw+1","Dodge and Roll+1","Setup+1","Accuracy+1","Phantasmal Killer+1","CurseOfTheBell","Underhanded Strike","Blur+1","Cloak And Dagger+1","Dagger Throw+1","Blur+1","Crippling Poison+1","Acrobatics+1","Dodge and Roll+1"],"relics":["Ring of the Snake","Pear","Juzu Bracelet","Bag of Preparation","TwistedFunnel","Orichalcum","Black Star","Red Mask","Enchiridion","Meat on the Bone","Regal Pillow","Pantograph","Oddly Smooth Stone","Paper Crane","Calling Bell","MawBank","Toxic Egg 2","Mango","Torii","Frozen Egg 2","ClockworkSouvenir"],"acts_visited":["Exordium","TheCity","TheBeyond"],"potions_floor_usage":[22,27,27,33,33,33,33,33,50,50,50],"damage_taken":[{"damage":0.0,"enemies":"Jaw Worm","floor":1.0,"turns":6.0},{"damage":2.0,"enemies":"Small Slimes","floor":2.0,"turns":4.0},{"damage":5.0,"enemies":"2 Louse","floor":3.0,"turns":2.0},{"damage":2.0,"enemies":"Looter","floor":4.0,"turns":4.0},{"damage":15.0,"enemies":"Lagavulin","floor":6.0,"turns":8.0},{"damage":10.0,"enemies":"Gremlin Nob","floor":8.0,"turns":5.0},{"damage":6.0,"enemies":"Gremlin Gang","floor":12.0,"turns":3.0},{"damage":0.0,"enemies":"Blue Slaver","floor":13.0,"turns":3.0},{"damage":30,"enemies":"The Guardian","floor":16,"turns":8},{"damage":0,"enemies":"Chosen","floor":18,"turns":4},{"damage":4,"enemies":"Masked Bandits","floor":19,"turns":3},{"damage":8,"enemies":"2 Thieves","floor":22,"turns":2},{"damage":4,"enemies":"Gremlin Leader","floor":23,"turns":6},{"damage":4,"enemies":"Centurion and Healer","floor":25,"turns":5},{"damage":18,"enemies":"Slavers","floor":27,"turns":5},{"damage":0,"enemies":"Cultist and Chosen","floor":29,"turns":4},{"damage":8,"enemies":"3 Cultists","floor":30,"turns":6},{"damage":59,"enemies":"Automaton","floor":33,"turns":7},{"damage":0,"enemies":"3 Shapes","floor":35,"turns":6},{"damage":0,"enemies":"Mind Bloom Boss Battle","floor":36,"turns":5},{"damage":1,"enemies":"3 Darklings","floor":39,"turns":3},{"damage":24,"enemies":"Maw","floor":41,"turns":8},{"damage":2,"enemies":"Writhing Mass","floor":46,"turns":6},{"damage":0,"enemies":"4 Shapes","floor":47,"turns":6},{"damage":7,"enemies":"Maw","floor":48,"turns":7},{"damage":106,"enemies":"Awakened One","floor":50,"turns":9}],"seed_played":"-1048899482935980451","potions_obtained":[{"floor":1.0,"key":"GhostInAJar"},{"floor":6.0,"key":"PowerPotion"},{"floor":8.0,"key":"Weak Potion"},{"floor":12.0,"key":"BlessingOfTheForge"},{"floor":13.0,"key":"ColorlessPotion"},{"floor":19,"key":"EntropicBrew"},{"floor":22,"key":"EssenceOfSteel"},{"floor":29,"key":"Poison Potion"},{"floor":33,"key":"SkillPotion"},{"floor":35,"key":"CunningPotion"},{"floor":36,"key":"Weak Potion"},{"floor":37,"key":"CultistPotion"},{"floor":37,"key":"CultistPotion"}],"is_trial":false,"path_per_floor":["M","M","M","M","?","E","R","E","T","?","R","M","M","$","R","B",null,"M","?","?","?","M","E","R","M","T","E","R","M","M","$","R","B",null,"M","?","?","?","M","R","M","R","T","$","R","M","M","M","R","B"],"character_chosen":"THE_SILENT","items_purchased":["TwistedFunnel","Orichalcum","Paper Crane","Accuracy","ClockworkSouvenir","Blur+1"],"campfire_rested":1,"item_purchase_floors":[14,14,31,31,44,44],"current_hp_per_floor":[77,75,70,68,68,63,63,53,53,74,74,68,68,68,68,38,87,87,83,67,67,59,55,55,51,51,45,84,84,76,76,76,37,98,98,98,98,93,92,92,68,68,68,68,68,66,66,59,59,0,0],"gold":48,"neow_bonus":"TEN_PERCENT_HP_BONUS","is_daily":false,"chose_seed":false,"campfire_upgraded":9,"win_rate":0.0,"timestamp":1610538940,"path_taken":["M","M","M","M","?","E","R","E","T","?","R","M","M","$","R","BOSS","M","?","?","?","M","E","R","M","T","E","R","M","M","$","R","BOSS","M","?","?","?","M","R","M","R","T","$","R","M","M","M","R","BOSS"],"items_purchased_type":["Relic","Relic","Relic","Card","Relic","Card"],"build_version":"2020-12-22","purchased_purges":2,"victory":false,"max_hp_per_floor":[77,77,77,77,77,87,87,87,87,87,87,87,87,87,87,87,87,87,87,87,84,84,84,84,84,84,84,84,84,84,84,84,84,98,98,98,98,93,93,93,93,93,93,93,93,93,93,93,93,93,93],"card_choices":[{"not_picked":["Terror","Eviscerate"],"picked":"Bane","floor":1.0},{"not_picked":["Flying Knee","Tactician"],"picked":"Blade Dance","floor":2.0},{"not_picked":["Dagger Throw","Corpse Explosion"],"picked":"Crippling Poison","floor":3.0},{"not_picked":["Bane","Sucker Punch"],"picked":"Poisoned Stab","floor":4.0},{"not_picked":["Skewer","PiercingWail"],"picked":"Deflect","floor":6.0},{"not_picked":["Backflip","Dagger Throw"],"picked":"Bane","floor":8.0},{"not_picked":["Bane","Dagger Throw"],"picked":"Bouncing Flask","floor":12.0},{"not_picked":["Dash","Prepared"],"picked":"Well Laid Plans","floor":13.0},{"not_picked":["Doppelganger","Night Terror"],"picked":"Envenom","floor":16},{"not_picked":["Well Laid Plans","Tactician","Dodge and Roll"],"picked":"SKIP","floor":18},{"not_picked":["Acrobatics","Poisoned Stab"],"picked":"Infinite Blades+1","floor":19},{"not_picked":["Dagger Throw","Flying Knee+1"],"picked":"Deflect+1","floor":22},{"not_picked":["Distraction","PiercingWail"],"picked":"Dagger Throw+1","floor":23},{"not_picked":["Heel Hook","Expertise","Sucker Punch+1"],"picked":"SKIP","floor":25},{"not_picked":["Sucker Punch+1","Underhanded Strike"],"picked":"Dodge and Roll+1","floor":27},{"not_picked":["Terror","Dodge and Roll","Acrobatics"],"picked":"SKIP","floor":29},{"not_picked":["Deflect","Night Terror"],"picked":"Setup+1","floor":30},{"not_picked":["Doppelganger","Malaise"],"picked":"Phantasmal Killer","floor":33},{"not_picked":["Dodge and Roll+1","Acrobatics+1"],"picked":"Underhanded Strike","floor":35},{"not_picked":["Quick Slash","Prepared+1"],"picked":"Blur+1","floor":36},{"not_picked":["Reflex+1","Dash"],"picked":"Cloak And Dagger+1","floor":39},{"not_picked":["Underhanded Strike+1","Masterful Stab+1"],"picked":"Dagger Throw+1","floor":41},{"not_picked":["Riddle With Holes","Flying Knee"],"picked":"Crippling Poison+1","floor":46},{"not_picked":["Bouncing Flask+1","Expertise+1"],"picked":"Acrobatics+1","floor":47},{"not_picked":["Heel Hook+1","Riddle With Holes"],"picked":"Dodge and Roll+1","floor":48}],"player_experience":126513,"relics_obtained":[{"floor":6.0,"key":"Pear"},{"floor":8.0,"key":"Juzu Bracelet"},{"floor":9.0,"key":"Bag of Preparation"},{"floor":19,"key":"Red Mask"},{"floor":20,"key":"Enchiridion"},{"floor":23,"key":"Meat on the Bone"},{"floor":26,"key":"Regal Pillow"},{"floor":27,"key":"Pantograph"},{"floor":27,"key":"Oddly Smooth Stone"},{"floor":34,"key":"MawBank"},{"floor":34,"key":"Toxic Egg 2"},{"floor":34,"key":"Mango"},{"floor":36,"key":"Torii"},{"floor":43,"key":"Frozen Egg 2"}],"event_choices":[{"damage_healed":0.0,"max_hp_gain":0.0,"max_hp_loss":0.0,"gold_gain":175.0,"event_name":"Liars Game","player_choice":"AGREE","floor":5.0,"gold_loss":0.0,"damage_taken":0.0,"cards_obtained":["Doubt"]},{"damage_healed":21.0,"max_hp_gain":0.0,"max_hp_loss":0.0,"gold_gain":0.0,"event_name":"Mushrooms","player_choice":"Healed and dodged fight","floor":10.0,"gold_loss":0.0,"damage_taken":0.0,"cards_obtained":["Parasite"]},{"damage_healed":0,"gold_gain":0,"player_choice":"Fought Bandits","damage_taken":0,"max_hp_gain":0,"max_hp_loss":0,"event_name":"Masked Bandits","floor":19,"gold_loss":0},{"damage_healed":0,"gold_gain":0,"player_choice":"Obtained Book","damage_taken":16,"max_hp_gain":0,"max_hp_loss":0,"event_name":"Cursed Tome","floor":20,"gold_loss":0},{"cards_removed":["Parasite"],"damage_healed":0,"gold_gain":0,"player_choice":"Elegance","damage_taken":0,"max_hp_gain":0,"max_hp_loss":0,"event_name":"Back to Basics","floor":21,"gold_loss":0},{"damage_healed":0,"gold_gain":0,"player_choice":"Fight","damage_taken":0,"max_hp_gain":0,"max_hp_loss":0,"event_name":"MindBloom","floor":36,"gold_loss":0},{"damage_healed":0,"gold_gain":0,"player_choice":"Got Potions","damage_taken":0,"max_hp_gain":0,"max_hp_loss":0,"event_name":"Lab","floor":37,"gold_loss":0},{"damage_healed":0,"gold_gain":0,"player_choice":"Max HP","damage_taken":0,"max_hp_gain":0,"max_hp_loss":5,"event_name":"Winding Halls","floor":38,"gold_loss":0}],"is_beta":false,"boss_relics":[{"not_picked":["Empty Cage","Runic Dome"],"picked":"Black Star"},{"not_picked":["Sozu","Coffee Dripper"],"picked":"Calling Bell"}],"items_purged_floors":[14,44],"is_endless":false,"potions_floor_spawned":[1,6,8,12,13,19,22,29,33,35,36,46],"killed_by":"Awakened One","ascension_level":1}}