{"host":"7555f9q63b5ef0om","time":1610496461,"event":{"mods":["AchievementEnabler","Act Like it!","Arknights The Spire","Bard","BaseMod","CapriCore","ChefMod","Colored Map","Conspire","Downfall","Elementarium","Energized Spire","Gensokyo","GungeonMod","Hallownest","Hermit","Hubris","Infinite Spire","Luminous","Marisa????????","Minty Spire (QoL Compilation)","Reimu??????","Remilia??????","Replay The Spire","Robot Space Explorer","Shade Mod","Shop Mod","StSLib","The Animator","The Bug Knight","The Cursed","The Dragon Tamer","The Factory","The Hierophant","The Immortal","The Jungle","The Marked","The Necromancer","The Servant 0.9.4","TheSwordswoman","TheWitcher","Waifu the Spire","Yakumo Yukari mod","vexMod"],"gold_per_floor":[115,115,115,131,147,173,173,193,193,212,212,230,230,247,247,247,247],"floor_reached":16,"language":"ENG","playtime":886,"items_purged":[],"score":104,"play_id":"b9232be4-13ec-4208-87bc-94c9412dfb34","local_time":"20210113000741","is_ascension_mode":false,"campfire_choices":[{"data":"ats:Ignite","floor":7,"key":"SMITH"},{"floor":13,"key":"REST"},{"floor":15,"key":"REST"}],"circlet_count":0,"master_deck":["ats:Strike C","ats:Strike G","ats:Strike S","ats:Strike V","ats:Armor Crushing Shot","ats:Defend","ats:Defend","ats:Defend","ats:Defend","ats:Emotion Absorption","ats:Explosion Area Strengthen","ats:Ignite","ats:Ignite+1","ats:Cat Scratch","ats:Flexible Camouflage","ats:Thermite Blade","ats:Automatic Cover","ats:Sword Rain"],"relics":["ats:Sanity","NeowsBlessing","Pocketwatch","ats:Originium","hubris:Potato","Golden Egg"],"acts_visited":["Exordium"],"potions_floor_usage":[],"damage_taken":[{"damage":2,"enemies":"conspire:RoseBush","floor":1,"turns":1},{"damage":0,"enemies":"Jaw Worm","floor":4,"turns":1},{"damage":0,"enemies":"Small Slimes","floor":5,"turns":1},{"damage":27,"enemies":"Gremlin Nob","floor":6,"turns":4},{"damage":14,"enemies":"3 Louse","floor":8,"turns":3},{"damage":11,"enemies":"Looter","floor":10,"turns":3},{"damage":13,"enemies":"Exordium Wildlife","floor":12,"turns":3},{"damage":0,"enemies":"Large Slime","floor":14,"turns":5},{"damage":41,"enemies":"Hexaghost","floor":16,"turns":12}],"seed_played":"-5378842883371958705","potions_obtained":[{"floor":1,"key":"SteroidPotion"},{"floor":10,"key":"Adrenaline Potion"},{"floor":12,"key":"Elixir"}],"is_trial":false,"path_per_floor":["M","?","?","M","M","E","R","M","T","M","?","M","R","M","R","B"],"character_chosen":"DOCTOR_CLASS","items_purchased":[],"campfire_rested":2,"item_purchase_floors":[],"current_hp_per_floor":[70,67,67,67,67,40,40,26,26,15,15,2,23,23,44,3,3],"gold":247,"neow_bonus":"THREE_ENEMY_KILL","is_daily":false,"chose_seed":false,"campfire_upgraded":1,"win_rate":0.0,"timestamp":1610496461,"path_taken":["M","?","?","M","M","E","R","M","T","M","?","M","R","M","R","BOSS"],"items_purchased_type":[],"build_version":"2020-12-22","purchased_purges":0,"victory":false,"max_hp_per_floor":[72,72,72,72,72,72,72,72,72,72,72,72,72,72,72,72,72],"card_choices":[{"not_picked":["ats:Very Hot Blade","ats:Guardian Obelisk"],"picked":"ats:Explosion Area Strengthen","floor":1},{"not_picked":["ats:Flexible Camouflage","ats:Powerful Strike"],"picked":"ats:Ignite","floor":4},{"not_picked":["ats:Shell Defense","ats:Explosion Area Strengthen"],"picked":"ats:Ignite","floor":5},{"not_picked":["ats:Steam Pump","ats:Shadow Raid"],"picked":"ats:Cat Scratch","floor":6},{"not_picked":["ats:Leaping Hammer","ats:Assault Order"],"picked":"ats:Flexible Camouflage","floor":8},{"not_picked":["ats:Revitalization","ats:Shell Defense"],"picked":"ats:Thermite Blade","floor":10},{"not_picked":["ats:Red Shift","ats:Revitalization"],"picked":"ats:Automatic Cover","floor":12},{"not_picked":["ats:Cat Scratch","ats:Beaten Up"],"picked":"ats:Sword Rain","floor":14}],"player_experience":100272,"relics_obtained":[{"floor":6,"key":"ats:Originium"},{"floor":6,"key":"hubris:Potato"},{"floor":9,"key":"Golden Egg"}],"event_choices":[{"damage_healed":0,"gold_gain":0,"player_choice":"Success","damage_taken":3,"relics_obtained":["Pocketwatch"],"max_hp_gain":0,"max_hp_loss":0,"event_name":"Scrap Ooze","floor":2,"gold_loss":0},{"damage_healed":0,"gold_gain":0,"player_choice":"Leave","damage_taken":0,"max_hp_gain":0,"max_hp_loss":0,"event_name":"The Cleric","floor":3,"gold_loss":0},{"damage_healed":0,"gold_gain":0,"player_choice":"Got Potions","damage_taken":0,"max_hp_gain":0,"max_hp_loss":0,"event_name":"Lab","floor":11,"gold_loss":0}],"is_beta":false,"boss_relics":[],"items_purged_floors":[],"is_endless":false,"potions_floor_spawned":[1,10,12,14],"killed_by":"Hexaghost","ascension_level":0}}