{"host":"y4sghvfd0ewtcchd","time":1610559753,"event":{"mods":["Aspiration","BaseMod","Better Debug","Better Note","Better Third Choice","BetterRewards","Block Reminder","Colored Map","Colored Powertips","Downfall","Highlight Path","Hubris","Infinite Spire","Minty Spire (QoL Compilation)","Relic Sorter","Relic Stats","Replay The Spire","Shop Mod","StSLib","The Jungle","The Saiyan"],"gold_per_floor":[0,13,13,23,23,8,8,8,25,25,35,35,35,51,69,141,141,66,76,76,76,26,53,53,53,53,53,81,92,192,192,207,282,282,132,149,159,89,106,106,106,106,137,298,298,38,49,49,64,64,64,90,33,33,33],"floor_reached":56,"language":"ENG","playtime":5001,"items_purged":["Saiyan:SAIYA_Defend"],"score":2581,"play_id":"8904aefc-af50-4474-804a-27910113e2bd","local_time":"20210113204233","is_ascension_mode":true,"campfire_choices":[{"data":"Saiyan:SenzuBean","floor":1.0,"key":"SMITH"},{"floor":8.0,"key":"REST"},{"data":"Saiyan:SuperSaiyanForm","floor":10.0,"key":"SMITH"},{"data":"Saiyan:RuthlessBlow","floor":12,"key":"SMITH"},{"floor":18,"key":"RECALL"},{"floor":25,"key":"REST"},{"data":"ReplayTheSpireMod:Chaos Vortex","floor":27,"key":"SMITH"},{"data":"Saiyan:BurningSoul","floor":35,"key":"SMITH"},{"data":"Saiyan:PlotArmor","floor":42,"key":"SMITH"},{"data":"Saiyan:PlotArmor","floor":45,"key":"SMITH"},{"data":"Saiyan:Furor","floor":54,"key":"SMITH"}],"circlet_count":0,"master_deck":["AscendersBane","Saiyan:SAIYA_Strike","Saiyan:SAIYA_Defend","Saiyan:SAIYA_Defend","Saiyan:EnergyBlast","Saiyan:KaioKen","Saiyan:RuthlessBlow+1","Saiyan:SenzuBean+1","Saiyan:RemoveWeights","Saiyan:SuperSaiyanForm+1","Saiyan:Makankosappo","Saiyan:Makankosappo","Saiyan:BurningSoul+1","Saiyan:Furor+1","Saiyan:Rekindle+1","Saiyan:RemoveWeights+1","ReplayTheSpireMod:Chaos Vortex+1","Saiyan:Rekindle","Saiyan:Afterimage","Saiyan:AugmentedBlast","J.A.X.","Saiyan:Planning","Saiyan:PowerUp","Pot Of Greed","Pot Of Greed","Saiyan:Taunt","Pot Of Greed","Saiyan:Makankosappo+1","Saiyan:PlotArmor+1","Saiyan:PlotArmor+1","Saiyan:PowerUp+1","Saiyan:SoulSpice+1","Saiyan:Furor+1","Replay:SS_hec_2+1","Saiyan:Fly","expansioncontent:GoopSpray","Saiyan:KameHameHa","Saiyan:PlotArmor+1"],"relics":["SaiyanSoul","Honey Jar","SaiyanHeart","Grinning Jar","Happy Flower","downfall:HeartBlessingRed","downfall:HeartBlessingBlue","downfall:HeartBlessingGreen","MutagenicStrength","Bag of Preparation","Oddly Smooth Stone","Lantern","Replay:Baseball","Simple Rune","Juzu Bracelet","ReplayFunnel","Blood Vial","ChewingGum","Nilry\u0027s Codex","Replay:Fungal Core","Ginger","ReplayTheSpireMod:Lightbulb","hubris:TenFootPole","aspiration:TomeofQuesting","Regal Pillow","hubris:SlimyHat","War Paint","Toy Ornithopter","Bag of Marbles","Frozen Egg 2","Nunchaku","Replay:Wax Seal","Sling","Pen Nib","Strawberry","infinitespire:Satchel","Vajra","Kunai"],"acts_visited":["Exordium","TheCity","TheBeyond","TheEnding"],"potions_floor_usage":[11,16,23,28,33,38,52,55,55,55,55,55],"damage_taken":[{"damage":0.0,"enemies":"Small Slimes","floor":2.0,"turns":8.0},{"damage":10.0,"enemies":"Jaw Worm","floor":4.0,"turns":7.0},{"damage":0.0,"enemies":"downfall:FleeingMerchant","floor":6.0,"turns":4.0},{"damage":8.0,"enemies":"2 Louse","floor":9.0,"turns":3.0},{"damage":3,"enemies":"Blue Slaver","floor":11,"turns":5},{"damage":6,"enemies":"3 Louse","floor":14,"turns":5},{"damage":2,"enemies":"Gremlin Gang","floor":15,"turns":5},{"damage":33,"enemies":"downfall:Ironclad","floor":16,"turns":4},{"damage":9,"enemies":"Shell Parasite","floor":19,"turns":3},{"damage":41,"enemies":"Slavers","floor":23,"turns":11},{"damage":57,"enemies":"Book of Stabbing","floor":28,"turns":6},{"damage":0,"enemies":"Shelled Parasite and Fungi","floor":29,"turns":10},{"damage":0,"enemies":"downfall:Augmenter","floor":30,"turns":6},{"damage":0,"enemies":"Snecko","floor":32,"turns":9},{"damage":6,"enemies":"downfall:Defect","floor":33,"turns":6},{"damage":0,"enemies":"Orb Walker","floor":36,"turns":5},{"damage":3,"enemies":"3 Darklings","floor":37,"turns":5},{"damage":0,"enemies":"downfall:FleeingMerchant","floor":38,"turns":4},{"damage":9,"enemies":"Jaw Worm Horde","floor":39,"turns":7},{"damage":6,"enemies":"Nemesis","floor":43,"turns":8},{"damage":0,"enemies":"downfall:FleeingMerchant","floor":44,"turns":1},{"damage":0,"enemies":"Sphere and 2 Shapes","floor":47,"turns":6},{"damage":0,"enemies":"3 Darklings","floor":49,"turns":7},{"damage":0,"enemies":"downfall:Watcher","floor":50,"turns":7},{"damage":6,"enemies":"downfall:CharBossMerchant","floor":52,"turns":8},{"damage":0,"enemies":"downfall:NeowBoss","floor":55,"turns":11}],"seed_played":"7463371340613933094","potions_obtained":[{"floor":4.0,"key":"infinitespire:BlackPotion"},{"floor":15,"key":"SkillPotion"},{"floor":16,"key":"Fire Potion"},{"floor":23,"key":"GamblersBrew"},{"floor":29,"key":"SteroidPotion"},{"floor":33,"key":"Toxic Potion"},{"floor":36,"key":"SteroidPotion"},{"floor":39,"key":"Reflective Coating"},{"floor":40,"key":"SteroidPotion"},{"floor":40,"key":"Death Potion"},{"floor":47,"key":"EntropicBrew"},{"floor":49,"key":"Explosive Potion"}],"is_trial":false,"path_per_floor":["R","M","?","M","?","$","T","R","M","R","M","R","?","M","M","B",null,"R","M","?","AVR","?","E","T","R","?","R","E","M","?","?","M","B",null,"R","M","M","$","M","?","T","R","E","$","R","$","M","?","M","B",null,"E","$","R","B",null],"character_chosen":"SAIYAJIN","items_purchased":["Saiyan:PlotArmor","Sling","Replay:SS_hec_2+1","Pen Nib","SpeedPotion"],"campfire_rested":2,"item_purchase_floors":[38,44,46,46,53],"current_hp_per_floor":[50,54,36,27,27,28,28,46,39,39,39,39,58,54,55,25,60,70,64,43,43,82,43,43,68,68,68,13,17,19,19,21,17,69,69,72,71,83,76,76,76,76,72,74,74,74,83,83,86,88,94,93,93,93,98],"gold":33,"neow_bonus":"THREE_RARE_CARDS","is_daily":false,"chose_seed":false,"campfire_upgraded":8,"win_rate":0.0,"timestamp":1610559753,"path_taken":["R","M","?","M","?","?","T","R","M","R","M","R","?","M","M","BOSS","R","M","?","AVR","?","E","T","R","?","R","E","M","?","?","M","BOSS","R","M","M","$","M","?","T","R","E","?","R","$","M","?","M","BOSS","E","$","R","BOSS"],"items_purchased_type":["Card","Relic","Card","Relic","Potion"],"build_version":"2020-12-22","purchased_purges":1,"victory":true,"max_hp_per_floor":[55,59,59,60,60,61,61,61,62,62,65,65,65,67,70,71,71,81,82,82,82,82,84,84,84,84,84,84,86,86,86,86,86,86,86,87,87,88,88,88,88,88,88,88,88,88,95,95,96,96,96,96,96,96,98],"relic_stats":{"Regal Pillow":0,"Happy Flower":[44],"counters":[26,161],"Pen Nib":[5],"Bag of Preparation":[26],"Juzu Bracelet":2,"Ginger":[70],"War Paint":["Saiyan:SAIYA_Defend","Saiyan:Rekindle"],"Blood Vial":36,"Nunchaku":[5],"Kunai":[1],"obtain_stats":[{"ReplayFunnel":14,"Lantern":2,"Regal Pillow":28,"Nilry\u0027s Codex":20,"Vajra":52,"aspiration:TomeofQuesting":24,"downfall:HeartBlessingGreen":35,"Juzu Bracelet":9,"hubris:SlimyHat":28,"Bag of Preparation":30,"Ginger":21,"Sling":44,"Blood Vial":15,"Nunchaku":43,"downfall:HeartBlessingBlue":18,"Strawberry":47,"Honey Jar":34,"Kunai":52,"Replay:Wax Seal":43,"Happy Flower":11,"Replay:Fungal Core":21,"downfall:HeartBlessingRed":35,"Oddly Smooth Stone":32,"Pen Nib":46,"SaiyanHeart":0,"War Paint":29,"Frozen Egg 2":41,"Replay:Baseball":3,"MutagenicStrength":30,"infinitespire:Satchel":49,"SaiyanSoul":0,"Simple Rune":4,"ChewingGum":17,"hubris:TenFootPole":23,"Bag of Marbles":39,"Grinning Jar":36,"ReplayTheSpireMod:Lightbulb":23,"Toy Ornithopter":37},{"ReplayFunnel":6,"Lantern":1,"Regal Pillow":11,"Nilry\u0027s Codex":9,"Vajra":25,"aspiration:TomeofQuesting":10,"downfall:HeartBlessingGreen":15,"Juzu Bracelet":4,"hubris:SlimyHat":11,"Bag of Preparation":13,"Ginger":9,"Sling":21,"Blood Vial":7,"Nunchaku":20,"downfall:HeartBlessingBlue":8,"Strawberry":22,"Honey Jar":15,"Kunai":25,"Replay:Wax Seal":20,"Happy Flower":5,"Replay:Fungal Core":9,"downfall:HeartBlessingRed":15,"Oddly Smooth Stone":14,"Pen Nib":21,"SaiyanHeart":0,"War Paint":12,"Frozen Egg 2":19,"Replay:Baseball":1,"MutagenicStrength":13,"infinitespire:Satchel":23,"SaiyanSoul":0,"Simple Rune":2,"ChewingGum":8,"hubris:TenFootPole":10,"Bag of Marbles":19,"Grinning Jar":16,"ReplayTheSpireMod:Lightbulb":10,"Toy Ornithopter":17},{"ReplayFunnel":32,"Lantern":8,"Regal Pillow":61,"Nilry\u0027s Codex":44,"Vajra":150,"aspiration:TomeofQuesting":55,"downfall:HeartBlessingGreen":92,"Juzu Bracelet":22,"hubris:SlimyHat":61,"Bag of Preparation":77,"Ginger":44,"Sling":122,"Blood Vial":37,"Nunchaku":121,"downfall:HeartBlessingBlue":41,"Strawberry":128,"Honey Jar":92,"Kunai":150,"Replay:Wax Seal":121,"Happy Flower":27,"Replay:Fungal Core":44,"downfall:HeartBlessingRed":92,"Oddly Smooth Stone":86,"Pen Nib":122,"SaiyanHeart":0,"War Paint":71,"Frozen Egg 2":113,"Replay:Baseball":8,"MutagenicStrength":77,"infinitespire:Satchel":135,"SaiyanSoul":0,"Simple Rune":15,"ChewingGum":41,"hubris:TenFootPole":55,"Bag of Marbles":113,"Grinning Jar":97,"ReplayTheSpireMod:Lightbulb":55,"Toy Ornithopter":102}],"Toy Ornithopter":9},"card_choices":[{"not_picked":["Saiyan:TheBomb","Saiyan:Rekindle"],"picked":"Saiyan:SenzuBean","floor":0.0},{"not_picked":["Saiyan:ExtremeSpeed","Saiyan:SpiritSword"],"picked":"Saiyan:RemoveWeights","floor":2.0},{"not_picked":["Saiyan:RemoveWeights","Saiyan:PlotArmor"],"picked":"Saiyan:SuperSaiyanForm","floor":4.0},{"not_picked":["Saiyan:Overexert","Saiyan:Taunt"],"picked":"Saiyan:Makankosappo","floor":6.0},{"not_picked":["Saiyan:ExpandingShockwave","Saiyan:KameHameHa"],"picked":"Saiyan:Makankosappo","floor":9.0},{"not_picked":["Saiyan:KiExplosion","Saiyan:SaiyanHubris"],"picked":"Saiyan:BurningSoul","floor":11},{"not_picked":["Saiyan:AugmentedBlast","Saiyan:TheBomb"],"picked":"Saiyan:Furor","floor":14},{"not_picked":["Saiyan:Endure","Saiyan:DragonFist","Saiyan:KiExplosion"],"picked":"SKIP","floor":15},{"not_picked":["Saiyan:MajinSeal","Saiyan:Momentum"],"picked":"Saiyan:Rekindle","floor":16},{"not_picked":["Saiyan:KiStrike","Saiyan:DragonFist"],"picked":"Saiyan:RemoveWeights+1","floor":19},{"not_picked":["Saiyan:Quickening","Saiyan:Pacing","Saiyan:AugmentedBlast+1"],"picked":"SKIP","floor":23},{"not_picked":["Saiyan:Quickening+1","Saiyan:KiExplosion","Saiyan:DragonFist"],"picked":"SKIP","floor":28},{"not_picked":["Saiyan:ConcussiveBlow+1","Saiyan:DoubleMasenko","Saiyan:Quickening"],"picked":"SKIP","floor":29},{"not_picked":[],"picked":"J.A.X.","floor":30},{"not_picked":["Saiyan:DrainingStrike","Saiyan:Quickening"],"picked":"Saiyan:Planning","floor":30},{"not_picked":["Saiyan:SolarFlare","Saiyan:KameHameHa","Saiyan:ExtremeSpeed"],"picked":"SKIP","floor":32},{"not_picked":["Saiyan:Expend","Saiyan:Quickening+1","Saiyan:KiExplosion"],"picked":"Saiyan:Taunt","floor":36},{"not_picked":["Saiyan:CCCapsule","Saiyan:KameHameHa","Saiyan:TurtleShell"],"picked":"Saiyan:Makankosappo+1","floor":37},{"not_picked":["Saiyan:Flurry","Saiyan:Fly","Saiyan:PowerUp"],"picked":"Saiyan:PlotArmor","floor":38},{"not_picked":["Saiyan:PressOn+1","Saiyan:SaiyanHubris+1","Saiyan:ExtremeSpeed+1"],"picked":"Saiyan:PowerUp+1","floor":39},{"not_picked":["Saiyan:Medicine","Saiyan:ExpandingShockwave","Saiyan:Twize+1"],"picked":"Saiyan:SoulSpice+1","floor":43},{"not_picked":["Saiyan:BigBangAttack","Saiyan:SolarFlare","Saiyan:MeteorDash"],"picked":"Saiyan:Furor+1","floor":44},{"not_picked":["Saiyan:Scouter","Saiyan:DragonFist+1","Saiyan:Twize"],"picked":"Saiyan:Fly","floor":47},{"not_picked":["expansioncontent:YouAreMine","Replay:SS_hec_4","Replay:SS_fish_3"],"picked":"expansioncontent:GoopSpray","floor":48},{"not_picked":["Saiyan:ExpandingShockwave","Saiyan:KiExplosion","Saiyan:Kienzan"],"picked":"Saiyan:KameHameHa","floor":49},{"not_picked":["Saiyan:TurtleShell+1","Saiyan:DragonRadar","Saiyan:Planning"],"picked":"Saiyan:PlotArmor+1","floor":52}],"player_experience":552817,"relics_obtained":[{"floor":2.0,"key":"Lantern"},{"floor":4.0,"key":"Simple Rune"},{"floor":9.0,"key":"Juzu Bracelet"},{"floor":11,"key":"Happy Flower"},{"floor":14,"key":"ReplayFunnel"},{"floor":15,"key":"Blood Vial"},{"floor":20,"key":"Nilry\u0027s Codex"},{"floor":23,"key":"ReplayTheSpireMod:Lightbulb"},{"floor":23,"key":"hubris:TenFootPole"},{"floor":24,"key":"aspiration:TomeofQuesting"},{"floor":28,"key":"Regal Pillow"},{"floor":28,"key":"hubris:SlimyHat"},{"floor":29,"key":"War Paint"},{"floor":30,"key":"MutagenicStrength"},{"floor":30,"key":"Bag of Preparation"},{"floor":32,"key":"Oddly Smooth Stone"},{"floor":36,"key":"Grinning Jar"},{"floor":37,"key":"Toy Ornithopter"},{"floor":39,"key":"Bag of Marbles"},{"floor":41,"key":"Frozen Egg 2"},{"floor":43,"key":"Nunchaku"},{"floor":43,"key":"Replay:Wax Seal"},{"floor":47,"key":"Strawberry"},{"floor":49,"key":"infinitespire:Satchel"},{"floor":52,"key":"Vajra"},{"floor":52,"key":"Kunai"}],"event_choices":[{"damage_healed":0.0,"max_hp_gain":0.0,"max_hp_loss":0.0,"gold_gain":0.0,"event_name":"betterThird:BetterScrap","player_choice":"Relic ","floor":3.0,"gold_loss":0.0,"damage_taken":18.0,"cards_obtained":["Well Laid Plans"]},{"damage_healed":0,"gold_gain":0,"cards_transformed":["Saiyan:SAIYA_Strike"],"player_choice":"Transformed","damage_taken":0,"max_hp_gain":0,"max_hp_loss":0,"event_name":"Transmorgrifier","floor":26,"gold_loss":0,"cards_obtained":["Saiyan:Rekindle"]},{"damage_healed":0,"gold_gain":0,"player_choice":"Got Potions","damage_taken":0,"max_hp_gain":0,"max_hp_loss":0,"event_name":"Lab","floor":40,"gold_loss":0}],"is_beta":false,"boss_relics":[{"not_picked":["Runic Dome","aspiration:SilentSkillbook"],"picked":"ChewingGum"},{"not_picked":["Black Star","Painkiller Herb"],"picked":"Honey Jar"}],"items_purged_floors":[21],"is_endless":false,"potions_floor_spawned":[4,15,16,23,29,33,36,39,47,49],"ascension_level":20}}