{"host":"1a32ffxog1zcqoh0","time":1610579756,"event":{"mods":["BaseMod","Block Reminder","Colored Map","Colored Powertips","Googly Eyes","Minty Spire (QoL Compilation)","Quick Restart","Rare Cards Sparkle","Relic Stats","StSLib","Unceasing Turn Reminder","everything is the same but u backflip on backflip","slay the spire mod where everything is the same but ironclad has a cowboy hat"],"gold_per_floor":[118,293,293,346,446,475,475,492,538,538,538,558,538,564,564,663,663,676,601,601],"floor_reached":19,"language":"ENG","playtime":712,"items_purged":["Strike_G"],"score":225,"play_id":"64b6562b-91e0-434e-9d08-41cd1d97be2f","local_time":"20210113181556","is_ascension_mode":true,"campfire_choices":[{"floor":7,"key":"REST"},{"data":"Sucker Punch","floor":11,"key":"SMITH"},{"floor":15,"key":"REST"}],"circlet_count":0,"master_deck":["Strike_G","Strike_G","Strike_G","Strike_G","Defend_G","Defend_G","Defend_G","Defend_G","Defend_G","Survivor","Neutralize","Phantasmal Killer","Endless Agony","Sucker Punch+1","Blade Dance","Acrobatics","Dagger Spray","After Image"],"relics":["Ring of the Snake","Pen Nib","Lantern","Centennial Puzzle","Bottled Flame","Toxic Egg 2","Busted Crown"],"acts_visited":["Exordium","TheCity"],"potions_floor_usage":[16],"damage_taken":[{"damage":0,"enemies":"Small Slimes","floor":1,"turns":3},{"damage":35,"enemies":"3 Sentries","floor":6,"turns":10},{"damage":0,"enemies":"Jaw Worm","floor":8,"turns":4},{"damage":4,"enemies":"Cultist","floor":12,"turns":3},{"damage":30,"enemies":"Lagavulin","floor":14,"turns":5},{"damage":24,"enemies":"Hexaghost","floor":16,"turns":12},{"damage":13,"enemies":"2 Thieves","floor":18,"turns":4}],"seed_played":"7332152695069979475","potions_obtained":[{"floor":1,"key":"Energy Potion"},{"floor":12,"key":"PowerPotion"},{"floor":13,"key":"Weak Potion"},{"floor":18,"key":"Block Potion"}],"is_trial":false,"path_per_floor":["M","?","?","T","?","E","R","M","T","T","R","M","?","E","R","B",null,"M","$"],"character_chosen":"THE_SILENT","items_purchased":[],"campfire_rested":2,"item_purchase_floors":[],"current_hp_per_floor":[63,63,56,56,56,21,42,42,42,42,42,38,38,8,29,5,54,41,41,41],"gold":601,"neow_bonus":"ONE_RANDOM_RARE_CARD","is_daily":false,"chose_seed":false,"campfire_upgraded":1,"win_rate":0.0,"timestamp":1610579756,"path_taken":["M","?","?","?","?","E","R","?","T","?","R","M","?","E","R","BOSS","M","$"],"items_purchased_type":[],"build_version":"2020-12-22","purchased_purges":1,"victory":false,"max_hp_per_floor":[70,70,70,70,70,70,70,70,70,70,70,70,70,70,70,70,70,70,70,70],"relic_stats":{"Centennial Puzzle":[13],"Busted Crown":2,"counters":[7,41],"Pen Nib":[10],"obtain_stats":[{"Lantern":6,"Centennial Puzzle":9,"Bottled Flame":10,"Busted Crown":17,"Pen Nib":4,"Toxic Egg 2":14,"Ring of the Snake":0},{"Lantern":2,"Centennial Puzzle":3,"Bottled Flame":3,"Busted Crown":6,"Pen Nib":1,"Toxic Egg 2":5,"Ring of the Snake":0},{"Lantern":13,"Centennial Puzzle":17,"Bottled Flame":17,"Busted Crown":37,"Pen Nib":3,"Toxic Egg 2":25,"Ring of the Snake":0}],"Ring of the Snake":[14]},"card_choices":[{"not_picked":["Crippling Poison","PiercingWail"],"picked":"Endless Agony","floor":1},{"not_picked":["Backstab","Distraction"],"picked":"Sucker Punch","floor":6},{"not_picked":["PiercingWail","Finisher"],"picked":"Blade Dance","floor":8},{"not_picked":["Reflex","Bouncing Flask"],"picked":"Acrobatics","floor":12},{"not_picked":["Backflip+1","Riddle With Holes"],"picked":"Dagger Spray","floor":14},{"not_picked":["Envenom","Glass Knife"],"picked":"After Image","floor":16},{"not_picked":["Skewer"],"picked":"SKIP","floor":18}],"player_experience":273632,"relics_obtained":[{"floor":4,"key":"Pen Nib"},{"floor":6,"key":"Lantern"},{"floor":9,"key":"Centennial Puzzle"},{"floor":10,"key":"Bottled Flame"},{"floor":14,"key":"Toxic Egg 2"}],"event_choices":[{"damage_healed":0,"gold_gain":175,"player_choice":"AGREE","damage_taken":0,"max_hp_gain":0,"max_hp_loss":0,"event_name":"Liars Game","floor":2,"gold_loss":0,"cards_obtained":["Doubt"]},{"cards_removed":["Doubt"],"damage_healed":0,"gold_gain":0,"player_choice":"Card Removal","damage_taken":7,"max_hp_gain":0,"max_hp_loss":0,"event_name":"Golden Wing","floor":3,"gold_loss":0},{"damage_healed":0,"gold_gain":100,"player_choice":"Gold","damage_taken":0,"max_hp_gain":0,"max_hp_loss":0,"event_name":"Wheel of Change","floor":5,"gold_loss":0},{"damage_healed":0,"gold_gain":0,"player_choice":"Bought 1 Potion","damage_taken":0,"max_hp_gain":0,"max_hp_loss":0,"event_name":"The Woman in Blue","floor":13,"gold_loss":0}],"is_beta":false,"boss_relics":[{"not_picked":["HoveringKite","Snecko Eye"],"picked":"Busted Crown"}],"items_purged_floors":[19],"is_endless":false,"potions_floor_spawned":[1,12,18],"ascension_level":6}}