{"host":"uv231blk40vjdojr","time":1610557454,"event":{"mods":["AchievementEnabler","BaseMod","Bestiary","Minty Spire (QoL Compilation)","Relic Stats"],"gold_per_floor":[11,25,3,17,28,28,42,75,121,121,71,87,87,39,39,143,143,143],"floor_reached":17,"language":"ENG","playtime":321,"items_purged":[],"score":207,"play_id":"237ef258-0ead-42b8-9785-1edfb65e8d3d","local_time":"20210113180414","is_ascension_mode":false,"campfire_choices":[{"data":"Eruption","floor":6,"key":"SMITH"},{"data":"CrushJoints","floor":10,"key":"SMITH"},{"data":"FlurryOfBlows","floor":15,"key":"SMITH"}],"circlet_count":0,"master_deck":["Strike_P+1","Strike_P","Strike_P","Defend_P","Defend_P","Eruption+1","Vigilance+1","FollowUp","CrushJoints+1","FlurryOfBlows+1","Ragnarok"],"relics":["PureWater","Frozen Egg 2","Juzu Bracelet","Cursed Key"],"acts_visited":["Exordium","TheCity"],"potions_floor_usage":[7,16,16],"damage_taken":[{"damage":0,"enemies":"Cultist","floor":1,"turns":2},{"damage":0,"enemies":"Small Slimes","floor":2,"turns":1},{"damage":0,"enemies":"2 Louse","floor":4,"turns":1},{"damage":0,"enemies":"Looter","floor":5,"turns":1},{"damage":0,"enemies":"2 Fungi Beasts","floor":7,"turns":2},{"damage":23,"enemies":"Lagavulin","floor":8,"turns":4},{"damage":0,"enemies":"Exordium Thugs","floor":12,"turns":2},{"damage":0,"enemies":"Slime Boss","floor":16,"turns":3}],"seed_played":"7989134843568540038","potions_obtained":[{"floor":1,"key":"ColorlessPotion"},{"floor":5,"key":"Explosive Potion"},{"floor":7,"key":"Weak Potion"},{"floor":12,"key":"Regen Potion"}],"is_trial":false,"path_per_floor":["M","M","$","M","M","R","M","E","T","R","?","M","?","$","R","B",null],"character_chosen":"WATCHER","items_purchased":["CrushJoints","AttackPotion"],"campfire_rested":0,"item_purchase_floors":[3,14],"current_hp_per_floor":[72,72,72,72,72,72,72,49,49,49,49,49,35,35,35,35,72,72],"gold":143,"neow_bonus":"REMOVE_TWO","is_daily":false,"chose_seed":false,"campfire_upgraded":3,"win_rate":0.0,"timestamp":1610557454,"path_taken":["M","M","$","M","?","R","M","E","T","R","?","M","?","$","R","BOSS"],"items_purchased_type":["Card","Potion"],"build_version":"2020-12-22","purchased_purges":0,"victory":false,"max_hp_per_floor":[72,72,72,72,72,72,72,72,72,72,72,72,72,72,72,72,72,72],"relic_stats":{"counters":[8,16],"Juzu Bracelet":0,"Cursed Key":0,"obtain_stats":[{"Juzu Bracelet":9,"PureWater":0,"Frozen Egg 2":8,"Cursed Key":17},{"Juzu Bracelet":6,"PureWater":0,"Frozen Egg 2":6,"Cursed Key":8},{"Juzu Bracelet":11,"PureWater":0,"Frozen Egg 2":11,"Cursed Key":16}]},"card_choices":[{"not_picked":["MentalFortress","Protect"],"picked":"FollowUp","floor":1},{"not_picked":["EmptyBody","JustLucky","Wireheading"],"picked":"SKIP","floor":2},{"not_picked":["Halt","Collect","EmptyFist"],"picked":"SKIP","floor":4},{"not_picked":["Crescendo","CrushJoints","InnerPeace"],"picked":"SKIP","floor":5},{"not_picked":["Prostrate","SashWhip","Crescendo"],"picked":"SKIP","floor":7},{"not_picked":["Prostrate","Study+1","Vengeance"],"picked":"SKIP","floor":8},{"not_picked":["EmptyFist","CarveReality"],"picked":"FlurryOfBlows","floor":12},{"not_picked":["Blasphemy","Scrawl"],"picked":"Ragnarok","floor":16}],"player_experience":681780,"relics_obtained":[{"floor":8,"key":"Frozen Egg 2"},{"floor":9,"key":"Juzu Bracelet"}],"event_choices":[{"cards_removed":["Defend_P"],"damage_healed":0,"gold_gain":0,"player_choice":"Card Removal","damage_taken":0,"max_hp_gain":0,"max_hp_loss":0,"event_name":"The Cleric","floor":11,"gold_loss":50},{"damage_healed":0,"gold_gain":0,"player_choice":"Entered Light","damage_taken":14,"max_hp_gain":0,"max_hp_loss":0,"event_name":"Shining Light","floor":13,"gold_loss":0,"cards_upgraded":["Strike_P","Vigilance"]}],"is_beta":false,"boss_relics":[{"not_picked":["VioletLotus","Tiny House"],"picked":"Cursed Key"}],"items_purged_floors":[],"is_endless":false,"potions_floor_spawned":[1,5,7,12],"ascension_level":0}}