{"host":"kn32u0f2pym5bozc","time":1610535495,"event":{"mods":["2.2 Compatiblity","BaseMod","Better Third Choice","Minty Spire (QoL Compilation)","Permanent Neow","Relic Stats","StSLib","The Animator"],"gold_per_floor":[113,135,135,38,50,50,78,95,95,135,135,174,174,186,186,311,311,330,318,417,6,6,6,41,41,94,94,107,118,157,157,157],"floor_reached":31,"language":"ENG","playtime":1929,"items_purged":["animator:Strike"],"score":493,"play_id":"ba48bfed-5368-4320-873b-933f14c94560","local_time":"20210113055815","is_ascension_mode":true,"campfire_choices":[{"data":"animator:Mitsurugi","floor":6.0,"key":"SMITH"},{"data":"animator:Cocytus","floor":11,"key":"SMITH"},{"data":"animator:Fredrika","floor":13,"key":"SMITH"},{"data":"animator:PandorasActor","floor":15,"key":"SMITH"},{"data":"animator:Shalltear","floor":23,"key":"SMITH"},{"floor":25,"key":"REST"},{"data":"animator:Sebas","floor":27,"key":"SMITH"}],"circlet_count":0,"master_deck":["AscendersBane","animator:Strike_Overlord","animator:Defend_Overlord","animator:Strike","animator:Strike","animator:Defend","animator:Defend","animator:Defend","animator:Cocytus+1","animator:Demiurge+1","animator:Cocytus","animator:Mitsurugi+1","animator:Verdia","animator:Fredrika+1","animator:Kazuma","animator:PandorasActor+1","animator:Sebas+1","animator:Witch","animator:Shalltear+1","animator:Ainz","animator:TukaLunaMarceau+1","animator:Melzalgald","animator:Vesta+1","animator:MetalKnight","animator:Priestess+1","animator:Sebas+1","animator:RinTohsaka+1","animator:Konayuki+1"],"relics":["animator:LivingPicture","animator:TheMissingPiece","animator:PurgingStone","Dream Catcher","Strawberry","animator:BattleDrones","WingedGreaves","Torii","SlaversCollar","Toxic Egg 2","Letter Opener","Lantern","Orichalcum"],"acts_visited":["Exordium","TheCity"],"potions_floor_usage":[12,16,28,30],"damage_taken":[{"damage":1.0,"enemies":"2 Louse","floor":1.0,"turns":4.0},{"damage":0.0,"enemies":"Cultist","floor":2.0,"turns":4.0},{"damage":0.0,"enemies":"Small Slimes","floor":5.0,"turns":2.0},{"damage":15.0,"enemies":"Gremlin Nob","floor":7.0,"turns":3.0},{"damage":7.0,"enemies":"3 Louse","floor":8.0,"turns":4.0},{"damage":1,"enemies":"3 Sentries","floor":10,"turns":7},{"damage":11,"enemies":"Lagavulin","floor":12,"turns":6},{"damage":0,"enemies":"Red Slaver","floor":14,"turns":3},{"damage":10,"enemies":"Hexaghost","floor":16,"turns":9},{"damage":13,"enemies":"Spheric Guardian","floor":18,"turns":4},{"damage":9,"enemies":"2 Thieves","floor":19,"turns":4},{"damage":7,"enemies":"Gremlin Leader","floor":24,"turns":9},{"damage":7,"enemies":"Cultist and Chosen","floor":28,"turns":6},{"damage":9,"enemies":"Snake Plant","floor":29,"turns":4},{"damage":0,"enemies":"Book of Stabbing","floor":30,"turns":5},{"damage":43,"enemies":"3 Cultists","floor":31,"turns":5}],"seed_played":"-1313181679780603020","potions_obtained":[{"floor":5.0,"key":"Swift Potion"},{"floor":8.0,"key":"GamblersBrew"},{"floor":12,"key":"Fire Potion"},{"floor":14,"key":"Energy Potion"},{"floor":16,"key":"SneckoOil"},{"floor":19,"key":"Dexterity Potion"}],"is_trial":false,"path_per_floor":["M","M","?","$","M","R","E","M","T","E","R","E","R","M","R","B",null,"M","M","?","$","?","R","E","R","T","R","M","M","E","M"],"character_chosen":"THE_ANIMATOR","items_purchased":["animator:Mitsurugi","animator:Verdia","Toxic Egg 2","animator:Vesta+1"],"campfire_rested":1,"item_purchase_floors":[4,4,21,21],"current_hp_per_floor":[58,58,58,58,58,58,50,44,44,43,43,32,32,33,33,23,62,49,40,40,40,40,40,33,56,56,56,49,40,40,0,0],"gold":157,"neow_bonus":"UPGRADE_CARD","is_daily":false,"chose_seed":false,"campfire_upgraded":6,"win_rate":0.0,"timestamp":1610535495,"path_taken":["M","M","?","$","?","R","E","M","T","E","R","E","R","M","R","BOSS","M","M","?","$","?","R","E","R","T","R","?","M","E","M"],"items_purchased_type":["Card","Card","Relic","Card"],"build_version":"2020-12-22","purchased_purges":1,"victory":false,"max_hp_per_floor":[66,66,66,66,66,66,73,74,74,74,74,74,74,75,75,75,75,75,75,75,75,75,75,75,76,76,76,76,76,76,76,76],"relic_stats":{"Dream Catcher":1,"Torii":11,"counters":[16,79],"Letter Opener":[24],"Orichalcum":[0],"obtain_stats":[{"Lantern":26,"Torii":12,"animator:TheMissingPiece":0,"animator:BattleDrones":9,"Letter Opener":24,"Orichalcum":30,"SlaversCollar":17,"Dream Catcher":3,"animator:PurgingStone":0,"Strawberry":7,"animator:LivingPicture":0,"WingedGreaves":10,"Toxic Egg 2":21},{"Lantern":12,"Torii":7,"animator:TheMissingPiece":0,"animator:BattleDrones":5,"Letter Opener":12,"Orichalcum":15,"SlaversCollar":9,"Dream Catcher":2,"animator:PurgingStone":0,"Strawberry":4,"animator:LivingPicture":0,"WingedGreaves":6,"Toxic Egg 2":11},{"Lantern":59,"Torii":30,"animator:TheMissingPiece":0,"animator:BattleDrones":17,"Letter Opener":59,"Orichalcum":74,"SlaversCollar":42,"Dream Catcher":8,"animator:PurgingStone":0,"Strawberry":13,"animator:LivingPicture":0,"WingedGreaves":24,"Toxic Egg 2":50}]},"card_choices":[{"not_picked":["animator:Priestess","animator:EmiyaShirou"],"picked":"animator:Cocytus","floor":1.0},{"not_picked":["animator:Souei","animator:Cocytus"],"picked":"animator:PandorasActor","floor":2.0},{"not_picked":["animator:ZankiKiguchi","animator:Mitsurugi"],"picked":"animator:Fredrika","floor":5.0},{"not_picked":["animator:Verdia","animator:Aqua"],"picked":"animator:Kazuma","floor":7.0},{"not_picked":["animator:Vesta","animator:Cocytus"],"picked":"animator:PandorasActor","floor":8.0},{"not_picked":["animator:Shinoa","animator:Hakurou"],"picked":"animator:Sebas","floor":10},{"not_picked":["animator:ChaikaBohdan","animator:Illya"],"picked":"animator:Witch","floor":12},{"not_picked":["animator:PandorasActor","animator:Cocytus"],"picked":"animator:Shalltear","floor":14},{"not_picked":["animator:Eve","animator:ItamiYouji"],"picked":"animator:Ainz","floor":16},{"not_picked":["animator:Shinoa","animator:Nanami"],"picked":"animator:TukaLunaMarceau+1","floor":18},{"not_picked":["animator:Hitei","animator:MumenRider"],"picked":"animator:Melzalgald","floor":19},{"not_picked":["animator:Priestess+1","animator:Nanami+1"],"picked":"animator:MetalKnight","floor":24},{"not_picked":["animator:Rena+1","animator:Cocytus"],"picked":"animator:Priestess+1","floor":25},{"not_picked":["animator:Cocytus","animator:Entoma"],"picked":"animator:Sebas+1","floor":28},{"not_picked":["animator:Cocytus","animator:Shuna+1"],"picked":"animator:RinTohsaka+1","floor":29},{"not_picked":["animator:Shigure+1","animator:Lu"],"picked":"animator:Konayuki+1","floor":30}],"player_experience":831646,"relics_obtained":[{"floor":7.0,"key":"Strawberry"},{"floor":9.0,"key":"animator:BattleDrones"},{"floor":10,"key":"WingedGreaves"},{"floor":12,"key":"Torii"},{"floor":24,"key":"Letter Opener"},{"floor":26,"key":"Lantern"},{"floor":30,"key":"Orichalcum"}],"event_choices":[{"cards_removed":["animator:PandorasActor"],"damage_healed":0.0,"max_hp_gain":0.0,"max_hp_loss":0.0,"gold_gain":0.0,"event_name":"WeMeetAgain","player_choice":"Gave Card","floor":3.0,"gold_loss":0.0,"damage_taken":0.0,"relics_obtained":["Dream Catcher"]},{"damage_healed":0,"gold_gain":99,"player_choice":"Steal","damage_taken":0,"max_hp_gain":0,"max_hp_loss":0,"event_name":"betterThird:BetterNest","floor":20,"gold_loss":0},{"damage_healed":0,"gold_gain":0,"player_choice":"Ignored","damage_taken":0,"max_hp_gain":0,"max_hp_loss":0,"event_name":"N\u0027loth","floor":22,"gold_loss":0}],"is_beta":false,"boss_relics":[{"not_picked":["Fusion Hammer","Cursed Key"],"picked":"SlaversCollar"}],"items_purged_floors":[21],"is_endless":false,"potions_floor_spawned":[5,8,12,14,16,19,24],"killed_by":"3 Cultists","ascension_level":11}}