{"host":"z9grmtg2w0nmz8n1","time":1610503287,"event":{"mods":["Aspiration","Bard","BaseMod","Beaked The Cultist","Better Altar","Better Match","Better Note","Better Sensory Stone","Better Skull","Better Third Choice","BetterRewards","CCEM","Colored Map","Conspire","Downfall","GifTheSpireLib","Googly Eyes","Halation","Hermit","Highlight Path","Hubris","Hunter ??","Jedi Mod","Jorbs\u0027s Wanderer Trilogy","Mad Scientist","Marisa????????","Minty Spire (QoL Compilation)","Permanent Neow","Replay The Spire","Shade Mod","Shop Mod","Spicy Shops","StSLib","Stuff the Spire","The Bug Knight","The Construct","The Necromancer","The Runesmith","The Witch"],"gold_per_floor":[119,119,130,142,142,183,183,201,278,294,318,318,318,337,337,337,337],"floor_reached":16,"language":"ENG","playtime":697,"items_purged":[],"score":104,"play_id":"605209b5-0cd9-45e0-b061-1273f165b4b0","local_time":"20210113000127","is_ascension_mode":false,"campfire_choices":[{"floor":7,"key":"RECALL"},{"floor":13,"key":"REST"},{"data":"MadScienceMod:HideBehindJunk","floor":15,"key":"SMITH"}],"circlet_count":0,"master_deck":["MadScienceMod:Strike_MadScience","MadScienceMod:Strike_MadScience","MadScienceMod:Defend_MadScience","MadScienceMod:Defend_MadScience","MadScienceMod:Defend_MadScience","MadScienceMod:Defend_MadScience","MadScienceMod:PoweredStrike","MadScienceMod:FlameCannon","MadScienceMod:SelfDestruct","MadScienceMod:FumeBlast","MadScienceMod:GatherParts","MadScienceMod:HideBehindJunk+1","MadScienceMod:OilDrum","MadScienceMod:OilDrum","MadScienceMod:OilDrum"],"relics":["MadScienceMod:FuelTank","Golden Idol","StuffTheSpire:Mouthbags"],"acts_visited":["Exordium"],"potions_floor_usage":[10,16,16,16],"damage_taken":[{"damage":4,"enemies":"Jaw Worm","floor":1,"turns":6},{"damage":2,"enemies":"Cultist","floor":3,"turns":5},{"damage":2,"enemies":"Small Slimes","floor":4,"turns":4},{"damage":23,"enemies":"3 Sentries","floor":6,"turns":3},{"damage":6,"enemies":"Blue Slaver","floor":8,"turns":5},{"damage":8,"enemies":"Lots of Slimes","floor":10,"turns":2},{"damage":4,"enemies":"2 Fungi Beasts","floor":11,"turns":3},{"damage":0,"enemies":"Exordium Thugs","floor":14,"turns":3},{"damage":70,"enemies":"Fading Forest","floor":16,"turns":9}],"seed_played":"7241671088639023644","potions_obtained":[{"floor":3,"key":"sneckomod:MuddlingPotion"},{"floor":8,"key":"SkillPotion"},{"floor":11,"key":"Weak Potion"},{"floor":12,"key":"Explosive Potion"},{"floor":12,"key":"AttackPotion"}],"is_trial":false,"path_per_floor":["M","?","M","M","?","E","R","M","T","M","M","?","R","M","R","B"],"character_chosen":"MAD_SCIENTIST","items_purchased":[],"campfire_rested":1,"item_purchase_floors":[],"current_hp_per_floor":[71,71,69,67,67,44,44,38,38,30,26,26,46,46,46,0,0],"gold":337,"neow_bonus":"REMOVE_CARD","is_daily":false,"chose_seed":false,"campfire_upgraded":1,"win_rate":0.0,"timestamp":1610503287,"path_taken":["M","?","?","M","?","E","R","M","T","?","M","?","R","?","R","BOSS"],"items_purchased_type":[],"build_version":"2020-12-22","purchased_purges":0,"victory":false,"max_hp_per_floor":[75,75,75,75,69,69,69,69,69,69,69,69,69,69,69,69,69],"card_choices":[{"not_picked":["MadScienceMod:Refuel","MadScienceMod:EnergyBarrier"],"picked":"MadScienceMod:FlameCannon","floor":1},{"not_picked":["MadScienceMod:Weaponize","MadScienceMod:LightOnFire"],"picked":"MadScienceMod:FumeBlast","floor":3},{"not_picked":["MadScienceMod:FlammableWall","MadScienceMod:Redesign"],"picked":"MadScienceMod:GatherParts","floor":4},{"not_picked":["MadScienceMod:BoxOfScraps","MadScienceMod:Bombardment","MadScienceMod:CaptureMomentum"],"picked":"SKIP","floor":6},{"not_picked":["MadScienceMod:LightOnFire","MadScienceMod:ShrinkRay"],"picked":"MadScienceMod:OilDrum","floor":8},{"not_picked":["MadScienceMod:CaptureMomentum","MadScienceMod:PowerArmor"],"picked":"MadScienceMod:OilDrum","floor":10},{"not_picked":["MadScienceMod:Refuel","MadScienceMod:LightOnFire","MadScienceMod:Redesign"],"picked":"SKIP","floor":11},{"not_picked":["MadScienceMod:GattlingGun","MadScienceMod:SelfDestruct"],"picked":"MadScienceMod:OilDrum","floor":14}],"player_experience":855197,"relics_obtained":[{"floor":6,"key":"StuffTheSpire:Mouthbags"}],"event_choices":[{"damage_healed":0,"gold_gain":0,"cards_transformed":["MadScienceMod:Strike_MadScience"],"player_choice":"Transformed","damage_taken":0,"max_hp_gain":0,"max_hp_loss":0,"event_name":"Transmorgrifier","floor":2,"gold_loss":0,"cards_obtained":["MadScienceMod:SelfDestruct"]},{"damage_healed":0,"gold_gain":0,"player_choice":"Lose Max HP","damage_taken":0,"relics_obtained":["Golden Idol"],"max_hp_gain":0,"max_hp_loss":6,"event_name":"Golden Idol","floor":5,"gold_loss":0},{"damage_healed":0,"gold_gain":0,"player_choice":"Got Potions","damage_taken":0,"max_hp_gain":0,"max_hp_loss":0,"event_name":"Lab","floor":12,"gold_loss":0}],"is_beta":false,"boss_relics":[],"items_purged_floors":[],"is_endless":false,"potions_floor_spawned":[3,8,11,14],"killed_by":"Fading Forest","ascension_level":0}}