{"host":"hl3ams4am2ku5u4p","time":1610582168,"event":{"mods":["Aspiration","BaseMod","Beaked The Cultist","BetterRewards","CatGirl Mod","Colored Map","Colored Powertips","Conspire","Downfall","Energized Spire","Halation","HornydragonMod","Hubris","Infinite Spire","Mad Scientist","Magitek Elite","Minty Spire (QoL Compilation)","READ ME - Guardian Mod","Replay The Spire","Spikes Relics","StSLib","SuperFastMode","The Blackbeard","The Bug Knight","The Construct","The Disciple","The Factory","The Jungle","The Mystic","The Necromancer","The Senshi","vexMod"],"gold_per_floor":[119,139,139,155,155,166,186,186,186,225,225,225,225,252,252,353,353,413,413,447,494,235,277,277,277,277,292,392,418,418,439,439,549,549,598,303,303,303,356,356,378,378,378,406,406,448,479,526,526,542,542,542,67,112,124,124],"floor_reached":55,"language":"FRA","playtime":3675,"items_purged":["Heavy Blade"],"score":709,"play_id":"af46c592-d0a3-42c4-ae83-1905bcf837c2","local_time":"20210114005608","is_ascension_mode":false,"campfire_choices":[{"floor":8,"key":"RECALL"},{"data":"expansioncontent:QuickStudy","floor":12,"key":"SMITH"},{"floor":15,"key":"DIG"},{"data":"Flex","floor":24,"key":"SMITH"},{"floor":30,"key":"REST"},{"data":"Limit Break","floor":32,"key":"SMITH"},{"floor":40,"key":"REST"},{"data":"Metallicize","floor":42,"key":"SMITH"},{"floor":45,"key":"REST"},{"floor":49,"key":"REST"},{"data":"Disarm","floor":52,"key":"SMITH"}],"circlet_count":0,"master_deck":["Strike_R","Strike_R","Strike_R","Defend_R","Defend_R","Defend_R","Defend_R","Bash","Disarm+1","expansioncontent:Flail+1","expansioncontent:QuickStudy+1","Shrug It Off","Flex","Headbutt","Flex+1","Limit Break+1","Heavy Blade+1","Replay:Dark Deal","Disarm+1","ReplayTheSpireMod:Stacked+1","Rampage","Metallicize+1","ReplayTheSpireMod:Muscle Training","Sword Boomerang+1","Flex+1","Dual Wield+1","Iron Wave+1","Armaments+1","Inflame","The Bomb+1","conspire:Charge"],"relics":["Burning Blood","Replay:Bandana","Replay:Wax Seal","energizedSpire:DeadBattery","Pet Ghost","hubris:BottledRain","FossilizedHelix","Torii","Blue Doll","infinitespire:Beetle Shell","Cauldron","Replay:Mystery Machine"],"acts_visited":["Exordium","TheCity","TheBeyond","TheEnding"],"potions_floor_usage":[6,10,16,41,44,46,46,54,55,55],"damage_taken":[{"damage":0,"enemies":"Cultist","floor":1,"turns":4},{"damage":2,"enemies":"Small Slimes","floor":2,"turns":2},{"damage":4,"enemies":"2 Louse","floor":4,"turns":2},{"damage":0,"enemies":"Gremlin Gang","floor":6,"turns":2},{"damage":0,"enemies":"3 Louse","floor":7,"turns":3},{"damage":11,"enemies":"Large Slime","floor":10,"turns":3},{"damage":6,"enemies":"Blue Slaver","floor":14,"turns":1},{"damage":42,"enemies":"Slime Boss","floor":16,"turns":11},{"damage":0,"enemies":"3 Byrds","floor":18,"turns":3},{"damage":11,"enemies":"Shell Parasite","floor":20,"turns":3},{"damage":24,"enemies":"HollowMod:Nosk","floor":23,"turns":5},{"damage":2,"enemies":"conspire:HollyBat","floor":27,"turns":5},{"damage":20,"enemies":"Shelled Parasite and Fungi","floor":29,"turns":4},{"damage":2,"enemies":"Snake Plant","floor":31,"turns":3},{"damage":8,"enemies":"Pondfish","floor":33,"turns":8},{"damage":24,"enemies":"3 Darklings","floor":35,"turns":5},{"damage":25,"enemies":"conspire:MimicChest","floor":39,"turns":8},{"damage":0,"enemies":"Orb Walker","floor":41,"turns":3},{"damage":32,"enemies":"Jaw Worm Horde","floor":44,"turns":5},{"damage":43,"enemies":"Nemesis","floor":46,"turns":7},{"damage":24,"enemies":"3 Darklings","floor":47,"turns":5},{"damage":2,"enemies":"4 Shapes","floor":48,"turns":9},{"damage":24,"enemies":"Replay:Hell Engine","floor":50,"turns":12},{"damage":83,"enemies":"Shield and Spear","floor":54,"turns":6},{"damage":60,"enemies":"The Heart","floor":55,"turns":2}],"seed_played":"626413409936873810","potions_obtained":[{"floor":2,"key":"construct:ShiftPotion"},{"floor":4,"key":"AttackPotion"},{"floor":6,"key":"SkillPotion"},{"floor":16,"key":"Doom Potion"},{"floor":18,"key":"sneckomod:MuddlingPotion"},{"floor":27,"key":"AttackPotion"},{"floor":35,"key":"LiquidMemories"},{"floor":39,"key":"infinitespire:BlackPotion"},{"floor":44,"key":"SkillPotion"},{"floor":53,"key":"infinitespire:BlackPotion"},{"floor":53,"key":"BloodPotion"}],"is_trial":false,"path_per_floor":["M","M","?","M","$","M","M","R","T","M","?","R","?","M","R_BF","B",null,"M","?","M","T","$","E","R","?","T","M","?","M","R","M","R","B",null,"M","$","?","?","?","R","M","R","T","M","R","E","M","M","R","B",null,"R","$","E","B"],"character_chosen":"IRONCLAD","items_purchased":["Disarm","expansioncontent:Flail","expansioncontent:QuickStudy","Shrug It Off","Block Potion","Replay:Dark Deal","FossilizedHelix","Inflame","The Bomb+1","Dexterity Potion","EssenceOfSteel","Cauldron"],"campfire_rested":4,"item_purchase_floors":[0,0,0,0,0,22,36,53,53,53,53,53],"current_hp_per_floor":[78,80,80,80,80,80,80,80,80,75,75,75,75,75,75,39,80,80,80,75,75,75,57,57,57,57,61,61,47,71,75,75,73,80,62,62,62,62,43,67,73,73,73,47,71,34,16,20,44,26,80,80,80,19,0,0],"gold":124,"neow_bonus":"","is_daily":false,"chose_seed":false,"campfire_upgraded":5,"win_rate":0.0,"timestamp":1610582168,"path_taken":["M","M","?","M","$","M","M","R","T","M","?","R","?","M","R_BF","BOSS","M","?","?","?","$","E","R","?","T","M","?","?","R","M","R","BOSS","M","$","?","?","?","R","?","R","T","M","R","E","M","?","R","BOSS","R","$","E","BOSS"],"items_purchased_type":["Card","Card","Card","Card","Potion","Card","Relic","Card","Card","Potion","Potion","Relic"],"build_version":"2020-12-22","purchased_purges":1,"victory":false,"max_hp_per_floor":[80,80,80,80,80,80,80,80,80,80,80,80,80,80,80,80,80,80,80,80,80,80,80,80,80,80,80,80,80,80,80,80,80,80,80,80,80,80,80,80,80,80,80,80,80,80,80,80,80,80,80,80,80,80,80,80],"card_choices":[{"not_picked":["ReplayTheSpireMod:Strike From Hell","Pommel Strike"],"picked":"Flex","floor":1},{"not_picked":["True Grit","Dual Wield"],"picked":"Heavy Blade","floor":2},{"not_picked":["Thunderclap","ReplayReversal","ReplayTheSpireMod:Strike From Hell"],"picked":"SKIP","floor":4},{"not_picked":["Hemogenesis","hubris:CleavingFinish","Clothesline"],"picked":"SKIP","floor":6},{"not_picked":["Perfected Strike","Massacre"],"picked":"Headbutt","floor":7},{"not_picked":["Reckless Charge","Disarm","Replay:Undeath\u0027s Touch"],"picked":"SKIP","floor":10},{"not_picked":["Twin Strike","Dropkick"],"picked":"Flex","floor":14},{"not_picked":["Reaper","Feed"],"picked":"Limit Break","floor":16},{"not_picked":["Hemokinesis","Sever Soul","Clash"],"picked":"SKIP","floor":18},{"not_picked":["ReplayTheSpireMod:Limb From Limb","Twin Strike"],"picked":"Heavy Blade+1","floor":20},{"not_picked":["Warcry","Heavy Blade"],"picked":"Disarm+1","floor":23},{"not_picked":["Corruption","Fire Breathing"],"picked":"ReplayTheSpireMod:Stacked+1","floor":27},{"not_picked":["Replay:Undeath\u0027s Touch","Clothesline"],"picked":"Rampage","floor":29},{"not_picked":["Thunderclap+1","Warcry"],"picked":"Metallicize","floor":31},{"not_picked":["Disarm+1","Pommel Strike"],"picked":"ReplayTheSpireMod:Muscle Training","floor":35},{"not_picked":["Sever Soul+1","True Grit+1"],"picked":"Sword Boomerang+1","floor":39},{"not_picked":["Pommel Strike","Warcry+1"],"picked":"Flex+1","floor":41},{"not_picked":["Pommel Strike","True Grit"],"picked":"Dual Wield+1","floor":44},{"not_picked":["hubris:StunningStrike","Warcry","Anger+1"],"picked":"SKIP","floor":46},{"not_picked":["Headbutt","Reckless Charge"],"picked":"Iron Wave+1","floor":47},{"not_picked":["Clothesline+1","Run Through+1"],"picked":"Armaments+1","floor":48},{"not_picked":["True Grit+1","ReplayTheSpireMod:Strike From Hell"],"picked":"conspire:Charge","floor":54}],"player_experience":13027,"relics_obtained":[{"floor":9,"key":"Replay:Bandana"},{"floor":15,"key":"Replay:Wax Seal"},{"floor":23,"key":"Pet Ghost"},{"floor":26,"key":"hubris:BottledRain"},{"floor":39,"key":"Torii"},{"floor":43,"key":"Blue Doll"},{"floor":46,"key":"infinitespire:Beetle Shell"},{"floor":54,"key":"Replay:Mystery Machine"}],"event_choices":[{"cards_removed":["Strike_R"],"damage_healed":0,"gold_gain":0,"player_choice":"Card Removal","damage_taken":0,"max_hp_gain":0,"max_hp_loss":0,"event_name":"Wheel of Change","floor":19,"gold_loss":0},{"damage_healed":0,"gold_gain":0,"player_choice":"Ignored","damage_taken":0,"max_hp_gain":0,"max_hp_loss":0,"event_name":"Vampires","floor":25,"gold_loss":0},{"damage_healed":0,"gold_gain":100,"player_choice":"Pray","damage_taken":0,"max_hp_gain":0,"max_hp_loss":0,"event_name":"Golden Shrine","floor":28,"gold_loss":0},{"damage_healed":0,"gold_gain":0,"player_choice":"Ignored","damage_taken":0,"max_hp_gain":0,"max_hp_loss":0,"event_name":"Mysterious Sphere","floor":38,"gold_loss":0}],"is_beta":false,"boss_relics":[{"not_picked":["energizedSpire:MagnifyingGlass","halation:PlatinumPhoenix"],"picked":"energizedSpire:DeadBattery"},{"not_picked":["infinitespire:Cupcake","hubris:RunicObelisk","halation:ForbiddenBikini"]}],"items_purged_floors":[22],"is_endless":false,"potions_floor_spawned":[2,4,6,16,18,27,33,35,39,44],"killed_by":"The Heart","ascension_level":0}}