{"host":"bw00wb7p5bw58om7","time":1610543224,"event":{"mods":["Act Like it!","BaseMod","Downfall","Gensokyo","Koishi","KomeijiMod","Luminous","Marisa????????","Minty Spire (QoL Compilation)","Onozuka Komachi Mod","Permanent Neow","Prisma Mod","Reimu??????","Remilia??????","StSLib","The Animator","The Druid","The Exalted","The Jungle","The Mystic","The Problem Sleuth","The Senshi","The Servant 0.9.4","The Wild Card","TheArtist","Wandering Minibosses"],"gold_per_floor":[111,111,122,53,69,95,95,111,111,211,211,236,236,247,247,247,247],"floor_reached":16,"language":"ENG","playtime":565,"items_purged":[],"score":100,"play_id":"fe71c08c-6643-4950-af30-7c90e187ee39","local_time":"20210113130704","is_ascension_mode":false,"campfire_choices":[{"data":"RefractionSpark","floor":7,"key":"SMITH"},{"data":"BinaryStars","floor":13,"key":"SMITH"},{"floor":15,"key":"REST"}],"circlet_count":0,"master_deck":["Strike_MRS","Strike_MRS","Strike_MRS","Strike_MRS","Defend_MRS","Defend_MRS","Defend_MRS","Defend_MRS","MasterSpark","UpSweep","MilkyWay+1","GravityBeat","Gensokyo:RustyChest","RefractionSpark+1","SuperPerseids","BinaryStars+1","Pain","UnstableBomb"],"relics":["MiniHakkero","Bromod:ArcaneGuardian","Bag of Marbles","Tea:ReiMu","Gensokyo:LunaticRedEyes","Omamori"],"acts_visited":["Gensokyo:Gensokyo"],"potions_floor_usage":[],"damage_taken":[{"damage":4,"enemies":"Gensokyo:3_Fairies","floor":1,"turns":3},{"damage":0,"enemies":"Gensokyo:Python","floor":3,"turns":3},{"damage":7,"enemies":"Gensokyo:Gryphon","floor":5,"turns":3},{"damage":53,"enemies":"Gensokyo:Cirno","floor":6,"turns":9},{"damage":3,"enemies":"Gensokyo:VengefulSpirit","floor":8,"turns":3},{"damage":13,"enemies":"Gensokyo:Python_and_Kodama","floor":14,"turns":5},{"damage":29,"enemies":"Gensokyo:Kokoro","floor":16,"turns":5}],"seed_played":"-7687536509068516159","potions_obtained":[{"floor":3,"key":"SkillPotion"},{"floor":6,"key":"AttackPotion"},{"floor":8,"key":"BottledSpark"}],"is_trial":false,"path_per_floor":["M","?","M","COS","M","E","R","M","T","?","?","T","R","M","R","B"],"character_chosen":"MARISA","items_purchased":[],"campfire_rested":1,"item_purchase_floors":[],"current_hp_per_floor":[78,78,78,78,71,18,18,15,15,15,15,15,15,2,26,0,0],"gold":247,"neow_bonus":"TEN_PERCENT_HP_BONUS","is_daily":false,"chose_seed":false,"campfire_upgraded":2,"win_rate":0.0,"timestamp":1610543224,"path_taken":["M","?","?","COS","M","E","R","M","T","?","?","?","R","M","R","BOSS"],"items_purchased_type":[],"build_version":"2020-12-22","purchased_purges":0,"victory":false,"max_hp_per_floor":[82,82,82,82,82,82,82,82,82,82,82,82,82,82,82,82,82],"card_choices":[{"not_picked":["6A","DC"],"picked":"MilkyWay","floor":1},{"not_picked":["DragonMeteor","Acceleration"],"picked":"GravityBeat","floor":3},{"not_picked":["MysteriousBeam","WitchLeyline"],"picked":"RefractionSpark","floor":5},{"not_picked":["AsteroidBelt","IllusionStar"],"picked":"SuperPerseids","floor":6},{"not_picked":["UnstableBomb","IllusionStar"],"picked":"BinaryStars","floor":8},{"not_picked":["IllusionStar","GasGiant"],"picked":"UnstableBomb","floor":14}],"player_experience":241835,"relics_obtained":[{"floor":6,"key":"Bromod:ArcaneGuardian"},{"floor":9,"key":"Tea:ReiMu"},{"floor":12,"key":"Omamori"}],"event_choices":[],"is_beta":false,"boss_relics":[],"items_purged_floors":[],"is_endless":false,"potions_floor_spawned":[3,6,8],"killed_by":"Gensokyo:Kokoro","ascension_level":0}}