{"host":"7l2t4psy44vpcd9q","time":1610559527,"event":{"mods":["AchievementEnabler","BaseMod","DeckTracker","Minty Spire (QoL Compilation)","SuperFastMode"],"gold_per_floor":[115,135,149,149,159,159,159,184,184,223,95,154,154,170,170,269,269,293,208,208,229,250,250,250],"floor_reached":23,"language":"KOR","playtime":1078,"items_purged":["Strike_G"],"score":386,"play_id":"619b3fa6-b5b6-4928-9f57-26246ea1e6f9","local_time":"20210114023847","is_ascension_mode":true,"campfire_choices":[{"data":"Eviscerate","floor":6.0,"key":"SMITH"},{"floor":15.0,"key":"REST"}],"circlet_count":0,"master_deck":["AscendersBane","Strike_G","Strike_G","Strike_G","Defend_G","Defend_G","Defend_G","Survivor","Neutralize","Dash","Slice","Eviscerate+1","Bouncing Flask","Backstab","Dagger Throw","Venomology","Blur+1","Cloak And Dagger","Tools of the Trade","Tactician","Dodge and Roll+1"],"relics":["Ring of the Snake","Potion Belt","Oddly Smooth Stone","Golden Idol","Dream Catcher","Pantograph","SacredBark","Tough Bandages"],"acts_visited":["Exordium","TheCity"],"potions_floor_usage":[23,23],"damage_taken":[{"damage":11.0,"enemies":"Cultist","floor":1.0,"turns":5.0},{"damage":0.0,"enemies":"Jaw Worm","floor":2.0,"turns":4.0},{"damage":5.0,"enemies":"2 Louse","floor":3.0,"turns":2.0},{"damage":0.0,"enemies":"Red Slaver","floor":5.0,"turns":3.0},{"damage":0.0,"enemies":"Looter","floor":8.0,"turns":3.0},{"damage":29.0,"enemies":"Gremlin Nob","floor":10.0,"turns":4.0},{"damage":0.0,"enemies":"3 Louse","floor":14.0,"turns":2.0},{"damage":29.0,"enemies":"The Guardian","floor":16.0,"turns":10.0},{"damage":0.0,"enemies":"Shell Parasite","floor":18.0,"turns":4.0},{"damage":2.0,"enemies":"3 Byrds","floor":21.0,"turns":4.0},{"damage":11.0,"enemies":"Sentry and Sphere","floor":22.0,"turns":7.0},{"damage":48,"enemies":"Gremlin Leader","floor":23,"turns":9}],"seed_played":"-8106781048712494788","potions_obtained":[{"floor":1.0,"key":"Explosive Potion"},{"floor":5.0,"key":"SneckoOil"},{"floor":10.0,"key":"DuplicationPotion"},{"floor":14.0,"key":"SkillPotion"},{"floor":22.0,"key":"Energy Potion"}],"is_trial":false,"path_per_floor":["M","M","M","?","M","R","?","M","T","E","$","?","?","M","R","B",null,"M","?","?","M","M","E"],"character_chosen":"THE_SILENT","items_purchased":["BlessingOfTheForge"],"campfire_rested":1,"item_purchase_floors":[11],"current_hp_per_floor":[48,48,43,32,32,32,32,32,32,3,3,3,3,3,21,17,49,49,49,49,47,36,0,0],"gold":250,"neow_bonus":"RANDOM_COMMON_RELIC","is_daily":false,"chose_seed":false,"campfire_upgraded":1,"win_rate":0.0,"timestamp":1610559527,"path_taken":["M","M","?","?","M","R","?","M","T","E","$","?","?","M","R","BOSS","M","?","?","M","M","E"],"items_purchased_type":["Potion"],"build_version":"2020-12-22","purchased_purges":1,"victory":false,"max_hp_per_floor":[66,66,66,66,66,66,60,60,60,60,60,60,60,60,60,60,60,60,60,60,60,60,60,60],"card_choices":[{"not_picked":["Cloak And Dagger","Caltrops"],"picked":"Dash","floor":1.0},{"not_picked":["Backflip","Prepared"],"picked":"Slice","floor":2.0},{"not_picked":["Escape Plan","Endless Agony"],"picked":"Eviscerate","floor":3.0},{"not_picked":["Underhanded Strike","Backflip","Skewer"],"picked":"SKIP","floor":5.0},{"not_picked":["Underhanded Strike","Backflip","Skewer"],"picked":"SKIP","floor":5.0},{"not_picked":["Poisoned Stab","Deadly Poison"],"picked":"Bouncing Flask","floor":8.0},{"not_picked":["Dodge and Roll","Infinite Blades"],"picked":"Backstab","floor":10.0},{"not_picked":["Finisher","Concentrate","Noxious Fumes"],"picked":"SKIP","floor":14.0},{"not_picked":["Backflip","Dagger Spray"],"picked":"Dagger Throw","floor":15.0},{"not_picked":["After Image","Malaise"],"picked":"Venomology","floor":16.0},{"not_picked":["Outmaneuver","Cloak And Dagger"],"picked":"Blur+1","floor":18.0},{"not_picked":["Finisher+1","Quick Slash"],"picked":"Tactician","floor":21.0},{"not_picked":["Blade Dance","Outmaneuver"],"picked":"Dodge and Roll+1","floor":22.0}],"player_experience":1235623,"relics_obtained":[{"floor":9.0,"key":"Dream Catcher"},{"floor":10.0,"key":"Pantograph"}],"event_choices":[{"damage_healed":0.0,"max_hp_gain":0.0,"max_hp_loss":0.0,"gold_gain":0.0,"event_name":"Scrap Ooze","player_choice":"Success","floor":4.0,"gold_loss":0.0,"damage_taken":11.0,"relics_obtained":["Oddly Smooth Stone"]},{"damage_healed":0.0,"max_hp_gain":0.0,"max_hp_loss":6.0,"gold_gain":0.0,"event_name":"Golden Idol","player_choice":"Lose Max HP","floor":7.0,"gold_loss":0.0,"damage_taken":0.0,"relics_obtained":["Golden Idol"]},{"damage_healed":0.0,"max_hp_gain":0.0,"max_hp_loss":0.0,"gold_gain":59.0,"event_name":"Golden Wing","player_choice":"Gained Gold","floor":12.0,"gold_loss":0.0,"damage_taken":0.0},{"cards_removed":["Defend_G"],"damage_healed":0.0,"max_hp_gain":0.0,"max_hp_loss":0.0,"gold_gain":0.0,"event_name":"Purifier","player_choice":"Purged","floor":13.0,"gold_loss":0.0,"damage_taken":0.0},{"damage_healed":0.0,"max_hp_gain":0.0,"max_hp_loss":0.0,"gold_gain":0.0,"event_name":"Addict","player_choice":"Obtained Relic","floor":19.0,"gold_loss":85.0,"damage_taken":0.0,"relics_obtained":["Tough Bandages"]},{"damage_healed":0.0,"max_hp_gain":0.0,"max_hp_loss":0.0,"gold_gain":0.0,"cards_transformed":["Defend_G","Strike_G"],"event_name":"Drug Dealer","player_choice":"Became Test Subject","floor":20.0,"gold_loss":0.0,"damage_taken":0.0,"cards_obtained":["Cloak And Dagger","Tools of the Trade"]}],"is_beta":false,"boss_relics":[{"not_picked":["Astrolabe","Ring of the Serpent"],"picked":"SacredBark"}],"items_purged_floors":[11],"is_endless":false,"potions_floor_spawned":[1,5,10,14,22],"killed_by":"Gremlin Leader","ascension_level":20}}