{"host":"oehe2dxjvdgux73m","time":1610518924,"event":{"mods":["AchievementEnabler","BaseMod","Colored Map","Colored Powertips","DeckTracker","Keyboard Shortcuts","Minty Spire (QoL Compilation)","Permanent Neow","Quick Restart","StSLib","SuperFastMode"],"gold_per_floor":[117,117,135,150,160,160,193,206,206,206,233,244,261,293,293,398,398,415,415,415,435,450,477,477,220,220,250,270,72,82,93,93,198,198,214,16,16,0,13,41,41,72,84,96,119,158,183,212,224,236],"floor_reached":51,"language":"KOR","playtime":2071,"items_purged":["Strike_R","Strike_R"],"score":1189,"play_id":"d9106327-2ca6-4a89-9cd7-c212fc8ed81f","local_time":"20210113152204","is_ascension_mode":true,"campfire_choices":[{"data":"Offering","floor":6.0,"key":"SMITH"},{"data":"Infernal Blade","floor":10.0,"key":"SMITH"},{"data":"Bash","floor":15.0,"key":"SMITH"},{"data":"Body Slam","floor":24.0,"key":"SMITH"},{"floor":32,"key":"REST"},{"data":"Juggernaut","floor":41,"key":"SMITH"},{"floor":49,"key":"REST"}],"circlet_count":0,"master_deck":["Strike_R","Defend_R","Defend_R","Defend_R","Defend_R","Bash+1","Thunderclap","Offering+1","Shrug It Off","Wild Strike","Infernal Blade+1","Seeing Red","Shrug It Off","Immolate","Body Slam+1","Offering","Dark Embrace+1","Feel No Pain","Apotheosis","Evolve","Havoc","Havoc+1","Double Tap","Pommel Strike+1","Finesse","Purity","Juggernaut+1","Flame Barrier+1","Burning Pact"],"relics":["Burning Blood","Bronze Scales","Eternal Feather","Pear","InkBottle","The Courier","Black Star","Nilry\u0027s Codex","Omamori","Lantern","PreservedInsect","Red Skull","Regal Pillow","Medical Kit","Empty Cage","Mummified Hand","Red Mask","Kunai","Ancient Tea Set","Singing Bowl","MawBank","Frozen Egg 2","White Beast Statue","Orichalcum"],"acts_visited":["TheCity","TheBeyond"],"potions_floor_usage":[27,33,48,50,50,50,50],"damage_taken":[{"damage":5.0,"enemies":"Small Slimes","floor":1.0,"turns":3.0},{"damage":9.0,"enemies":"Jaw Worm","floor":3.0,"turns":3.0},{"damage":3.0,"enemies":"2 Louse","floor":4.0,"turns":3.0},{"damage":17.0,"enemies":"Looter","floor":5.0,"turns":3.0},{"damage":8.0,"enemies":"Gremlin Nob","floor":7.0,"turns":3.0},{"damage":10.0,"enemies":"Lots of Slimes","floor":8.0,"turns":3.0},{"damage":13.0,"enemies":"3 Sentries","floor":11.0,"turns":5.0},{"damage":12.0,"enemies":"Large Slime","floor":12.0,"turns":4.0},{"damage":0.0,"enemies":"3 Louse","floor":13.0,"turns":4.0},{"damage":33.0,"enemies":"Lagavulin","floor":14.0,"turns":4.0},{"damage":30.0,"enemies":"Hexaghost","floor":16.0,"turns":9.0},{"damage":12.0,"enemies":"2 Thieves","floor":18.0,"turns":3.0},{"damage":12.0,"enemies":"Shell Parasite","floor":21.0,"turns":2.0},{"damage":14.0,"enemies":"Snecko","floor":22.0,"turns":3.0},{"damage":6.0,"enemies":"Slavers","floor":23.0,"turns":2.0},{"damage":21,"enemies":"Book of Stabbing","floor":27,"turns":3},{"damage":12,"enemies":"3 Cultists","floor":28,"turns":3},{"damage":14,"enemies":"Shelled Parasite and Fungi","floor":30,"turns":2},{"damage":12,"enemies":"Snake Plant","floor":31,"turns":3},{"damage":33,"enemies":"Champ","floor":33,"turns":5},{"damage":6,"enemies":"3 Shapes","floor":35,"turns":2},{"damage":6,"enemies":"Orb Walker","floor":39,"turns":1},{"damage":21,"enemies":"Reptomancer","floor":40,"turns":3},{"damage":12,"enemies":"Giant Head","floor":42,"turns":2},{"damage":30,"enemies":"Spire Growth","floor":45,"turns":3},{"damage":12,"enemies":"Reptomancer","floor":46,"turns":2},{"damage":12,"enemies":"Maw","floor":47,"turns":3},{"damage":0,"enemies":"Jaw Worm Horde","floor":48,"turns":4},{"damage":49,"enemies":"Time Eater","floor":50,"turns":7}],"seed_played":"8867804002046017429","potions_obtained":[{"floor":0.0,"key":"Strength Potion"},{"floor":0.0,"key":"Strength Potion"},{"floor":0.0,"key":"SteroidPotion"},{"floor":7.0,"key":"BlessingOfTheForge"},{"floor":8.0,"key":"DistilledChaos"},{"floor":12.0,"key":"FearPotion"},{"floor":22.0,"key":"DuplicationPotion"},{"floor":23.0,"key":"SpeedPotion"},{"floor":30,"key":"SpeedPotion"},{"floor":33,"key":"SteroidPotion"},{"floor":42,"key":"DistilledChaos"},{"floor":46,"key":"FearPotion"},{"floor":47,"key":"ElixirPotion"},{"floor":48,"key":"EntropicBrew"}],"is_trial":false,"path_per_floor":["M","?","M","M","M","R","E","M","T","R","E","M","M","E","R","B",null,"M","?","?","M","M","E","R","$","T","E","M","$","M","M","R","B",null,"M","$","?","?","M","E","R","E","T","$","M","E","M","M","R","B",null],"character_chosen":"IRONCLAD","items_purchased":["Apotheosis","Evolve","Medical Kit","Mummified Hand"],"campfire_rested":2,"item_purchase_floors":[25,25,29,36],"current_hp_per_floor":[73,55,52,55,44,44,42,38,48,57,50,44,50,23,32,8,70,64,48,48,42,34,34,46,46,46,31,25,25,17,11,65,38,77,77,77,67,67,67,52,67,61,61,61,37,31,25,31,88,45],"gold":248,"neow_bonus":"THREE_SMALL_POTIONS","is_daily":false,"chose_seed":false,"campfire_upgraded":5,"win_rate":0.0,"timestamp":1610518924,"path_taken":["M","?","M","M","M","R","E","M","T","R","E","M","M","E","R","BOSS","M","?","?","M","M","E","R","?","T","E","?","$","M","M","R","BOSS","M","$","?","?","M","E","R","E","T","$","M","E","M","M","R","BOSS"],"items_purchased_type":["Card","Card","Relic","Relic"],"build_version":"2020-12-22","purchased_purges":2,"victory":true,"max_hp_per_floor":[80,80,80,80,80,80,80,80,90,90,90,90,90,90,90,90,90,90,90,90,90,90,90,90,90,90,90,90,90,90,90,90,90,90,90,90,90,90,90,90,90,90,90,90,90,90,90,90,90,90],"card_choices":[{"not_picked":["Clash","Disarm","Heavy Blade"],"picked":"SKIP","floor":1.0},{"not_picked":["Dark Embrace","Pummel"],"picked":"Thunderclap","floor":3.0},{"not_picked":["Thunderclap","Shrug It Off"],"picked":"Offering","floor":4.0},{"not_picked":["Clothesline","Disarm"],"picked":"Shrug It Off","floor":5.0},{"not_picked":["Sword Boomerang","Second Wind"],"picked":"Wild Strike","floor":7.0},{"not_picked":["Thunderclap","Clash"],"picked":"Infernal Blade","floor":8.0},{"not_picked":["Intimidate","Rage"],"picked":"Seeing Red","floor":11.0},{"not_picked":["Heavy Blade","Rupture"],"picked":"Shrug It Off","floor":12.0},{"not_picked":["Iron Wave","Thunderclap","Bloodletting"],"picked":"SKIP","floor":13.0},{"not_picked":["Anger","Inflame","Shrug It Off"],"picked":"SKIP","floor":14.0},{"not_picked":["Corruption","Double Tap"],"picked":"Immolate","floor":16.0},{"not_picked":["Cleave","Uppercut","Perfected Strike"],"picked":"SKIP","floor":18.0},{"not_picked":["Cleave","Uppercut","Perfected Strike"],"picked":"SKIP","floor":18.0},{"not_picked":["Headbutt","Clash"],"picked":"Offering","floor":21.0},{"not_picked":["Heavy Blade","Rampage"],"picked":"Dark Embrace+1","floor":22.0},{"not_picked":["Reckless Charge","Shrug It Off"],"picked":"Feel No Pain","floor":23.0},{"not_picked":["Feel No Pain","Pummel","Armaments+1"],"picked":"SKIP","floor":27},{"not_picked":["Anger","Carnage"],"picked":"Havoc","floor":28},{"not_picked":["Clash","Rage"],"picked":"Havoc+1","floor":30},{"not_picked":["Sword Boomerang","Cleave+1","Burning Pact"],"picked":"SKIP","floor":31},{"not_picked":["Reaper","Berserk"],"picked":"Double Tap","floor":33},{"not_picked":["Cleave","Clothesline+1"],"picked":"Pommel Strike+1","floor":35},{"not_picked":["Mind Blast","Madness"],"picked":"Finesse","floor":37},{"not_picked":["Transmutation","PanicButton"],"picked":"Purity","floor":37},{"not_picked":["Hemokinesis","Sword Boomerang+1","Armaments+1"],"picked":"SKIP","floor":39},{"not_picked":["True Grit+1","Perfected Strike+1"],"picked":"Juggernaut","floor":40},{"not_picked":["Bloodletting+1","True Grit+1"],"picked":"Flame Barrier+1","floor":42},{"not_picked":["Perfected Strike+1","Hemokinesis+1"],"picked":"Burning Pact","floor":45},{"not_picked":["Ghostly Armor","Flame Barrier+1","Armaments+1"],"picked":"SKIP","floor":46},{"not_picked":["Wild Strike","Twin Strike","Searing Blow"],"picked":"SKIP","floor":47},{"not_picked":["Thunderclap","Pommel Strike+1","Combust+1"],"picked":"SKIP","floor":48}],"player_experience":144996,"relics_obtained":[{"floor":7.0,"key":"Eternal Feather"},{"floor":9.0,"key":"Pear"},{"floor":11.0,"key":"InkBottle"},{"floor":14.0,"key":"The Courier"},{"floor":19.0,"key":"Nilry\u0027s Codex"},{"floor":23.0,"key":"Omamori"},{"floor":23.0,"key":"Lantern"},{"floor":26.0,"key":"PreservedInsect"},{"floor":27,"key":"Red Skull"},{"floor":27,"key":"Regal Pillow"},{"floor":40,"key":"Kunai"},{"floor":40,"key":"Ancient Tea Set"},{"floor":42,"key":"Singing Bowl"},{"floor":42,"key":"MawBank"},{"floor":43,"key":"Frozen Egg 2"},{"floor":46,"key":"White Beast Statue"},{"floor":46,"key":"Orichalcum"}],"event_choices":[{"damage_healed":0.0,"max_hp_gain":0.0,"max_hp_loss":0.0,"gold_gain":0.0,"event_name":"Scrap Ooze","player_choice":"Success","floor":2.0,"gold_loss":0.0,"damage_taken":18.0,"relics_obtained":["Bronze Scales"]},{"damage_healed":0.0,"max_hp_gain":0.0,"max_hp_loss":0.0,"gold_gain":0.0,"event_name":"Cursed Tome","player_choice":"Obtained Book","floor":19.0,"gold_loss":0.0,"damage_taken":16.0},{"damage_healed":0.0,"max_hp_gain":0.0,"max_hp_loss":0.0,"gold_gain":0.0,"event_name":"The Library","player_choice":"Read","floor":20.0,"gold_loss":0.0,"damage_taken":0.0,"cards_obtained":["Body Slam"]},{"damage_healed":0,"gold_gain":0,"player_choice":"Memory 3","damage_taken":10,"max_hp_gain":0,"max_hp_loss":0,"event_name":"SensoryStone","floor":37,"gold_loss":0},{"damage_healed":0,"gold_gain":0,"player_choice":"Paid","damage_taken":0,"relics_obtained":["Red Mask"],"max_hp_gain":0,"max_hp_loss":0,"event_name":"Tomb of Lord Red Mask","floor":38,"gold_loss":16}],"is_beta":false,"boss_relics":[{"not_picked":["Calling Bell","Velvet Choker"],"picked":"Black Star"},{"not_picked":["Pandora\u0027s Box","Astrolabe"],"picked":"Empty Cage"}],"items_purged_floors":[25,29],"is_endless":false,"potions_floor_spawned":[3,7,8,12,22,23,30,33,42,46,47,48],"ascension_level":6}}