{"host":"52lujqhsyicpcskq","time":1610533776,"event":{"mods":["BaseMod","Colored Map","DeckTracker","Minty Spire (QoL Compilation)","Permanent Neow","StSLib","SuperFastMode","everything is the same but u backflip on backflip"],"gold_per_floor":[115,130,146,71,71,71,99,113,137,169,188,76,111,123,123,222,222,236,136,151,151,151,151],"floor_reached":22,"language":"KOR","playtime":927,"items_purged":["Strike_R","Strike_R"],"score":299,"play_id":"802b4a78-f479-4655-baa1-1937e10bf3af","local_time":"20210113192936","is_ascension_mode":true,"campfire_choices":[{"data":"Fiend Fire","floor":6,"key":"SMITH"},{"floor":15,"key":"REST"}],"circlet_count":0,"master_deck":["Strike_R","Strike_R","Defend_R","Defend_R","Defend_R","Bash","Fiend Fire+1","Battle Trance","Sword Boomerang","Disarm+1","Rampage","Double Tap","Clothesline","Sword Boomerang","Inflame","True Grit","Spot Weakness","Double Tap","Shrug It Off"],"relics":["Burning Blood","CultistMask","Potion Belt","Omamori","Tiny Chest","Incense Burner","Empty Cage"],"acts_visited":["Exordium","TheCity"],"potions_floor_usage":[10,16,18,20],"damage_taken":[{"damage":8,"enemies":"2 Louse","floor":1,"turns":3},{"damage":0,"enemies":"Cultist","floor":2,"turns":2},{"damage":0,"enemies":"Jaw Worm","floor":3,"turns":1},{"damage":16,"enemies":"Gremlin Nob","floor":7,"turns":3},{"damage":8,"enemies":"Red Slaver","floor":8,"turns":4},{"damage":18,"enemies":"Lagavulin","floor":10,"turns":5},{"damage":22,"enemies":"3 Louse","floor":11,"turns":4},{"damage":18,"enemies":"Gremlin Nob","floor":13,"turns":3},{"damage":11,"enemies":"Looter","floor":14,"turns":2},{"damage":33,"enemies":"Slime Boss","floor":16,"turns":6},{"damage":27,"enemies":"3 Byrds","floor":18,"turns":5},{"damage":17,"enemies":"Shell Parasite","floor":20,"turns":3},{"damage":37,"enemies":"Cultist and Chosen","floor":22,"turns":4}],"seed_played":"-4080142862196773222","potions_obtained":[{"floor":1,"key":"SpeedPotion"},{"floor":3,"key":"AttackPotion"},{"floor":7,"key":"Swift Potion"},{"floor":11,"key":"Regen Potion"},{"floor":16,"key":"Fire Potion"}],"is_trial":false,"path_per_floor":["M","M","M","$","?","R","E","M","T","E","M","$","E","M","R","B",null,"M","$","M","?","M"],"character_chosen":"IRONCLAD","items_purchased":["Rampage","Inflame"],"campfire_rested":1,"item_purchase_floors":[4,12],"current_hp_per_floor":[70,72,72,72,72,72,62,60,60,48,32,32,20,15,36,21,59,38,38,27,27,0,0],"gold":151,"neow_bonus":"THREE_RARE_CARDS","is_daily":false,"chose_seed":false,"campfire_upgraded":1,"win_rate":0.0,"timestamp":1610533776,"path_taken":["M","M","M","$","?","R","E","M","T","E","M","?","E","M","R","BOSS","M","?","M","?","M"],"items_purchased_type":["Card","Card"],"build_version":"2020-12-22","purchased_purges":2,"victory":false,"max_hp_per_floor":[72,72,72,72,72,72,72,72,72,72,72,72,72,72,72,72,72,72,72,72,72,72,72],"card_choices":[{"not_picked":["Barricade","Berserk"],"picked":"Fiend Fire","floor":0},{"not_picked":["Fire Breathing","Headbutt"],"picked":"Battle Trance","floor":1},{"not_picked":["Seeing Red","Perfected Strike"],"picked":"Sword Boomerang","floor":2},{"not_picked":["Bloodletting","Blood for Blood"],"picked":"Disarm","floor":3},{"not_picked":["Evolve","Iron Wave"],"picked":"Double Tap","floor":7},{"not_picked":["Thunderclap","Rampage","Clash"],"picked":"SKIP","floor":8},{"not_picked":["Searing Blow","Berserk"],"picked":"Clothesline","floor":10},{"not_picked":["Dropkick","Twin Strike"],"picked":"Sword Boomerang","floor":11},{"not_picked":["Perfected Strike","Evolve"],"picked":"True Grit","floor":13},{"not_picked":["Twin Strike","Dual Wield"],"picked":"Spot Weakness","floor":14},{"not_picked":["Berserk","Juggernaut"],"picked":"Double Tap","floor":16},{"not_picked":["Searing Blow","Feel No Pain"],"picked":"Shrug It Off","floor":18},{"not_picked":["Rampage","Seeing Red","Thunderclap+1"],"picked":"SKIP","floor":20}],"player_experience":679887,"relics_obtained":[{"floor":7,"key":"Potion Belt"},{"floor":9,"key":"Omamori"},{"floor":10,"key":"Tiny Chest"},{"floor":13,"key":"Incense Burner"}],"event_choices":[{"damage_healed":0,"gold_gain":0,"player_choice":"Trade","damage_taken":0,"relics_obtained":["CultistMask"],"max_hp_gain":0,"max_hp_loss":0,"event_name":"FaceTrader","floor":5,"gold_loss":0},{"damage_healed":0,"gold_gain":0,"player_choice":"Upgraded","damage_taken":0,"max_hp_gain":0,"max_hp_loss":0,"event_name":"Upgrade Shrine","floor":21,"gold_loss":0,"cards_upgraded":["Disarm"]}],"is_beta":false,"boss_relics":[{"not_picked":["Pandora\u0027s Box","Ectoplasm"],"picked":"Empty Cage"}],"items_purged_floors":[12,19],"is_endless":false,"potions_floor_spawned":[1,3,7,11,16],"killed_by":"Cultist and Chosen","ascension_level":9}}