{"host":"1fgbilnqahig8ycc","time":1610519458,"event":{"mods":["AchievementEnabler","Astrologer","BaseMod","Bestiary","BetterRewards","Clockwork Mod","Colored Map","Colored Powertips","Downfall","Energized Spire","Friendly Minions","Hermit","Hubris","Jorbs\u0027s Wanderer Trilogy","Minty Spire (QoL Compilation)","Quick Restart","Replay The Spire","StSLib","The Administrix","The Bug Knight","The Cursed","The Gatherer","The Marked","The Servant 0.9.4"],"gold_per_floor":[111,131,131,213,225,257,257,270,318,335,361,373,386,386,386,481,481,493,508,508,508,528,528,528],"floor_reached":23,"language":"ENG","playtime":1431,"items_purged":[],"score":230,"play_id":"5131b067-fc9b-465b-a4d0-da3e673e43cb","local_time":"20210112223058","is_ascension_mode":false,"campfire_choices":[{"data":"astrologer:Novile","floor":7,"key":"SMITH"},{"data":"astrologer:Trine","floor":15,"key":"SMITH"}],"circlet_count":0,"master_deck":["astrologer:Strike","astrologer:Strike","astrologer:Strike","astrologer:Strike","astrologer:Defend","astrologer:Defend","astrologer:Defend+1","astrologer:NorthStar+1","astrologer:TheFool","astrologer:Moonlight","astrologer:Novile+1","astrologer:NeutronStar","astrologer:FadingStar","astrologer:FrozenStar","astrologer:Trine+1","astrologer:CosmicExpanse","astrologer:RejectReality+1","CurseOfTheBell","astrologer:Sunrise","astrologer:TheDevil"],"relics":["astrologer:SkyMirror","NeowsBlessing","Gremlin Food","Replay:Wax Seal","Pen Nib","Calling Bell","Omamori","StoneCalendar","hubris:DisguiseKit"],"acts_visited":["Exordium","TheCity"],"potions_floor_usage":[6,11,16,16],"damage_taken":[{"damage":0,"enemies":"Cultist","floor":1,"turns":1},{"damage":0,"enemies":"2 Louse","floor":2,"turns":1},{"damage":0,"enemies":"Jaw Worm","floor":5,"turns":1},{"damage":26,"enemies":"3 Sentries","floor":6,"turns":10},{"damage":0,"enemies":"Lots of Slimes","floor":8,"turns":5},{"damage":0,"enemies":"2 Fungi Beasts","floor":10,"turns":4},{"damage":12,"enemies":"Gremlin Nob","floor":11,"turns":2},{"damage":6,"enemies":"Exordium Wildlife","floor":12,"turns":5},{"damage":0,"enemies":"3 Louse","floor":13,"turns":3},{"damage":21,"enemies":"Fading Forest","floor":16,"turns":11},{"damage":0,"enemies":"Chosen","floor":18,"turns":6},{"damage":17,"enemies":"Spheric Guardian","floor":19,"turns":8},{"damage":52,"enemies":"3 Cultists","floor":22,"turns":7},{"damage":2,"enemies":"Gremlin Leader","floor":23,"turns":2}],"seed_played":"3864949313469854225","potions_obtained":[{"floor":2,"key":"CultistPotion"},{"floor":8,"key":"Death Potion"},{"floor":11,"key":"SteroidPotion"},{"floor":12,"key":"Regen Potion"}],"is_trial":false,"path_per_floor":["M","M","?","T","M","E","R","M","T","M","E","M","M","?","R","B",null,"M","M","?","?","M","E"],"character_chosen":"ASTROLOGER","items_purchased":[],"campfire_rested":0,"item_purchase_floors":[],"current_hp_per_floor":[70,70,56,56,56,30,30,30,30,30,18,12,12,5,5,9,70,70,53,53,53,1,0,0],"gold":528,"neow_bonus":"THREE_ENEMY_KILL","is_daily":false,"chose_seed":false,"campfire_upgraded":2,"win_rate":0.0,"timestamp":1610519458,"path_taken":["M","?","?","?","M","E","R","M","T","M","E","?","M","?","R","BOSS","M","M","?","?","M","E"],"items_purchased_type":[],"build_version":"2020-12-22","purchased_purges":0,"victory":false,"max_hp_per_floor":[70,70,70,70,70,70,70,70,70,70,70,70,70,70,70,70,70,70,70,70,70,70,70,70],"card_choices":[{"not_picked":["astrologer:FrozenStar","astrologer:CometStrike"],"picked":"astrologer:Moonlight","floor":1},{"not_picked":["astrologer:Opposition","astrologer:SolarFlare"],"picked":"astrologer:Novile","floor":2},{"not_picked":["astrologer:Still","astrologer:TheEmperor"],"picked":"astrologer:NeutronStar","floor":5},{"not_picked":["astrologer:Radiance","astrologer:Opposition"],"picked":"astrologer:FadingStar","floor":6},{"not_picked":["astrologer:Opposition","astrologer:Shine","astrologer:Moonlight"],"picked":"SKIP","floor":8},{"not_picked":["astrologer:SolarFlare","astrologer:Moonlight"],"picked":"astrologer:FrozenStar","floor":10},{"not_picked":["astrologer:TheEmperor","astrologer:Still"],"picked":"astrologer:Trine","floor":11},{"not_picked":["astrologer:TheHighPriestess","astrologer:CometStrike"],"picked":"astrologer:CosmicExpanse","floor":12},{"not_picked":["astrologer:Opposition","astrologer:Eclipse","astrologer:NeutronStar"],"picked":"SKIP","floor":13},{"not_picked":["astrologer:Trine","astrologer:TheSun"],"picked":"astrologer:RejectReality","floor":16},{"not_picked":["astrologer:Observe","astrologer:Justice","hexamod:Incineration"],"picked":"astrologer:Sunrise","floor":18},{"not_picked":["astrologer:SolarFlare+1","astrologer:Premonition","hexamod:ThirdSeal"],"picked":"astrologer:TheDevil","floor":19},{"not_picked":["astrologer:Glimpse","astrologer:TheTower","astrologer:Still","hexamod:ExtraCrispy"],"picked":"SKIP","floor":22}],"player_experience":369078,"relics_obtained":[{"floor":6,"key":"Gremlin Food"},{"floor":9,"key":"Replay:Wax Seal"},{"floor":11,"key":"Pen Nib"},{"floor":17,"key":"Omamori"},{"floor":17,"key":"StoneCalendar"},{"floor":17,"key":"hubris:DisguiseKit"}],"event_choices":[{"damage_healed":0,"gold_gain":0,"player_choice":"Entered Light","damage_taken":14,"max_hp_gain":0,"max_hp_loss":0,"event_name":"Shining Light","floor":3,"gold_loss":0,"cards_upgraded":["astrologer:NorthStar","astrologer:Defend"]},{"cards_removed":["astrologer:Defend"],"damage_healed":0,"gold_gain":0,"player_choice":"Card Removal","damage_taken":7,"max_hp_gain":0,"max_hp_loss":0,"event_name":"Golden Wing","floor":14,"gold_loss":0},{"damage_healed":0,"gold_gain":0,"player_choice":"Ignored","damage_taken":0,"max_hp_gain":0,"max_hp_loss":0,"event_name":"Ghosts","floor":21,"gold_loss":0}],"is_beta":false,"boss_relics":[{"not_picked":["Velvet Choker","Runic Pyramid"],"picked":"Calling Bell"}],"items_purged_floors":[],"is_endless":false,"potions_floor_spawned":[2,8,11,12],"killed_by":"Gremlin Leader","ascension_level":0}}