{"host":"oehe2dxjvdgux73m","time":1610552538,"event":{"mods":["AchievementEnabler","BaseMod","Colored Map","Colored Powertips","DeckTracker","Keyboard Shortcuts","Minty Spire (QoL Compilation)","Permanent Neow","Quick Restart","StSLib","SuperFastMode"],"gold_per_floor":[110,123,123,135,152,152,180,193,265,293,304,323,349,33,33,129,129,146,71,71,90,90,90,117,117,117,143,143,168,83,83,83,184,234,247,297,309,329,74,99,99,99,99,130,130,5,35,35,35,35],"floor_reached":51,"language":"KOR","playtime":2064,"items_purged":["Strike_G","Strike_G","Strike_G"],"score":1504,"play_id":"79402fc5-bc04-4721-a907-9c5822d802eb","local_time":"20210114004218","is_ascension_mode":true,"campfire_choices":[{"data":"After Image","floor":6.0,"key":"SMITH"},{"floor":15.0,"key":"REST"},{"data":"Neutralize","floor":23.0,"key":"SMITH"},{"data":"Blade Dance","floor":25.0,"key":"SMITH"},{"data":"Venomology","floor":28.0,"key":"SMITH"},{"data":"Terror","floor":32,"key":"SMITH"},{"data":"Backflip","floor":42,"key":"SMITH"},{"floor":49,"key":"REST"}],"circlet_count":0,"master_deck":["AscendersBane","Strike_G","Defend_G","Defend_G","Defend_G","Defend_G","Survivor","Neutralize+1","After Image+1","Blade Dance+1","Venomology+1","Masterful Stab+1","Dagger Spray","Blur","Terror+1","Footwork+1","After Image+1","Backflip+1","Dagger Spray","Flying Knee","Storm of Steel+1","Blade Dance+1","PiercingWail+1","Finesse+1","Finesse+1"],"relics":["Ring of the Snake","Blood Vial","Dead Branch","Frozen Egg 2","Potion Belt","Ornamental Fan","Kunai","Philosopher\u0027s Stone","Nilry\u0027s Codex","Omamori","Gremlin Horn","Toxic Egg 2","Mercury Hourglass","Calipers","Tiny House","Tingsha","Bag of Preparation","Bronze Scales","Blue Candle","InkBottle","Lizard Tail"],"acts_visited":["Exordium","TheCity","TheBeyond"],"potions_floor_usage":[29,29,33,35,36,40,44,47,50,50],"damage_taken":[{"damage":2.0,"enemies":"Small Slimes","floor":1.0,"turns":6.0},{"damage":0.0,"enemies":"Cultist","floor":2.0,"turns":4.0},{"damage":3.0,"enemies":"Jaw Worm","floor":4.0,"turns":6.0},{"damage":7.0,"enemies":"Large Slime","floor":5.0,"turns":7.0},{"damage":9.0,"enemies":"3 Sentries","floor":7.0,"turns":11.0},{"damage":2.0,"enemies":"2 Fungi Beasts","floor":8.0,"turns":4.0},{"damage":10.0,"enemies":"Gremlin Nob","floor":10.0,"turns":5.0},{"damage":0.0,"enemies":"Exordium Thugs","floor":11.0,"turns":5.0},{"damage":10.0,"enemies":"Blue Slaver","floor":12.0,"turns":5.0},{"damage":11.0,"enemies":"Lagavulin","floor":13.0,"turns":4.0},{"damage":2.0,"enemies":"Hexaghost","floor":16.0,"turns":8.0},{"damage":3.0,"enemies":"Shell Parasite","floor":18.0,"turns":5.0},{"damage":5.0,"enemies":"2 Thieves","floor":21.0,"turns":4.0},{"damage":19.0,"enemies":"Slavers","floor":24.0,"turns":7.0},{"damage":0.0,"enemies":"Book of Stabbing","floor":27.0,"turns":6.0},{"damage":1,"enemies":"Slavers","floor":29,"turns":9},{"damage":0,"enemies":"Collector","floor":33,"turns":11},{"damage":9,"enemies":"3 Darklings","floor":35,"turns":5},{"damage":0,"enemies":"Mind Bloom Boss Battle","floor":36,"turns":3},{"damage":0,"enemies":"3 Shapes","floor":37,"turns":2},{"damage":6,"enemies":"Jaw Worm Horde","floor":38,"turns":4},{"damage":0,"enemies":"Nemesis","floor":40,"turns":6},{"damage":0,"enemies":"Giant Head","floor":44,"turns":9},{"damage":0,"enemies":"Reptomancer","floor":47,"turns":4},{"damage":70,"enemies":"Time Eater","floor":50,"turns":14}],"seed_played":"1890350447956416322","potions_obtained":[{"floor":2.0,"key":"Fire Potion"},{"floor":4.0,"key":"Block Potion"},{"floor":7.0,"key":"SkillPotion"},{"floor":11.0,"key":"LiquidMemories"},{"floor":12.0,"key":"ColorlessPotion"},{"floor":13.0,"key":"Fire Potion"},{"floor":16.0,"key":"DuplicationPotion"},{"floor":33,"key":"SpeedPotion"},{"floor":34,"key":"GhostInAJar"},{"floor":36,"key":"PowerPotion"}],"is_trial":false,"path_per_floor":["M","M","?","M","M","R","E","M","T","E","M","M","E","$","R","B",null,"M","$","?","M","?","R","E","R","T","E","R","E","?","?","R","B",null,"M","?","M","M","$","E","$","R","T","E","?","$","E","?","R","B",null],"character_chosen":"THE_SILENT","items_purchased":["Footwork+1","Kunai","Bag of Preparation"],"campfire_rested":2,"item_purchase_floors":[14,14,39],"current_hp_per_floor":[61,61,61,60,55,55,48,48,48,40,42,34,25,25,46,46,64,63,63,63,60,44,44,42,42,42,44,44,45,45,42,42,44,69,62,64,66,62,62,64,64,64,64,66,56,56,58,58,75,5],"gold":35,"neow_bonus":"ONE_RANDOM_RARE_CARD","is_daily":false,"chose_seed":false,"campfire_upgraded":6,"win_rate":0.0,"timestamp":1610552538,"path_taken":["M","M","?","M","?","R","E","M","T","E","M","M","E","$","R","BOSS","M","$","?","M","?","R","E","R","T","E","R","E","?","?","R","BOSS","M","?","M","M","$","E","$","R","T","E","?","?","E","?","R","BOSS"],"items_purchased_type":["Card","Relic","Relic"],"build_version":"2020-12-22","purchased_purges":3,"victory":true,"max_hp_per_floor":[70,70,70,70,70,70,70,70,70,70,70,70,70,70,70,70,70,70,70,70,70,70,70,70,70,70,70,70,70,70,70,70,70,75,75,75,75,75,75,75,75,75,75,75,75,75,75,75,75,75],"card_choices":[{"not_picked":["Deflect","Blur"],"picked":"Blade Dance","floor":1.0},{"not_picked":["Poisoned Stab","Quick Slash"],"picked":"Venomology","floor":2.0},{"not_picked":["Acrobatics","Concentrate","Slice"],"picked":"SKIP","floor":4.0},{"not_picked":["Bane","Acrobatics"],"picked":"Masterful Stab","floor":5.0},{"not_picked":["Quick Slash","Glass Knife"],"picked":"Dagger Spray","floor":7.0},{"not_picked":["Poisoned Stab","Outmaneuver","Backstab"],"picked":"SKIP","floor":8.0},{"not_picked":["Dagger Throw","Bane"],"picked":"Blur","floor":10.0},{"not_picked":["Quick Slash","Sucker Punch","Flying Knee"],"picked":"SKIP","floor":11.0},{"not_picked":["Dash","Quick Slash","Underhanded Strike"],"picked":"SKIP","floor":12.0},{"not_picked":["Choke","Dash"],"picked":"Terror","floor":13.0},{"not_picked":["Glass Knife","Envenom+1"],"picked":"After Image+1","floor":16.0},{"not_picked":["Sucker Punch","Bane"],"picked":"Backflip","floor":18.0},{"not_picked":["All Out Attack+1","Endless Agony","Dagger Throw"],"picked":"SKIP","floor":21.0},{"not_picked":["Crippling Poison","Dagger Throw","Caltrops+1"],"picked":"SKIP","floor":24.0},{"not_picked":["Flying Knee","Slice","Dodge and Roll+1"],"picked":"SKIP","floor":27.0},{"not_picked":["Glass Knife","Deflect+1","Flying Knee"],"picked":"SKIP","floor":29},{"not_picked":["Phantasmal Killer+1","Venomology+1"],"picked":"Storm of Steel+1","floor":33},{"not_picked":["All Out Attack","Outmaneuver+1","Eviscerate+1"],"picked":"SKIP","floor":35},{"not_picked":["Underhanded Strike","Outmaneuver+1"],"picked":"Blade Dance+1","floor":36},{"not_picked":["Acrobatics+1","Malaise+1"],"picked":"PiercingWail+1","floor":37},{"not_picked":["Masterful Stab+1","Sucker Punch+1","Deadly Poison+1"],"picked":"SKIP","floor":38},{"not_picked":["Catalyst+1","Masterful Stab+1","Choke"],"picked":"SKIP","floor":40},{"not_picked":["Riddle With Holes","Tactician+1","Blade Dance+1"],"picked":"SKIP","floor":44},{"not_picked":["Forethought+1","Panacea+1"],"picked":"Finesse+1","floor":45},{"not_picked":["Dramatic Entrance","PanicButton+1"],"picked":"Finesse+1","floor":45},{"not_picked":["Endless Agony","Expertise+1","Noxious Fumes+1"],"picked":"SKIP","floor":47}],"player_experience":163378,"relics_obtained":[{"floor":7.0,"key":"Dead Branch"},{"floor":9.0,"key":"Frozen Egg 2"},{"floor":10.0,"key":"Potion Belt"},{"floor":13.0,"key":"Ornamental Fan"},{"floor":22.0,"key":"Nilry\u0027s Codex"},{"floor":24.0,"key":"Omamori"},{"floor":26.0,"key":"Gremlin Horn"},{"floor":27.0,"key":"Toxic Egg 2"},{"floor":29,"key":"Mercury Hourglass"},{"floor":36,"key":"Tingsha"},{"floor":40,"key":"Bronze Scales"},{"floor":43,"key":"Blue Candle"},{"floor":44,"key":"InkBottle"},{"floor":47,"key":"Lizard Tail"}],"event_choices":[{"damage_healed":0.0,"max_hp_gain":0.0,"max_hp_loss":0.0,"gold_gain":0.0,"event_name":"WeMeetAgain","player_choice":"Gave Potion","floor":3.0,"gold_loss":0.0,"damage_taken":0.0,"relics_obtained":["Blood Vial"]},{"damage_healed":0.0,"max_hp_gain":0.0,"max_hp_loss":0.0,"gold_gain":0.0,"cards_transformed":["Defend_G","Strike_G"],"event_name":"Drug Dealer","player_choice":"Became Test Subject","floor":20.0,"gold_loss":0.0,"damage_taken":0.0,"cards_obtained":["Dagger Spray","Flying Knee"]},{"damage_healed":0.0,"max_hp_gain":0.0,"max_hp_loss":0.0,"gold_gain":0.0,"event_name":"Cursed Tome","player_choice":"Obtained Book","floor":22.0,"gold_loss":0.0,"damage_taken":16.0},{"damage_healed":0,"gold_gain":0,"player_choice":"Obtained Relic","damage_taken":0,"relics_obtained":["Calipers"],"max_hp_gain":0,"max_hp_loss":0,"event_name":"Addict","floor":30,"gold_loss":85},{"damage_healed":0,"gold_gain":0,"player_choice":"Punched","damage_taken":3,"max_hp_gain":0,"max_hp_loss":0,"event_name":"Designer","floor":31,"gold_loss":0},{"damage_healed":0,"gold_gain":0,"player_choice":"Fight","damage_taken":0,"max_hp_gain":0,"max_hp_loss":0,"event_name":"MindBloom","floor":36,"gold_loss":0},{"damage_healed":0,"gold_gain":0,"player_choice":"Memory 3","damage_taken":10,"max_hp_gain":0,"max_hp_loss":0,"event_name":"SensoryStone","floor":45,"gold_loss":0},{"damage_healed":0,"gold_gain":0,"player_choice":"Ignored","damage_taken":0,"max_hp_gain":0,"max_hp_loss":0,"event_name":"Tomb of Lord Red Mask","floor":48,"gold_loss":0}],"is_beta":false,"boss_relics":[{"not_picked":["Ring of the Serpent","SlaversCollar"],"picked":"Philosopher\u0027s Stone"},{"not_picked":["Velvet Choker","Runic Dome"],"picked":"Tiny House"}],"items_purged_floors":[19,39,46],"is_endless":false,"potions_floor_spawned":[2,4,7,11,12,13,16,21,24,33,36,38,47],"ascension_level":12}}