{"host":"04hh9gplt9wkfmr1","time":1610522041,"event":{"mods":["AchievementEnabler","BaseMod","Colored Map","KOR Keyword Fix","Minty Spire (QoL Compilation)","Rare Cards Sparkle","SuperFastMode"],"gold_per_floor":[113,128,139,58,76,76,103,103,128,128,154,171,186,204,204,303,303,317,343,442,442,458,484,484,512,561,586,586,586,597,613,613,718,718,735,735,364,364,377,377,14,42,42,42,42,54,104,104,104,104,104],"floor_reached":50,"language":"KOR","playtime":1533,"items_purged":["Strike_G","Strike_G"],"score":661,"play_id":"cbd118a8-1445-4138-bb4b-f24be4665b1c","local_time":"20210113161401","is_ascension_mode":true,"campfire_choices":[{"data":"Catalyst","floor":6,"key":"SMITH"},{"data":"Noxious Fumes","floor":8,"key":"SMITH"},{"data":"Footwork","floor":10,"key":"SMITH"},{"data":"Crippling Poison","floor":15,"key":"SMITH"},{"floor":24,"key":"REST"},{"floor":29,"key":"REST"},{"floor":32,"key":"REST"},{"data":"Sadistic Nature","floor":40,"key":"SMITH"},{"data":"Transmutation","floor":44,"key":"SMITH"},{"floor":49,"key":"REST"}],"circlet_count":0,"master_deck":["Strike_G","Defend_G","Defend_G","Defend_G","Defend_G","Defend_G","Survivor","Neutralize","Catalyst+1","Terror","Crippling Poison+1","Footwork+1","Noxious Fumes+1","PiercingWail","Crippling Poison","Night Terror","Bane+1","Deadly Poison+1","Corpse Explosion","Well Laid Plans+1","Deadly Poison","Die Die Die","Finesse","Sadistic Nature+1","Transmutation+1","Deadly Poison","Caltrops","Magnetism","Deadly Poison","Clumsy","Crippling Poison+1"],"relics":["Ring of the Snake","Omamori","Snake Skull","Odd Mushroom","Cursed Key","Red Mask","MealTicket","Ginger","Juzu Bracelet","Smiling Mask","Calling Bell","Bronze Scales","Matryoshka","Ice Cream","Membership Card","Pocketwatch","Pear","Strawberry","Mummified Hand","Question Card","Orichalcum","Lantern","Gambling Chip"],"acts_visited":["Exordium","TheCity","TheBeyond"],"potions_floor_usage":[7,7,19,23,25,25,27,33,48,50,50],"damage_taken":[{"damage":1.0,"enemies":"Cultist","floor":1.0,"turns":5.0},{"damage":4.0,"enemies":"Small Slimes","floor":2.0,"turns":3.0},{"damage":0.0,"enemies":"2 Louse","floor":3.0,"turns":2.0},{"damage":1,"enemies":"2 Fungi Beasts","floor":5,"turns":4},{"damage":2,"enemies":"Lagavulin","floor":7,"turns":7},{"damage":15,"enemies":"The Mushroom Lair","floor":11,"turns":4},{"damage":0,"enemies":"Exordium Thugs","floor":12,"turns":4},{"damage":9,"enemies":"Blue Slaver","floor":13,"turns":4},{"damage":5,"enemies":"Gremlin Gang","floor":14,"turns":4},{"damage":20,"enemies":"Slime Boss","floor":16,"turns":12},{"damage":4,"enemies":"Shell Parasite","floor":18,"turns":4},{"damage":40,"enemies":"Masked Bandits","floor":19,"turns":5},{"damage":11,"enemies":"2 Thieves","floor":22,"turns":4},{"damage":4,"enemies":"Book of Stabbing","floor":23,"turns":8},{"damage":29,"enemies":"Slavers","floor":25,"turns":5},{"damage":4,"enemies":"Book of Stabbing","floor":27,"turns":5},{"damage":18,"enemies":"Snecko","floor":30,"turns":5},{"damage":0,"enemies":"Cultist and Chosen","floor":31,"turns":3},{"damage":28,"enemies":"Collector","floor":33,"turns":5},{"damage":12,"enemies":"Orb Walker","floor":35,"turns":4},{"damage":3,"enemies":"3 Darklings","floor":39,"turns":2},{"damage":27,"enemies":"Giant Head","floor":42,"turns":7},{"damage":19,"enemies":"Maw","floor":46,"turns":5},{"damage":0,"enemies":"Mind Bloom Boss Battle","floor":47,"turns":4},{"damage":45,"enemies":"Spire Growth","floor":48,"turns":5},{"damage":36,"enemies":"Awakened One","floor":50,"turns":4}],"seed_played":"1915117841950565463","potions_obtained":[{"floor":1.0,"key":"EssenceOfSteel"},{"floor":3,"key":"Poison Potion"},{"floor":11,"key":"PowerPotion"},{"floor":14,"key":"SpeedPotion"},{"floor":18,"key":"Energy Potion"},{"floor":19,"key":"GamblersBrew"},{"floor":23,"key":"AttackPotion"},{"floor":25,"key":"Poison Potion"},{"floor":33,"key":"CultistPotion"},{"floor":35,"key":"EssenceOfSteel"},{"floor":39,"key":"SmokeBomb"},{"floor":47,"key":"CunningPotion"}],"is_trial":false,"path_per_floor":["M","M","M","$","M","R","E","R","T","R","?","M","M","M","R","B",null,"M","?","?","?","M","E","R","E","T","E","?","R","M","M","R","B",null,"M","?","$","?","M","R","$","E","T","R","?","M","?","M","R","B"],"character_chosen":"THE_SILENT","items_purchased":["Crippling Poison","Membership Card","Deadly Poison","Pocketwatch","Strawberry","Mummified Hand","Caltrops","Magnetism"],"campfire_rested":4,"item_purchase_floors":[4,37,37,37,41,41,41,41],"current_hp_per_floor":[76,72,72,72,71,71,69,69,69,69,54,54,45,40,40,20,77,73,33,33,33,22,18,41,12,12,8,8,31,13,13,36,8,77,65,55,70,80,77,77,94,67,67,67,67,48,48,3,31,0,0],"gold":104,"neow_bonus":"TEN_PERCENT_HP_BONUS","is_daily":false,"chose_seed":false,"campfire_upgraded":6,"win_rate":0.0,"timestamp":1610522041,"path_taken":["M","M","M","?","M","R","E","R","T","R","?","M","M","M","R","BOSS","M","?","?","?","M","E","R","E","T","E","?","R","M","M","R","BOSS","M","?","$","?","M","R","$","E","T","R","?","M","?","M","R","BOSS"],"items_purchased_type":["Card","Relic","Card","Relic","Relic","Relic","Card","Card"],"build_version":"2020-12-22","purchased_purges":2,"victory":false,"max_hp_per_floor":[77,77,77,77,77,77,77,77,77,77,77,77,77,77,77,77,77,77,77,77,77,77,77,77,77,77,77,77,77,77,77,77,77,77,77,77,77,87,87,87,94,94,94,94,94,94,94,94,94,94,94],"card_choices":[{"not_picked":["Predator","Deadly Poison"],"picked":"Catalyst","floor":1.0},{"not_picked":["Deflect","Prepared","Acrobatics"],"picked":"SKIP","floor":2.0},{"not_picked":["Dash","Quick Slash"],"picked":"Terror","floor":3},{"not_picked":["Reflex","Dagger Spray"],"picked":"Footwork","floor":5},{"not_picked":["Glass Knife","Choke"],"picked":"Noxious Fumes","floor":7},{"not_picked":["Heel Hook","Deflect","Dagger Throw"],"picked":"SKIP","floor":12},{"not_picked":["Dodge and Roll","Riddle With Holes"],"picked":"PiercingWail","floor":13},{"not_picked":["Deflect","Eviscerate"],"picked":"Crippling Poison","floor":14},{"not_picked":["Glass Knife","Adrenaline"],"picked":"Night Terror","floor":16},{"not_picked":["Dagger Spray","Flying Knee+1"],"picked":"Poisoned Stab","floor":18},{"not_picked":["Prepared+1","Deadly Poison"],"picked":"Bane+1","floor":19},{"not_picked":["Underhanded Strike","Blade Dance","Dodge and Roll"],"picked":"SKIP","floor":22},{"not_picked":["Heel Hook+1","Finisher"],"picked":"Deadly Poison+1","floor":23},{"not_picked":["Poisoned Stab","Slice"],"picked":"Corpse Explosion","floor":25},{"not_picked":["Outmaneuver+1","Skewer+1"],"picked":"Well Laid Plans+1","floor":27},{"not_picked":["Prepared","Sucker Punch","Dash"],"picked":"SKIP","floor":30},{"not_picked":["Prepared","Outmaneuver"],"picked":"Deadly Poison","floor":31},{"not_picked":["Phantasmal Killer","Glass Knife"],"picked":"Die Die Die","floor":33},{"not_picked":["Acrobatics+1","Prepared","Flying Knee"],"picked":"SKIP","floor":35},{"not_picked":["Trip","Flash of Steel"],"picked":"Finesse","floor":36},{"not_picked":["Mind Blast","Dramatic Entrance"],"picked":"Sadistic Nature","floor":36},{"not_picked":["Deep Breath","Purity"],"picked":"Transmutation","floor":36},{"not_picked":["Blade Dance+1","Outmaneuver+1","Distraction"],"picked":"SKIP","floor":39},{"not_picked":["Acrobatics+1","Endless Agony+1"],"picked":"Deadly Poison","floor":42},{"not_picked":["Deadly Poison+1","Bane","Envenom"],"picked":"Crippling Poison+1","floor":46}],"player_experience":19065,"relics_obtained":[{"floor":7,"key":"Omamori"},{"floor":9,"key":"Snake Skull"},{"floor":11,"key":"Odd Mushroom"},{"floor":19,"key":"Red Mask"},{"floor":23,"key":"MealTicket"},{"floor":25,"key":"Ginger"},{"floor":26,"key":"Juzu Bracelet"},{"floor":27,"key":"Smiling Mask"},{"floor":34,"key":"Bronze Scales"},{"floor":34,"key":"Matryoshka"},{"floor":34,"key":"Ice Cream"},{"floor":42,"key":"Question Card"},{"floor":43,"key":"Orichalcum"},{"floor":43,"key":"Lantern"},{"floor":47,"key":"Gambling Chip"}],"event_choices":[{"damage_healed":0,"gold_gain":0,"player_choice":"Fought Mushrooms","damage_taken":0,"max_hp_gain":0,"max_hp_loss":0,"event_name":"Mushrooms","floor":11,"gold_loss":0},{"damage_healed":0,"gold_gain":0,"player_choice":"Fought Bandits","damage_taken":0,"max_hp_gain":0,"max_hp_loss":0,"event_name":"Masked Bandits","floor":19,"gold_loss":0},{"damage_healed":0,"gold_gain":99,"player_choice":"Stole From Cult","damage_taken":0,"max_hp_gain":0,"max_hp_loss":0,"event_name":"Nest","floor":20,"gold_loss":0},{"cards_removed":["Strike_G"],"damage_healed":0,"gold_gain":0,"player_choice":"Card Removal","damage_taken":0,"max_hp_gain":0,"max_hp_loss":0,"event_name":"Wheel of Change","floor":21,"gold_loss":0},{"cards_removed":["Strike_G"],"damage_healed":0,"gold_gain":0,"player_choice":"Purged","damage_taken":0,"max_hp_gain":0,"max_hp_loss":0,"event_name":"Purifier","floor":28,"gold_loss":0},{"damage_healed":0,"gold_gain":0,"player_choice":"Memory 3","damage_taken":10,"max_hp_gain":0,"max_hp_loss":0,"event_name":"SensoryStone","floor":36,"gold_loss":0},{"damage_healed":0,"gold_gain":0,"player_choice":"Gave Potion","damage_taken":0,"relics_obtained":["Pear"],"max_hp_gain":0,"max_hp_loss":0,"event_name":"WeMeetAgain","floor":38,"gold_loss":0},{"cards_removed":["Poisoned Stab"],"damage_healed":0,"gold_gain":0,"player_choice":"Removed Attack","damage_taken":0,"max_hp_gain":0,"max_hp_loss":0,"event_name":"Falling","floor":45,"gold_loss":0},{"damage_healed":0,"gold_gain":0,"player_choice":"Fight","damage_taken":0,"max_hp_gain":0,"max_hp_loss":0,"event_name":"MindBloom","floor":47,"gold_loss":0}],"is_beta":false,"boss_relics":[{"not_picked":["Sozu","SlaversCollar"],"picked":"Cursed Key"},{"not_picked":["Empty Cage","Black Star"],"picked":"Calling Bell"}],"items_purged_floors":[37,41],"is_endless":false,"potions_floor_spawned":[1,3,11,14,18,19,23,25,33,35,39,47],"killed_by":"Awakened One","ascension_level":2}}