{"host":"Planeswalker","time":1610581435,"event":{"mods":["BaseMod","Downfall","Friendly Minions","GifTheSpireLib","Hermit","Minty Spire (QoL Compilation)","Replay The Spire","SOS???????","Shop Mod","StSLib","The Bladedancer","The Cursed","The Hierophant","The Mystic","The Necromancer"],"gold_per_floor":[118,118,132,4,56,119,144,144,169,185,360,381,429,455,455,403,403],"floor_reached":16,"language":"ENG","playtime":1065,"items_purged":[],"score":104,"play_id":"93a0219a-2a58-4b1b-8aad-eb5d4f945f13","local_time":"20210113164355","is_ascension_mode":false,"campfire_choices":[{"floor":8,"key":"REST"},{"floor":15,"key":"REST"}],"circlet_count":0,"master_deck":["hierophant:Strike_Hierophant","hierophant:Strike_Hierophant","hierophant:Strike_Hierophant","hierophant:Strike_Hierophant","hierophant:Punish","hierophant:Defend_Hierophant","hierophant:Defend_Hierophant","hierophant:Defend_Hierophant","hierophant:Defend_Hierophant","hierophant:ChurchCoffers","hierophant:PristineSoul+1","hierophant:DisplayOfPower","hierophant:RustyCrate","hierophant:Doubloon","hierophant:Doubloon","hierophant:Charity","hierophant:Doubloon","hierophant:OrnateBuckler","hierophant:Shelter","hierophant:FieryStrike","Doubt","hierophant:Glossolalia","hierophant:HolyVerse","hierophant:Prophecy"],"relics":["hierophant:PropheticMaskRelic","Toy Ornithopter","Bronze Scales","Blood Vial"],"acts_visited":["Exordium"],"potions_floor_usage":[13,13,13],"damage_taken":[{"damage":2,"enemies":"Small Slimes","floor":1,"turns":3},{"damage":6,"enemies":"Jaw Worm","floor":3,"turns":4},{"damage":0,"enemies":"2 Louse","floor":5,"turns":2},{"damage":58,"enemies":"Replay:BlueRogue","floor":6,"turns":13},{"damage":2,"enemies":"2 Fungi Beasts","floor":10,"turns":3},{"damage":2,"enemies":"Looter","floor":12,"turns":2},{"damage":14,"enemies":"Red Slaver","floor":13,"turns":3},{"damage":5,"enemies":"Blue Slaver","floor":14,"turns":4},{"damage":91,"enemies":"Fading Forest","floor":16,"turns":10}],"seed_played":"-2512583692403476412","potions_obtained":[{"floor":1,"key":"champ:CounterPotion"},{"floor":6,"key":"Weak Potion"},{"floor":12,"key":"PowerPotion"},{"floor":13,"key":"AttackPotion"}],"is_trial":false,"path_per_floor":["M","?","M","$","M","E","T","R","T","M","?","M","M","M","R","B"],"character_chosen":"HIEROPHANT","items_purchased":["hierophant:RustyCrate","hierophant:Charity"],"campfire_rested":2,"item_purchase_floors":[4,4],"current_hp_per_floor":[80,80,74,74,74,16,16,40,40,40,40,40,43,40,64,0,0],"gold":403,"neow_bonus":"TEN_PERCENT_HP_BONUS","is_daily":false,"chose_seed":false,"campfire_upgraded":0,"win_rate":0.0,"timestamp":1610581435,"path_taken":["M","?","M","$","M","E","?","R","T","M","?","M","M","M","R","BOSS"],"items_purchased_type":["Card","Card"],"build_version":"2020-11-17","purchased_purges":0,"victory":false,"max_hp_per_floor":[82,82,82,82,82,82,82,82,82,82,82,82,82,82,82,82,82],"card_choices":[{"not_picked":["hierophant:Martyrdom","hierophant:Alms"],"picked":"hierophant:PristineSoul","floor":1},{"not_picked":["hierophant:ConvertCurrency","hierophant:Mercenaries"],"picked":"hierophant:DisplayOfPower","floor":3},{"not_picked":["hierophant:Patience","hierophant:Purify"],"picked":"hierophant:OrnateBuckler","floor":5},{"not_picked":["hierophant:PristineSoul","hierophant:Bribe"],"picked":"hierophant:Shelter","floor":6},{"not_picked":["hierophant:Shelter","hierophant:Remorse"],"picked":"hierophant:FieryStrike","floor":10},{"not_picked":["hierophant:CursedGold","hierophant:OrnateBuckler"],"picked":"hierophant:Glossolalia","floor":12},{"not_picked":["hierophant:Anathema","hierophant:Doubloon"],"picked":"hierophant:HolyVerse","floor":13},{"not_picked":["hierophant:Glossolalia","hierophant:Purify"],"picked":"hierophant:Prophecy","floor":14}],"player_experience":3494,"relics_obtained":[{"floor":6,"key":"Toy Ornithopter"},{"floor":7,"key":"Bronze Scales"},{"floor":9,"key":"Blood Vial"}],"event_choices":[{"damage_healed":0,"gold_gain":0,"player_choice":"Grow","damage_taken":0,"max_hp_gain":0,"max_hp_loss":0,"event_name":"Living Wall","floor":2,"gold_loss":0,"cards_upgraded":["hierophant:PristineSoul"]},{"damage_healed":0,"gold_gain":175,"player_choice":"AGREE","damage_taken":0,"max_hp_gain":0,"max_hp_loss":0,"event_name":"Liars Game","floor":11,"gold_loss":0,"cards_obtained":["Doubt"]}],"is_beta":true,"boss_relics":[],"items_purged_floors":[],"is_endless":false,"potions_floor_spawned":[1,6,12,13],"killed_by":"Fading Forest","ascension_level":0}}