{"host":"2se5dq1do2gp0x9k","time":1610512131,"event":{"mods":["AchievementEnabler","BaseMod","Block Reminder","Colored Map","Colored Powertips","Minty Spire (QoL Compilation)","Relic Stats","StSLib","SuperFastMode"],"gold_per_floor":[112,22,37,87,105,105,130,145,145,145,157,157,30,44,44,118,118,132,182,182,182,182,182,207,227,227,227,238,251,283,75,75,75,75],"floor_reached":33,"language":"ENG","playtime":930,"items_purged":["Strike_P","Pain"],"score":574,"play_id":"b8e6d1e0-6708-403c-b7bb-38fe1cdc3f49","local_time":"20210112202851","is_ascension_mode":true,"campfire_choices":[{"data":"ReachHeaven","floor":6.0,"key":"SMITH"},{"data":"BattleHymn","floor":10.0,"key":"SMITH"},{"data":"TalkToTheHand","floor":12.0,"key":"SMITH"},{"data":"FlyingSleeves","floor":15.0,"key":"SMITH"},{"data":"Vigilance","floor":23.0,"key":"SMITH"},{"floor":27.0,"key":"REST"},{"floor":32.0,"key":"REST"}],"circlet_count":0,"master_deck":["AscendersBane","Strike_P","Strike_P","Strike_P+1","Defend_P","Defend_P","Defend_P+1","Defend_P","Eruption+1","Vigilance+1","FlyingSleeves+1","BattleHymn+1","TalkToTheHand+1","ReachHeaven+1","Halt","LessonLearned","Indignation","CutThroughFate","Crescendo","DevaForm","Adaptation","Halt","MasterReality","MentalFortress"],"relics":["PureWater","NeowsBlessing","Bag of Preparation","Toy Ornithopter","Cursed Key","Incense Burner","Shuriken","Smiling Mask","Strange Spoon"],"acts_visited":["Exordium","TheCity"],"potions_floor_usage":[],"damage_taken":[{"damage":0.0,"enemies":"Jaw Worm","floor":1.0,"turns":1.0},{"damage":0.0,"enemies":"Cultist","floor":3.0,"turns":1.0},{"damage":0.0,"enemies":"2 Louse","floor":5.0,"turns":1.0},{"damage":14.0,"enemies":"3 Sentries","floor":7.0,"turns":4.0},{"damage":3.0,"enemies":"2 Fungi Beasts","floor":8.0,"turns":4.0},{"damage":3.0,"enemies":"Looter","floor":11.0,"turns":2.0},{"damage":0.0,"enemies":"3 Louse","floor":14.0,"turns":2.0},{"damage":11.0,"enemies":"Hexaghost","floor":16.0,"turns":5.0},{"damage":6.0,"enemies":"Spheric Guardian","floor":18.0,"turns":3.0},{"damage":24.0,"enemies":"Slavers","floor":24.0,"turns":3.0},{"damage":3.0,"enemies":"Chosen","floor":25.0,"turns":3.0},{"damage":16.0,"enemies":"Snake Plant","floor":28.0,"turns":3.0},{"damage":19.0,"enemies":"Sentry and Sphere","floor":29.0,"turns":4.0},{"damage":4.0,"enemies":"Gremlin Leader","floor":30.0,"turns":3.0},{"damage":27,"enemies":"Collector","floor":33,"turns":3}],"seed_played":"-7136895248368832299","potions_obtained":[{"floor":1.0,"key":"Strength Potion"},{"floor":5.0,"key":"ColorlessPotion"},{"floor":7.0,"key":"Swift Potion"},{"floor":29.0,"key":"BlessingOfTheForge"}],"is_trial":false,"path_per_floor":["M","$","M","?","M","R","E","M","T","R","M","R","$","M","R","B",null,"M","?","?","?","T","R","E","M","T","R","M","M","E","$","R","B"],"character_chosen":"WATCHER","items_purchased":["BattleHymn","CutThroughFate","Strange Spoon"],"campfire_rested":2,"item_purchase_floors":[2,13,31],"current_hp_per_floor":[61,61,61,55,55,55,41,38,38,38,35,35,35,35,35,24,57,51,51,32,32,32,32,18,15,15,36,20,1,2,2,23,0,0],"gold":75,"neow_bonus":"THREE_ENEMY_KILL","is_daily":false,"chose_seed":false,"campfire_upgraded":5,"win_rate":0.0,"timestamp":1610512131,"path_taken":["M","$","M","?","?","R","E","M","T","R","M","R","$","M","R","BOSS","M","?","?","?","?","R","E","M","T","R","M","M","E","$","R","BOSS"],"items_purchased_type":["Card","Card","Relic"],"build_version":"2020-12-22","purchased_purges":2,"victory":false,"max_hp_per_floor":[68,68,68,68,68,68,68,68,68,68,68,68,68,68,68,68,68,68,68,73,73,73,73,73,73,73,73,73,73,73,73,73,73,73],"relic_stats":{"Strange Spoon":[3],"counters":[15,42],"Shuriken":[8],"Bag of Preparation":[22],"Cursed Key":1,"Smiling Mask":50,"obtain_stats":[{"Strange Spoon":31,"NeowsBlessing":0,"Shuriken":24,"Bag of Preparation":7,"Incense Burner":22,"PureWater":0,"Cursed Key":17,"Smiling Mask":30,"Toy Ornithopter":9},{"Strange Spoon":14,"NeowsBlessing":0,"Shuriken":10,"Bag of Preparation":4,"Incense Burner":9,"PureWater":0,"Cursed Key":8,"Smiling Mask":14,"Toy Ornithopter":5},{"Strange Spoon":39,"NeowsBlessing":0,"Shuriken":26,"Bag of Preparation":7,"Incense Burner":23,"PureWater":0,"Cursed Key":20,"Smiling Mask":39,"Toy Ornithopter":11}],"Toy Ornithopter":15},"card_choices":[{"not_picked":["Evaluate","Prostrate"],"picked":"FlyingSleeves","floor":1.0},{"not_picked":["Evaluate","Swivel"],"picked":"TalkToTheHand","floor":3.0},{"not_picked":["BowlingBash","LikeWater"],"picked":"ReachHeaven","floor":5.0},{"not_picked":["Prostrate","CrushJoints"],"picked":"Halt","floor":7.0},{"not_picked":["JustLucky","Protect"],"picked":"LessonLearned","floor":8.0},{"not_picked":["DeceiveReality","Evaluate"],"picked":"Indignation","floor":11.0},{"not_picked":["Consecrate","Fasting2"],"picked":"Crescendo","floor":14.0},{"not_picked":["Omniscience","SpiritShield"],"picked":"DevaForm","floor":16.0},{"not_picked":["WreathOfFlame","WheelKick","WindmillStrike"],"picked":"SKIP","floor":18.0},{"not_picked":["ThirdEye","Swivel+1"],"picked":"Adaptation","floor":24.0},{"not_picked":["Conclude","Pray"],"picked":"Halt","floor":25.0},{"not_picked":["EmptyBody","SashWhip"],"picked":"MasterReality","floor":28.0},{"not_picked":["Halt","Prostrate+1","SashWhip"],"picked":"SKIP","floor":29.0},{"not_picked":["FlyingSleeves","CutThroughFate"],"picked":"MentalFortress","floor":30.0}],"player_experience":3849929,"relics_obtained":[{"floor":7.0,"key":"Bag of Preparation"},{"floor":9.0,"key":"Toy Ornithopter"},{"floor":22.0,"key":"Incense Burner"},{"floor":24.0,"key":"Shuriken"},{"floor":30.0,"key":"Smiling Mask"}],"event_choices":[{"damage_healed":0.0,"max_hp_gain":0.0,"max_hp_loss":0.0,"gold_gain":50.0,"event_name":"FaceTrader","player_choice":"Touch","floor":4.0,"gold_loss":0.0,"damage_taken":6.0},{"damage_healed":0.0,"max_hp_gain":0.0,"max_hp_loss":0.0,"gold_gain":50.0,"event_name":"Nest","player_choice":"Stole From Cult","floor":19.0,"gold_loss":0.0,"damage_taken":0.0},{"damage_healed":0.0,"max_hp_gain":5.0,"max_hp_loss":0.0,"gold_gain":0.0,"event_name":"Forgotten Altar","player_choice":"Shed Blood","floor":20.0,"gold_loss":0.0,"damage_taken":24.0},{"damage_healed":0.0,"max_hp_gain":0.0,"max_hp_loss":0.0,"gold_gain":0.0,"event_name":"Vampires","player_choice":"Ignored","floor":21.0,"gold_loss":0.0,"damage_taken":0.0}],"is_beta":false,"boss_relics":[{"not_picked":["Velvet Choker","Astrolabe"],"picked":"Cursed Key"}],"items_purged_floors":[13,31],"is_endless":false,"potions_floor_spawned":[1,5,7,29],"killed_by":"Collector","ascension_level":17}}