{"host":"j4g6ia6asvpyu2b0","time":1610578342,"event":{"mods":["BaseMod","Colored Map","Minty Spire (QoL Compilation)","Permanent Neow","Quick Restart","Relic Stats","StSLib","Unceasing Turn Reminder"],"gold_per_floor":[114,126,126,137,312,312,342,342,342,197,272,289,315,215,215,315,315,327,346,346,346,346],"floor_reached":21,"language":"ENG","playtime":392,"items_purged":["Doubt","Strike_B"],"score":290,"play_id":"0d0c729a-d6cb-474f-8b23-45bcc04b9661","local_time":"20210113155222","is_ascension_mode":true,"campfire_choices":[{"data":"Defragment","floor":6.0,"key":"SMITH"},{"floor":8.0,"key":"REST"},{"data":"Defragment","floor":15.0,"key":"SMITH"}],"circlet_count":0,"master_deck":["AscendersBane","Strike_B","Strike_B","Strike_B+1","Defend_B","Defend_B","Defend_B","Defend_B","Zap","Dualcast","Biased Cognition+1","Sweeping Beam","Defragment+1","Defragment+1","Echo Form","Static Discharge","Ball Lightning","Defragment","Electrodynamics","Conserve Battery","Aggregate+1"],"relics":["Cracked Core","Emotion Chip","Gambling Chip","Girya","Cursed Key"],"acts_visited":["Exordium","TheCity"],"potions_floor_usage":[],"damage_taken":[{"damage":3.0,"enemies":"Small Slimes","floor":1.0,"turns":4.0},{"damage":2.0,"enemies":"Jaw Worm","floor":2.0,"turns":4.0},{"damage":0.0,"enemies":"Cultist","floor":4.0,"turns":3.0},{"damage":25.0,"enemies":"3 Sentries","floor":7.0,"turns":5.0},{"damage":7.0,"enemies":"2 Fungi Beasts","floor":12.0,"turns":3.0},{"damage":8.0,"enemies":"Gremlin Nob","floor":13.0,"turns":3.0},{"damage":7,"enemies":"Slime Boss","floor":16,"turns":5},{"damage":6,"enemies":"Spheric Guardian","floor":18,"turns":3},{"damage":28,"enemies":"Shell Parasite","floor":19,"turns":3},{"damage":9,"enemies":"Snake Plant","floor":21,"turns":1}],"seed_played":"4069322309211628666","potions_obtained":[{"floor":2.0,"key":"PowerPotion"},{"floor":16,"key":"Ancient Potion"}],"is_trial":false,"path_per_floor":["M","M","?","M","?","R","E","R","T","$","?","M","E","$","R","B",null,"M","M","?","M"],"character_chosen":"DEFECT","items_purchased":["Static Discharge"],"campfire_rested":1,"item_purchase_floors":[10],"current_hp_per_floor":[65,63,49,49,49,49,24,44,44,44,33,26,18,18,18,11,54,48,20,8,0,0],"gold":346,"neow_bonus":"THREE_RARE_CARDS","is_daily":false,"chose_seed":false,"campfire_upgraded":2,"win_rate":0.0,"timestamp":1610578342,"path_taken":["M","M","?","M","?","R","E","R","T","$","?","?","E","?","R","BOSS","M","M","?","M"],"items_purchased_type":["Card"],"build_version":"2020-12-22","purchased_purges":2,"victory":false,"max_hp_per_floor":[68,68,68,68,68,68,68,68,68,68,68,68,68,68,68,68,68,68,68,73,73,73],"relic_stats":{"Emotion Chip":[17,17,0,0,0],"counters":[10,34],"Gambling Chip":[12],"Cursed Key":0,"obtain_stats":[{"Girya":13,"Emotion Chip":7,"Gambling Chip":9,"Cracked Core":0,"Cursed Key":17},{"Girya":6,"Emotion Chip":4,"Gambling Chip":4,"Cracked Core":0,"Cursed Key":7},{"Girya":22,"Emotion Chip":16,"Gambling Chip":16,"Cracked Core":0,"Cursed Key":27}]},"card_choices":[{"not_picked":["Multi-Cast","Thunder Strike"],"picked":"Biased Cognition","floor":0.0},{"not_picked":["Barrage","Leap"],"picked":"Sweeping Beam","floor":1.0},{"not_picked":["Cold Snap","Doom and Gloom"],"picked":"Defragment","floor":2.0},{"not_picked":["Lockon","Stack"],"picked":"Defragment","floor":4.0},{"not_picked":["Undo","Coolheaded"],"picked":"Echo Form","floor":7.0},{"not_picked":["Auto Shields","Consume"],"picked":"Ball Lightning","floor":12.0},{"not_picked":["Steam","Rebound"],"picked":"Defragment","floor":13.0},{"not_picked":["Meteor Strike","Multi-Cast"],"picked":"Electrodynamics","floor":16},{"not_picked":["Steam Power","FTL+1"],"picked":"Conserve Battery","floor":18},{"not_picked":["Sweeping Beam","Rebound+1"],"picked":"Aggregate+1","floor":19}],"player_experience":837479,"relics_obtained":[{"floor":7.0,"key":"Emotion Chip"},{"floor":9.0,"key":"Gambling Chip"},{"floor":13.0,"key":"Girya"}],"event_choices":[{"damage_healed":0.0,"max_hp_gain":0.0,"max_hp_loss":0.0,"gold_gain":0.0,"event_name":"Shining Light","player_choice":"Entered Light","floor":3.0,"gold_loss":0.0,"damage_taken":14.0,"cards_upgraded":["Biased Cognition","Strike_B"]},{"damage_healed":0.0,"max_hp_gain":0.0,"max_hp_loss":0.0,"gold_gain":175.0,"event_name":"Liars Game","player_choice":"AGREE","floor":5.0,"gold_loss":0.0,"damage_taken":0.0,"cards_obtained":["Doubt"]},{"damage_healed":0.0,"max_hp_gain":0.0,"max_hp_loss":0.0,"gold_gain":75.0,"event_name":"World of Goop","player_choice":"Gather Gold","floor":11.0,"gold_loss":0.0,"damage_taken":11.0},{"damage_healed":0,"gold_gain":0,"player_choice":"Shed Blood","damage_taken":17,"max_hp_gain":5,"max_hp_loss":0,"event_name":"Forgotten Altar","floor":20,"gold_loss":0}],"is_beta":false,"boss_relics":[{"not_picked":["Runic Dome","FrozenCore"],"picked":"Cursed Key"}],"items_purged_floors":[10,14],"is_endless":false,"potions_floor_spawned":[2,16,19],"killed_by":"Snake Plant","ascension_level":11}}