{"host":"659h2nzl21d2gfgw","time":1610576747,"event":{"mods":["AchievementEnabler","Act Like it!","Astrologer","BaseMod","DeckTracker","Downfall","Hermit","Jorbs\u0027s Wanderer Trilogy","Marisa????????","Minty Spire (QoL Compilation)","Shade Mod","Somnambulant","StSLib","The Construct","The Hierophant","The Poker Player","The Runesmith","TheArtist","TheBandit"],"gold_per_floor":[99,99,49,324,334,334,357,376,387,387,417,417,417,19,35,131,131,131,145,145,165,165,165,165,177,202,202,202,202],"floor_reached":27,"language":"ENG","playtime":2549,"items_purged":[],"score":229,"play_id":"57b89d14-22fa-48d4-b6c7-701362e141fc","local_time":"20210113172547","is_ascension_mode":false,"campfire_choices":[{"data":"hexamod:Sear","floor":1,"key":"SMITH"},{"data":"hexamod:PowerFromBeyond","floor":6,"key":"SMITH"},{"data":"hexamod:InspiringFlames","floor":10,"key":"SMITH"},{"floor":13,"key":"REST"},{"data":"hexamod:GiftsFromTheDead","floor":18,"key":"SMITH"}],"circlet_count":0,"master_deck":["hexamod:Defend","hexamod:Defend","hexamod:Defend","hexamod:Sear+1","hexamod:Float","hexamod:StepThrough","hexamod:StepThrough","hexamod:PowerFromBeyond+1","hexamod:InspiringFlames+1","hexamod:ThirdSeal","hexamod:FourthSeal","hexamod:GhostOfSpireFuture","hexamod:StepThrough","hexamod:FastForward","expansioncontent:Collect","hexamod:PhantomCloak","hexamod:SkipABeat","hexamod:HexaLevel","hexamod:PhantomCloak","hexamod:GiftsFromTheDead+1","hexamod:GhostOfSpireFuture+1","hexamod:HexaLevel","Slimebound:Tackle+1","Slimebound:Tackle+1","Slimebound:Tackle+1","hexamod:SecondSeal","hexamod:FourthSeal"],"relics":["hexamod:SpiritBrand","Vajra","Letter Opener","Juzu Bracelet","Blood Vial","Velvet Choker","Bottled Flame","Sundial"],"acts_visited":["Exordium","TheCity"],"potions_floor_usage":[16,16,25,25,27,27],"damage_taken":[{"damage":0,"enemies":"downfall:FleeingMerchant","floor":3,"turns":4},{"damage":8,"enemies":"2 Louse","floor":5,"turns":3},{"damage":3,"enemies":"Cultist","floor":8,"turns":3},{"damage":2,"enemies":"Small Slimes","floor":9,"turns":3},{"damage":15,"enemies":"Gremlin Nob","floor":11,"turns":4},{"damage":7,"enemies":"downfall:FleeingMerchant","floor":14,"turns":4},{"damage":7,"enemies":"Red Slaver","floor":15,"turns":5},{"damage":50,"enemies":"downfall:Defect","floor":16,"turns":8},{"damage":4,"enemies":"Chosen","floor":19,"turns":5},{"damage":28,"enemies":"Shelled Parasite and Fungi","floor":21,"turns":7},{"damage":25,"enemies":"Snake Plant","floor":25,"turns":5},{"damage":28,"enemies":"Book of Stabbing","floor":26,"turns":7},{"damage":14,"enemies":"Snecko","floor":27,"turns":3}],"seed_played":"5108207490575613741","potions_obtained":[{"floor":8,"key":"SteroidPotion"},{"floor":9,"key":"FairyPotion"},{"floor":11,"key":"Fire Potion"},{"floor":14,"key":"Fruit Juice"},{"floor":15,"key":"Explosive Potion"},{"floor":15,"key":"PowerPotion"},{"floor":16,"key":"ColorlessPotion"},{"floor":19,"key":"Regen Potion"},{"floor":21,"key":"FearPotion"},{"floor":25,"key":"SpeedPotion"},{"floor":26,"key":"Regen Potion"},{"floor":26,"key":"construct:ShiftPotion"}],"is_trial":false,"path_per_floor":["R","?","$","?","M","R","T","M","M","R","E","?","R","$","M","B",null,"R","M","?","M","?","?","T","M","E","M"],"character_chosen":"THE_SPIRIT","items_purchased":["hexamod:StepThrough","expansioncontent:Collect","hexamod:PhantomCloak","hexamod:SkipABeat","Blood Vial"],"campfire_rested":1,"item_purchase_floors":[3,14,14,14,14],"current_hp_per_floor":[70,70,70,70,62,62,62,59,57,57,42,35,56,49,44,17,70,70,66,66,40,40,40,40,29,3,0,0,0],"gold":202,"neow_bonus":"REMOVE_CARD","is_daily":false,"chose_seed":false,"campfire_upgraded":4,"win_rate":0.0,"timestamp":1610576747,"path_taken":["R","?","?","?","M","R","T","?","M","R","E","?","R","$","M","BOSS","R","M","?","M","?","?","T","M","E","M"],"items_purchased_type":["Card","Card","Card","Card","Relic"],"build_version":"2020-12-22","purchased_purges":0,"victory":false,"max_hp_per_floor":[70,70,70,70,70,70,70,70,70,70,70,70,70,70,70,70,70,70,70,70,70,70,70,70,70,70,70,70,70],"card_choices":[{"not_picked":["hexamod:Firestarter","hexamod:HeatShield"],"picked":"hexamod:StepThrough","floor":3},{"not_picked":["hexamod:Haunt","hexamod:EtherealExpedition"],"picked":"hexamod:PowerFromBeyond","floor":5},{"not_picked":["hexamod:AdvancingGuard","hexamod:RecurringNightmare"],"picked":"hexamod:InspiringFlames","floor":8},{"not_picked":["hexamod:BurningTouch","hexamod:DynamicBlow"],"picked":"hexamod:ThirdSeal","floor":9},{"not_picked":["hexamod:ShieldOfDarkness","hexamod:GhostOfSpirePresent"],"picked":"hexamod:FourthSeal","floor":11},{"not_picked":["hexamod:DynamicBlow","hexamod:RainOfEmbers"],"picked":"hexamod:GhostOfSpireFuture","floor":11},{"not_picked":["hexamod:GhostLash","hexamod:ThermalTransfer"],"picked":"hexamod:StepThrough","floor":14},{"not_picked":["hexamod:GhostLash","hexamod:NightmareStrike"],"picked":"hexamod:FastForward","floor":14},{"not_picked":["hexamod:GhostflameBarrier","hexamod:FlamesFromBeyond"],"picked":"hexamod:HexaLevel","floor":15},{"not_picked":["hexamod:SkipABeat","hexamod:Haunt"],"picked":"hexamod:PhantomCloak","floor":15},{"not_picked":["hexamod:TimeWarp","hexamod:WildfireWeapon"],"picked":"hexamod:GiftsFromTheDead","floor":16},{"not_picked":["hexamod:HeatMetal","hexamod:PhantomFireball+1"],"picked":"hexamod:GhostOfSpireFuture+1","floor":19},{"not_picked":["hexamod:SwordOfDarkness","hexamod:RainOfEmbers+1","hexamod:HauntingEcho"],"picked":"SKIP","floor":19},{"not_picked":["hexamod:ExtraCrispy","hexamod:Firestarter","hexamod:Rewind"],"picked":"SKIP","floor":21},{"not_picked":["hexamod:InspiringFlames","hexamod:FastForward","hexamod:PhantomCloak+1"],"picked":"SKIP","floor":21},{"not_picked":["hexamod:StepThrough","hexamod:GhostLash+1","hexamod:Firestarter"],"picked":"SKIP","floor":25},{"not_picked":["hexamod:EmpoweredFlame","hexamod:Firestarter","hexamod:Hexaguard+1"],"picked":"SKIP","floor":25},{"not_picked":["hexamod:TimeWarp","hexamod:PowerFromBeyond"],"picked":"hexamod:SecondSeal","floor":26},{"not_picked":["hexamod:SoulSteal","hexamod:PhantomCloak"],"picked":"hexamod:FourthSeal","floor":26}],"player_experience":155488,"relics_obtained":[{"floor":7,"key":"Vajra"},{"floor":11,"key":"Letter Opener"},{"floor":24,"key":"Bottled Flame"},{"floor":26,"key":"Sundial"}],"event_choices":[{"cards_removed":["hexamod:Defend"],"damage_healed":0,"gold_gain":0,"player_choice":"Purged","damage_taken":0,"max_hp_gain":0,"max_hp_loss":0,"event_name":"Purifier","floor":2,"gold_loss":0},{"damage_healed":0,"gold_gain":0,"player_choice":"Success","damage_taken":7,"relics_obtained":["Juzu Bracelet"],"max_hp_gain":0,"max_hp_loss":0,"event_name":"Scrap Ooze","floor":12,"gold_loss":0},{"damage_healed":0,"gold_gain":0,"player_choice":"Copied","damage_taken":0,"max_hp_gain":0,"max_hp_loss":0,"event_name":"Duplicator","floor":20,"gold_loss":0,"cards_obtained":["hexamod:HexaLevel"]},{"cards_removed":["Regret"],"damage_healed":0,"gold_gain":0,"player_choice":"Purged","damage_taken":0,"max_hp_gain":0,"max_hp_loss":0,"event_name":"Purifier","floor":23,"gold_loss":0}],"is_beta":false,"boss_relics":[{"not_picked":["Snecko Eye","Cursed Key"],"picked":"Velvet Choker"}],"items_purged_floors":[],"is_endless":false,"potions_floor_spawned":[8,9,11,15,26],"killed_by":"Snecko","ascension_level":0}}