{"host":"nkolxg4se00n20yf","time":1610547055,"event":{"mods":["BaseMod","CatGirl Mod","Chen","Colored Map","Colored Powertips","Downfall","Friendly Minions","Infinite Spire","Kiyohime????","Marisa????????","Minty Spire (QoL Compilation)","StSLib","Td1madao Mod","The Administrix","The Cursed","The Exalted","The Hierophant","The Servant 0.9.4"],"gold_per_floor":[113,113,132,132,132,132,172,137,137,151,174,199,262,286,286,286,286],"floor_reached":16,"language":"ENG","playtime":738,"items_purged":[],"score":243,"play_id":"3640ca7b-49e8-4a52-bfd8-2bf05902e7aa","local_time":"20210113151055","is_ascension_mode":true,"campfire_choices":[{"floor":6,"key":"REST"},{"floor":15,"key":"REST"}],"circlet_count":0,"master_deck":["AscendersBane","Strike_B","Strike_B","Strike_B","Strike_B+1","Defend_B","Defend_B","Defend_B","Defend_B+1","Zap","Dualcast","Chill","BootSequence","Buffer","Melter","Sweeping Beam","Heatsinks","Force Field"],"relics":["Cracked Core","Golden Idol","Eternal Feather","Mummified Hand","Shuriken"],"acts_visited":["Exordium"],"potions_floor_usage":[12,13],"damage_taken":[{"damage":2,"enemies":"Jaw Worm","floor":1,"turns":3},{"damage":0,"enemies":"2 Louse","floor":3,"turns":3},{"damage":24,"enemies":"3 Sentries","floor":7,"turns":9},{"damage":0,"enemies":"Small Slimes","floor":10,"turns":4},{"damage":0,"enemies":"2 Fungi Beasts","floor":11,"turns":4},{"damage":0,"enemies":"Exordium Thugs","floor":12,"turns":5},{"damage":24,"enemies":"Lagavulin Event","floor":13,"turns":6},{"damage":12,"enemies":"Lots of Slimes","floor":14,"turns":5},{"damage":46,"enemies":"Slime Boss","floor":16,"turns":11}],"seed_played":"-2550136050462506329","potions_obtained":[{"floor":7,"key":"DistilledChaos"},{"floor":11,"key":"Strength Potion"}],"is_trial":false,"path_per_floor":["M","?","M","?","?","R","E","?","T","M","M","M","?","M","R","B"],"character_chosen":"DEFECT","items_purchased":[],"campfire_rested":2,"item_purchase_floors":[],"current_hp_per_floor":[62,62,62,44,22,48,24,46,46,46,46,46,22,10,45,0,0],"gold":286,"neow_bonus":"TWENTY_PERCENT_HP_BONUS","is_daily":false,"chose_seed":false,"campfire_upgraded":0,"win_rate":0.0,"timestamp":1610547055,"path_taken":["M","?","M","?","?","R","E","?","T","M","M","M","?","M","R","BOSS"],"items_purchased_type":[],"build_version":"2020-12-22","purchased_purges":0,"victory":false,"max_hp_per_floor":[89,89,89,89,89,89,89,89,89,89,89,89,89,89,89,89,89],"card_choices":[{"not_picked":["Hologram","Barrage"],"picked":"Chill","floor":1},{"not_picked":["Barrage","Go for the Eyes"],"picked":"BootSequence","floor":3},{"not_picked":["Rebound","Conserve Battery"],"picked":"Buffer","floor":7},{"not_picked":["Undo","Stack","Hologram"],"picked":"SKIP","floor":10},{"not_picked":["Beam Cell","Darkness"],"picked":"Melter","floor":11},{"not_picked":["Lockon","Cold Snap"],"picked":"Sweeping Beam","floor":12},{"not_picked":["BootSequence","Turbo"],"picked":"Heatsinks","floor":13},{"not_picked":["Skim","Sweeping Beam"],"picked":"Force Field","floor":14}],"player_experience":1116929,"relics_obtained":[{"floor":7,"key":"Eternal Feather"},{"floor":9,"key":"Mummified Hand"},{"floor":13,"key":"Shuriken"}],"event_choices":[{"damage_healed":0,"gold_gain":0,"player_choice":"Ignored","damage_taken":0,"max_hp_gain":0,"max_hp_loss":0,"event_name":"Golden Wing","floor":2,"gold_loss":0},{"damage_healed":0,"gold_gain":0,"player_choice":"Entered Light","damage_taken":18,"max_hp_gain":0,"max_hp_loss":0,"event_name":"Shining Light","floor":4,"gold_loss":0,"cards_upgraded":["Strike_B","Defend_B"]},{"damage_healed":0,"gold_gain":0,"player_choice":"Take Damage","damage_taken":22,"relics_obtained":["Golden Idol"],"max_hp_gain":0,"max_hp_loss":0,"event_name":"Golden Idol","floor":5,"gold_loss":0},{"damage_healed":22,"gold_gain":0,"player_choice":"Healed","damage_taken":0,"max_hp_gain":0,"max_hp_loss":0,"event_name":"The Cleric","floor":8,"gold_loss":35},{"damage_healed":0,"gold_gain":30,"player_choice":"Searched \u00272\u0027 times","damage_taken":0,"max_hp_gain":0,"max_hp_loss":0,"event_name":"Dead Adventurer","floor":13,"gold_loss":0}],"is_beta":false,"boss_relics":[],"items_purged_floors":[],"is_endless":false,"potions_floor_spawned":[7,11],"killed_by":"Slime Boss","ascension_level":12}}