{"host":"6azrrw3tf7wb0f4b","time":1610554149,"event":{"mods":["BaseMod","DeckTracker","Minty Spire (QoL Compilation)","SuperFastMode"],"gold_per_floor":[117,128,128,128,128,152,152,175,221,242,242,262,281,299,299,420,420,443,467,467,323,323,323],"floor_reached":22,"language":"KOR","playtime":485,"items_purged":["Strike_B"],"score":288,"play_id":"7906563c-f322-4508-9a6e-580cd8a0c48f","local_time":"20210114010909","is_ascension_mode":true,"campfire_choices":[{"data":"White Noise","floor":7,"key":"SMITH"},{"data":"Chaos","floor":11,"key":"SMITH"},{"data":"Hologram","floor":15,"key":"SMITH"}],"circlet_count":0,"master_deck":["AscendersBane","Strike_B","Strike_B","Strike_B","Defend_B","Defend_B","Defend_B+1","Defend_B","Zap","Dualcast+1","White Noise+1","Self Repair","Cold Snap","Chaos+1","Hologram+1","Ball Lightning","Streamline","Melter","Reboot","CurseOfTheBell","Storm","Consume","Defragment"],"relics":["Cracked Core","Golden Idol","FaceOfCleric","Ancient Tea Set","Calling Bell","Potion Belt","Mummified Hand","Ice Cream","PreservedInsect"],"acts_visited":["Exordium","TheCity"],"potions_floor_usage":[10,18,22],"damage_taken":[{"damage":1,"enemies":"Cultist","floor":1,"turns":3},{"damage":9,"enemies":"Jaw Worm","floor":2,"turns":4},{"damage":5,"enemies":"Small Slimes","floor":6,"turns":4},{"damage":0,"enemies":"2 Fungi Beasts","floor":8,"turns":3},{"damage":4,"enemies":"Lots of Slimes","floor":10,"turns":3},{"damage":6,"enemies":"Large Slime","floor":12,"turns":6},{"damage":7,"enemies":"2 Fungi Beasts","floor":13,"turns":3},{"damage":9,"enemies":"Looter","floor":14,"turns":3},{"damage":51,"enemies":"The Guardian","floor":16,"turns":10},{"damage":36,"enemies":"3 Byrds","floor":18,"turns":5},{"damage":21,"enemies":"Shell Parasite","floor":19,"turns":5},{"damage":21,"enemies":"Chosen and Byrds","floor":22,"turns":4}],"seed_played":"4666740559858585442","potions_obtained":[{"floor":0,"key":"AttackPotion"},{"floor":0,"key":"Swift Potion"},{"floor":10,"key":"Ancient Potion"},{"floor":19,"key":"Strength Potion"}],"is_trial":false,"path_per_floor":["M","M","?","?","?","M","R","M","T","M","R","M","M","M","R","B",null,"M","M","?","$","M"],"character_chosen":"DEFECT","items_purchased":["Defragment"],"campfire_rested":0,"item_purchase_floors":[21],"current_hp_per_floor":[67,58,58,44,44,47,47,55,55,52,52,54,55,54,54,11,60,32,19,19,19,0,0],"gold":323,"neow_bonus":"THREE_SMALL_POTIONS","is_daily":false,"chose_seed":false,"campfire_upgraded":3,"win_rate":0.0,"timestamp":1610554149,"path_taken":["M","?","?","?","?","M","R","M","T","M","R","M","?","M","R","BOSS","M","M","?","$","?"],"items_purchased_type":["Card"],"build_version":"2020-12-22","purchased_purges":1,"victory":false,"max_hp_per_floor":[75,75,69,69,69,70,70,71,71,72,72,73,74,75,75,76,76,77,78,78,78,78,78],"card_choices":[{"not_picked":["Steam","Chill"],"picked":"White Noise","floor":1},{"not_picked":["Genetic Algorithm","Sunder"],"picked":"Self Repair","floor":2},{"not_picked":["Gash","Blizzard"],"picked":"Cold Snap","floor":6},{"not_picked":["Hyperbeam","Recycle"],"picked":"Chaos","floor":8},{"not_picked":["Reprogram","Hello World"],"picked":"Hologram","floor":10},{"not_picked":["Turbo","Beam Cell"],"picked":"Ball Lightning","floor":12},{"not_picked":["Auto Shields","Go for the Eyes"],"picked":"Streamline","floor":13},{"not_picked":["Steam","Conserve Battery"],"picked":"Melter","floor":14},{"not_picked":["Multi-Cast","Thunder Strike"],"picked":"Reboot","floor":16},{"not_picked":["Heatsinks","Sunder"],"picked":"Storm","floor":18},{"not_picked":["Gash+1","Genetic Algorithm"],"picked":"Consume","floor":19}],"player_experience":707680,"relics_obtained":[{"floor":9,"key":"Ancient Tea Set"},{"floor":17,"key":"Potion Belt"},{"floor":17,"key":"Mummified Hand"},{"floor":17,"key":"Ice Cream"},{"floor":20,"key":"PreservedInsect"}],"event_choices":[{"damage_healed":0,"gold_gain":0,"player_choice":"Lose Max HP","damage_taken":0,"relics_obtained":["Golden Idol"],"max_hp_gain":0,"max_hp_loss":6,"event_name":"Golden Idol","floor":3,"gold_loss":0},{"damage_healed":0,"gold_gain":0,"player_choice":"Entered Light","damage_taken":14,"max_hp_gain":0,"max_hp_loss":0,"event_name":"Shining Light","floor":4,"gold_loss":0,"cards_upgraded":["Defend_B","Dualcast"]},{"damage_healed":0,"gold_gain":0,"player_choice":"Trade","damage_taken":0,"relics_obtained":["FaceOfCleric"],"max_hp_gain":0,"max_hp_loss":0,"event_name":"FaceTrader","floor":5,"gold_loss":0},{"damage_healed":0,"gold_gain":0,"player_choice":"Relic","damage_taken":0,"max_hp_gain":0,"max_hp_loss":0,"event_name":"Wheel of Change","floor":20,"gold_loss":0}],"is_beta":false,"boss_relics":[{"not_picked":["Tiny House","Fusion Hammer"],"picked":"Calling Bell"}],"items_purged_floors":[21],"is_endless":false,"potions_floor_spawned":[6,8,10,12,13,19],"killed_by":"Chosen and Byrds","ascension_level":12}}