{"host":"x21cvmfdo17nyhii","time":1610531759,"event":{"mods":["AchievementEnabler","BaseMod","Colored Map","Colored Powertips","DeckTracker","Highlight Path","Minty Spire (QoL Compilation)","Quick Restart","Rare Cards Sparkle","SuperFastMode"],"gold_per_floor":[115,132,132,152,4,4,4,16,16,16,29,29,59,8,8,107,107,121,121,71,88,104,104,123,136,136,136,136],"floor_reached":27,"language":"ENG","playtime":841,"items_purged":["Strike_R"],"score":215,"play_id":"3b9a0f0b-19c0-4eaf-97ea-b83db5858a74","local_time":"20210113015559","is_ascension_mode":false,"campfire_choices":[{"data":"Rampage","floor":7.0,"key":"SMITH"},{"data":"Bash","floor":10.0,"key":"SMITH"},{"data":"Dropkick","floor":12.0,"key":"SMITH"},{"floor":15.0,"key":"REST"},{"floor":23.0,"key":"REST"}],"circlet_count":0,"master_deck":["Strike_R","Strike_R","Strike_R","Strike_R","Defend_R","Defend_R","Defend_R","Defend_R","Bash+1","Rampage+1","Dropkick+1","Strike_R","Thunderclap","Feed","Headbutt","Offering","Warcry+1","Burning Pact+1"],"relics":["Philosopher\u0027s Stone"],"acts_visited":["Exordium","TheCity"],"potions_floor_usage":[25,25,27,27],"damage_taken":[{"damage":2.0,"enemies":"Jaw Worm","floor":1.0,"turns":3.0},{"damage":0.0,"enemies":"Cultist","floor":2.0,"turns":3.0},{"damage":0.0,"enemies":"Small Slimes","floor":4.0,"turns":4.0},{"damage":9.0,"enemies":"Exordium Thugs","floor":8.0,"turns":4.0},{"damage":9.0,"enemies":"2 Fungi Beasts","floor":11.0,"turns":3.0},{"damage":28.0,"enemies":"Lagavulin","floor":13.0,"turns":6.0},{"damage":35.0,"enemies":"Slime Boss","floor":16.0,"turns":9.0},{"damage":23.0,"enemies":"Spheric Guardian","floor":18.0,"turns":4.0},{"damage":20.0,"enemies":"Shell Parasite","floor":21.0,"turns":5.0},{"damage":27.0,"enemies":"Cultist and Chosen","floor":22.0,"turns":5.0},{"damage":23.0,"enemies":"3 Cultists","floor":24.0,"turns":5.0},{"damage":17,"enemies":"Centurion and Healer","floor":25,"turns":5},{"damage":6,"enemies":"Shelled Parasite and Fungi","floor":27,"turns":1}],"seed_played":"-7521753217358449201","potions_obtained":[{"floor":11.0,"key":"Ancient Potion"},{"floor":13.0,"key":"SkillPotion"},{"floor":21.0,"key":"SpeedPotion"},{"floor":22.0,"key":"Dexterity Potion"},{"floor":25,"key":"Swift Potion"}],"is_trial":false,"path_per_floor":["M","M","?","M","$","?","R","M","T","R","M","R","E","$","R","B",null,"M","?","?","M","M","R","M","M","T","M"],"character_chosen":"IRONCLAD","items_purchased":["Dropkick","Energy Potion"],"campfire_rested":2,"item_purchase_floors":[5,14],"current_hp_per_floor":[78,78,83,83,83,83,83,74,74,74,65,65,37,37,62,27,85,62,62,62,42,18,44,21,4,4,0,0],"gold":136,"neow_bonus":"BOSS_RELIC","is_daily":false,"chose_seed":false,"campfire_upgraded":3,"win_rate":0.0,"timestamp":1610531759,"path_taken":["M","M","?","M","$","?","R","M","T","R","M","R","E","$","R","BOSS","M","?","?","M","M","R","M","M","T","?"],"items_purchased_type":["Card","Potion"],"build_version":"2020-12-22","purchased_purges":1,"victory":false,"max_hp_per_floor":[80,80,85,85,85,85,85,85,85,85,85,85,85,85,85,85,85,85,85,85,85,88,88,88,88,88,88,88],"card_choices":[{"not_picked":["Iron Wave","Perfected Strike"],"picked":"Body Slam","floor":1.0},{"not_picked":["Feel No Pain","Heavy Blade","Headbutt"],"picked":"SKIP","floor":2.0},{"not_picked":["Headbutt","Metallicize"],"picked":"Rampage","floor":4.0},{"not_picked":["Rampage","True Grit"],"picked":"Thunderclap","floor":8.0},{"not_picked":["Carnage","Clash"],"picked":"Feed","floor":11.0},{"not_picked":["Wild Strike","Body Slam"],"picked":"Headbutt","floor":13.0},{"not_picked":["Barricade","Feed"],"picked":"Offering","floor":16.0},{"not_picked":["Heavy Blade","Clothesline"],"picked":"Warcry+1","floor":18.0},{"not_picked":["Sever Soul+1","Body Slam","Evolve+1"],"picked":"SKIP","floor":21.0},{"not_picked":["Headbutt","Perfected Strike"],"picked":"Burning Pact+1","floor":22.0},{"not_picked":["Twin Strike","Sword Boomerang+1","Offering"],"picked":"SKIP","floor":24.0},{"not_picked":["Anger+1","Clash+1","Sword Boomerang"],"picked":"SKIP","floor":25}],"player_experience":338950,"relics_obtained":[],"event_choices":[{"damage_healed":0.0,"max_hp_gain":5.0,"max_hp_loss":0.0,"gold_gain":0.0,"event_name":"Big Fish","player_choice":"Donut","floor":3.0,"gold_loss":0.0,"damage_taken":0.0},{"cards_removed":["Body Slam"],"damage_healed":0.0,"max_hp_gain":0.0,"max_hp_loss":0.0,"gold_gain":0.0,"event_name":"NoteForYourself","player_choice":"Took Card","floor":6.0,"gold_loss":0.0,"damage_taken":0.0,"cards_obtained":["Strike_R"]},{"damage_healed":0.0,"max_hp_gain":0.0,"max_hp_loss":0.0,"gold_gain":0.0,"event_name":"The Mausoleum","player_choice":"Ignored","floor":19.0,"gold_loss":0.0,"damage_taken":0.0},{"damage_healed":0.0,"max_hp_gain":0.0,"max_hp_loss":0.0,"gold_gain":0.0,"event_name":"The Joust","player_choice":"Bet on Murderer","floor":20.0,"gold_loss":50.0,"damage_taken":0.0}],"is_beta":false,"boss_relics":[{"not_picked":["Calling Bell","Snecko Eye","Tiny House"]}],"items_purged_floors":[5],"is_endless":false,"potions_floor_spawned":[11,13,16,21,22,25],"killed_by":"Shelled Parasite and Fungi","ascension_level":0}}