{"host":"j4g6ia6asvpyu2b0","time":1610537004,"event":{"mods":["BaseMod","Colored Map","Minty Spire (QoL Compilation)","Permanent Neow","Quick Restart","Relic Stats","StSLib","Unceasing Turn Reminder"],"gold_per_floor":[110,110,126,78,91,91,117,117,142,67,67,67,86,116,116,214,214,234,251,4,15,29,56,56,18,18,18,18,29,58,58,58],"floor_reached":31,"language":"ENG","playtime":910,"items_purged":["Strike_B"],"score":439,"play_id":"73d2a476-94cf-47c6-a14c-bcb067e0d7a8","local_time":"20210113042324","is_ascension_mode":true,"campfire_choices":[{"data":"Zap","floor":6,"key":"SMITH"},{"data":"Sweeping Beam","floor":8,"key":"SMITH"},{"data":"Ball Lightning","floor":12,"key":"SMITH"},{"data":"Double Energy","floor":15,"key":"SMITH"},{"floor":24,"key":"REST"},{"data":"Storm","floor":27,"key":"SMITH"}],"circlet_count":0,"master_deck":["AscendersBane","Strike_B+1","Strike_B+1","Defend_B+1","Defend_B+1","Defend_B+1","Zap+1","Dualcast","Rebound","Cold Snap","Conserve Battery","Ball Lightning+1","Self Repair","Sweeping Beam+1","White Noise","Double Energy+1","Biased Cognition","Ball Lightning","Steam Power","Biased Cognition","Conserve Battery","Storm+1","Doom and Gloom","Static Discharge"],"relics":["Cracked Core","Boot","Art of War","Runic Dome","Cables","Bag of Preparation","The Courier","Symbiotic Virus"],"acts_visited":["Exordium","TheCity"],"potions_floor_usage":[5,7,23,30],"damage_taken":[{"damage":8,"enemies":"Jaw Worm","floor":1,"turns":4},{"damage":0,"enemies":"Cultist","floor":3,"turns":3},{"damage":4,"enemies":"2 Louse","floor":5,"turns":3},{"damage":22,"enemies":"Gremlin Nob","floor":7,"turns":4},{"damage":0,"enemies":"2 Fungi Beasts","floor":13,"turns":2},{"damage":21,"enemies":"Lagavulin","floor":14,"turns":4},{"damage":25,"enemies":"The Guardian","floor":16,"turns":11},{"damage":0,"enemies":"Spheric Guardian","floor":18,"turns":3},{"damage":17,"enemies":"Shell Parasite","floor":19,"turns":4},{"damage":26,"enemies":"Centurion and Healer","floor":21,"turns":4},{"damage":7,"enemies":"Cultist and Chosen","floor":22,"turns":4},{"damage":38,"enemies":"Slavers","floor":23,"turns":4},{"damage":18,"enemies":"Shelled Parasite and Fungi","floor":29,"turns":2},{"damage":28,"enemies":"Gremlin Leader","floor":30,"turns":4}],"seed_played":"2097877275653882859","potions_obtained":[{"floor":3,"key":"Weak Potion"},{"floor":5,"key":"Fruit Juice"},{"floor":13,"key":"LiquidMemories"},{"floor":14,"key":"FearPotion"},{"floor":21,"key":"Fire Potion"},{"floor":29,"key":"AttackPotion"},{"floor":30,"key":"SmokeBomb"}],"is_trial":false,"path_per_floor":["M","?","M","$","M","R","E","R","T","$","?","R","M","E","R","B",null,"M","M","$","M","M","E","R","$","T","R","?","M","E","?"],"character_chosen":"DEFECT","items_purchased":["Ball Lightning","Cables","Doom and Gloom"],"campfire_rested":1,"item_purchase_floors":[4,20,25],"current_hp_per_floor":[60,53,53,53,54,54,39,39,39,39,80,80,80,59,59,41,70,77,67,67,48,48,17,41,41,41,41,41,30,9,0,0],"gold":58,"neow_bonus":"TRANSFORM_TWO_CARDS","is_daily":false,"chose_seed":false,"campfire_upgraded":5,"win_rate":0.0,"timestamp":1610537004,"path_taken":["M","?","M","$","M","R","E","R","T","$","?","R","M","E","R","BOSS","M","M","$","?","M","E","R","$","T","R","?","M","E","?"],"items_purchased_type":["Card","Relic","Card"],"build_version":"2020-12-22","purchased_purges":1,"victory":false,"max_hp_per_floor":[75,75,75,75,80,80,80,80,80,80,80,80,80,80,80,80,80,80,80,80,80,80,80,80,80,80,80,80,80,80,80,80],"relic_stats":{"counters":[14,56],"Art of War":[3],"Bag of Preparation":[4],"Boot":[13],"obtain_stats":[{"Runic Dome":17,"The Courier":26,"Art of War":14,"Bag of Preparation":23,"Cracked Core":0,"Boot":7,"Symbiotic Virus":30,"Cables":20},{"Runic Dome":7,"The Courier":12,"Art of War":6,"Bag of Preparation":12,"Cracked Core":0,"Boot":4,"Symbiotic Virus":14,"Cables":9},{"Runic Dome":31,"The Courier":50,"Art of War":20,"Bag of Preparation":50,"Cracked Core":0,"Boot":14,"Symbiotic Virus":56,"Cables":38}],"Cables":[15,14,1,0,0]},"card_choices":[{"not_picked":["Recycle","Leap"],"picked":"Cold Snap","floor":1},{"not_picked":["Steam","Streamline"],"picked":"Conserve Battery","floor":3},{"not_picked":["Sunder","Melter"],"picked":"Self Repair","floor":5},{"not_picked":["Steam","Sunder"],"picked":"Sweeping Beam","floor":7},{"not_picked":["Recycle","Conserve Battery"],"picked":"White Noise","floor":13},{"not_picked":["Hologram","Multi-Cast"],"picked":"Double Energy","floor":14},{"not_picked":["All For One","Reboot"],"picked":"Biased Cognition","floor":16},{"not_picked":["Conserve Battery","Stack"],"picked":"Ball Lightning","floor":18},{"not_picked":["Go for the Eyes","Beam Cell"],"picked":"Steam Power","floor":19},{"not_picked":["Auto Shields","FTL"],"picked":"Biased Cognition","floor":21},{"not_picked":["Tempest","Gash+1"],"picked":"Conserve Battery","floor":22},{"not_picked":["Steam+1","Force Field"],"picked":"Storm","floor":23},{"not_picked":["Turbo","Stack","Streamline"],"picked":"SKIP","floor":29},{"not_picked":["Conserve Battery+1","Barrage"],"picked":"Static Discharge","floor":30}],"player_experience":827766,"relics_obtained":[{"floor":7,"key":"Boot"},{"floor":14,"key":"Art of War"},{"floor":23,"key":"Bag of Preparation"},{"floor":26,"key":"The Courier"},{"floor":30,"key":"Symbiotic Virus"}],"event_choices":[{"cards_removed":["Doubt"],"damage_healed":0,"gold_gain":0,"player_choice":"Card Removal","damage_taken":7,"max_hp_gain":0,"max_hp_loss":0,"event_name":"Golden Wing","floor":2,"gold_loss":0},{"cards_removed":["Skim"],"damage_healed":41,"gold_gain":0,"player_choice":"Offered Uncommon","damage_taken":0,"max_hp_gain":0,"max_hp_loss":0,"event_name":"Bonfire Elementals","floor":11,"gold_loss":0},{"damage_healed":0,"gold_gain":0,"player_choice":"Simplicity","damage_taken":0,"max_hp_gain":0,"max_hp_loss":0,"event_name":"Back to Basics","floor":28,"gold_loss":0,"cards_upgraded":["Strike_B","Strike_B","Defend_B","Defend_B","Defend_B"]}],"is_beta":false,"boss_relics":[{"not_picked":["Ectoplasm","Fusion Hammer"],"picked":"Runic Dome"}],"items_purged_floors":[10],"is_endless":false,"potions_floor_spawned":[3,5,13,14,18,21,29,30],"ascension_level":11}}