{"host":"o5jvvi5yapo90aia","time":1610540391,"event":{"mods":["BaseMod","CapriCore","Minty Spire (QoL Compilation)","MostiFishMod","Prisma Mod","Spicy Shops","StSLib","TestMod","The Immortal","Yakumo Yukari mod","【人物mod】游戏王New YuGiOh mod","【功能Mod】Neow奖励"],"gold_per_floor":[127,202,235,264,290,305,305],"floor_reached":6,"language":"ZHS","playtime":200,"items_purged":[],"score":76,"play_id":"aae34b0a-cac7-4cfd-9538-e4a7f2449a95","local_time":"20210113201951","is_ascension_mode":true,"campfire_choices":[],"circlet_count":0,"master_deck":["AscendersBane","Strike_P","Strike_P","Strike_P","Strike_P","Defend_P","Defend_P","Defend_P","Defend_P","Eruption","Vigilance","MostiFishMod:StarOceanP"],"relics":["DaveBox","testmod-TestBox","testmod-Temperance","The Courier","testmod-Prudence","SynthV:TestCard"],"acts_visited":["Exordium"],"potions_floor_usage":[],"damage_taken":[{"damage":0,"enemies":"Small Slimes","floor":1,"turns":3},{"damage":0,"enemies":"2 Louse","floor":3,"turns":3},{"damage":9,"enemies":"Jaw Worm","floor":4,"turns":3},{"damage":0,"enemies":"Looter","floor":5,"turns":5},{"damage":0,"enemies":"3 Sentries","floor":6,"turns":1}],"seed_played":"3297760323604183302","potions_obtained":[{"floor":1,"key":"DistilledChaos"},{"floor":4,"key":"DistilledChaos"}],"is_trial":false,"path_per_floor":["M","?","M","M","M","E"],"character_chosen":"WATCHER","items_purchased":[],"campfire_rested":0,"item_purchase_floors":[],"current_hp_per_floor":[65,54,58,53,57,61,61],"gold":305,"neow_bonus":"BOSS_RELIC","is_daily":false,"chose_seed":false,"campfire_upgraded":0,"win_rate":0.0,"timestamp":1610540391,"path_taken":["M","?","M","M","M","E"],"items_purchased_type":[],"build_version":"2020-12-22","purchased_purges":0,"victory":false,"max_hp_per_floor":[68,68,68,68,68,68,68],"card_choices":[{"not_picked":["SandsOfTime","FlyingSleeves","Protect"],"picked":"SKIP","floor":1},{"not_picked":["FlyingSleeves","Prostrate","WheelKick","Indignation","FlurryOfBlows"],"picked":"SKIP","floor":3},{"not_picked":["EmptyFist","Sanctity","Consecrate","PathToVictory","ThirdEye"],"picked":"SKIP","floor":4},{"not_picked":["ForeignInfluence","BowlingBash","FlyingSleeves","Meditate"],"picked":"MostiFishMod:StarOceanP","floor":5}],"player_experience":1419405,"relics_obtained":[{"floor":1,"key":"SynthV:TestCard"}],"event_choices":[{"damage_healed":0,"gold_gain":75,"player_choice":"Gather Gold","damage_taken":11,"max_hp_gain":0,"max_hp_loss":0,"event_name":"World of Goop","floor":2,"gold_loss":0}],"is_beta":false,"boss_relics":[],"items_purged_floors":[],"is_endless":false,"potions_floor_spawned":[1,4],"killed_by":"3 Sentries","ascension_level":20}}