{"host":"oigynbtg272c19pw","time":1610557396,"event":{"mods":["BaseMod","Colored Map","Minty Spire (QoL Compilation)","Relic Stats","StSLib"],"gold_per_floor":[115,131,131,144,157,191,191,221,221,221,250,264,264,264,264,264,264],"floor_reached":16,"playtime":755,"items_purged":[],"score":240,"play_id":"b41fbc33-9690-4fea-ac99-316781c3e524","local_time":"20210113180316","is_ascension_mode":true,"campfire_choices":[{"data":"Sword Boomerang","floor":7.0,"key":"SMITH"},{"floor":10.0,"key":"REST"},{"data":"Shockwave","floor":15,"key":"SMITH"}],"circlet_count":0,"master_deck":["AscendersBane","Strike_R","Strike_R","Strike_R","Strike_R","Defend_R","Defend_R","Defend_R","Defend_R","Bash","Whirlwind","Spot Weakness","Sword Boomerang+1","Seeing Red","Brutality","Second Wind","Power Through","Shockwave+1"],"relics":["Burning Blood","Blue Candle","Art of War","Letter Opener","Ginger"],"acts_visited":["Exordium"],"potions_floor_usage":[],"damage_taken":[{"damage":9.0,"enemies":"Jaw Worm","floor":1.0,"turns":5.0},{"damage":7.0,"enemies":"2 Louse","floor":2.0,"turns":3.0},{"damage":1.0,"enemies":"Cultist","floor":4.0,"turns":3.0},{"damage":12.0,"enemies":"Exordium Wildlife","floor":5.0,"turns":5.0},{"damage":35.0,"enemies":"3 Sentries","floor":6.0,"turns":7.0},{"damage":27.0,"enemies":"Lagavulin","floor":8.0,"turns":7.0},{"damage":20.0,"enemies":"3 Sentries","floor":11.0,"turns":5.0},{"damage":13.0,"enemies":"Large Slime","floor":12.0,"turns":3.0},{"damage":40,"enemies":"Hexaghost","floor":16,"turns":9}],"seed_played":"-7247364378389099537","potions_obtained":[{"floor":1.0,"key":"Block Potion"},{"floor":2.0,"key":"Energy Potion"},{"floor":6.0,"key":"EntropicBrew"},{"floor":11.0,"key":"Fruit Juice"}],"is_trial":false,"path_per_floor":["M","M","?","M","M","E","R","E","T","R","E","M","?","?","R","B"],"character_chosen":"IRONCLAD","items_purchased":[],"campfire_rested":1,"item_purchase_floors":[],"current_hp_per_floor":[72,71,76,81,75,46,46,25,25,51,42,35,35,35,35,0,0],"gold":264,"neow_bonus":"TEN_PERCENT_HP_BONUS","is_daily":false,"chose_seed":false,"campfire_upgraded":2,"win_rate":0.0,"timestamp":1610557396,"path_taken":["M","M","?","M","M","E","R","E","T","R","E","M","?","?","R","BOSS"],"items_purchased_type":[],"build_version":"2020-12-13","purchased_purges":0,"victory":false,"max_hp_per_floor":[82,82,87,87,87,87,87,87,87,87,92,92,92,92,92,92,92],"relic_stats":{"counters":[9,47],"Blue Candle":[0],"Art of War":[1],"Letter Opener":[10],"Ginger":[0],"obtain_stats":[{"Blue Candle":6,"Art of War":8,"Letter Opener":9,"Ginger":11,"Burning Blood":0},{"Blue Candle":5,"Art of War":6,"Letter Opener":6,"Ginger":7,"Burning Blood":0},{"Blue Candle":23,"Art of War":30,"Letter Opener":30,"Ginger":35,"Burning Blood":0}],"Burning Blood":48},"card_choices":[{"not_picked":["Spot Weakness","Armaments"],"picked":"Whirlwind","floor":1.0},{"not_picked":["Armaments","Clothesline"],"picked":"Spot Weakness","floor":2.0},{"not_picked":["Dark Embrace","Thunderclap"],"picked":"Sword Boomerang","floor":4.0},{"not_picked":["Twin Strike","Body Slam"],"picked":"Seeing Red","floor":5.0},{"not_picked":["Hemokinesis","Warcry"],"picked":"Brutality","floor":6.0},{"not_picked":["Pommel Strike","Sword Boomerang"],"picked":"Second Wind","floor":8.0},{"not_picked":["Pummel","Rupture"],"picked":"Power Through","floor":11.0},{"not_picked":["Flame Barrier","Twin Strike"],"picked":"Shockwave","floor":12.0}],"player_experience":1378591,"relics_obtained":[{"floor":6.0,"key":"Blue Candle"},{"floor":8.0,"key":"Art of War"},{"floor":9.0,"key":"Letter Opener"},{"floor":11.0,"key":"Ginger"}],"event_choices":[{"damage_healed":0.0,"max_hp_gain":5.0,"max_hp_loss":0.0,"gold_gain":0.0,"event_name":"Big Fish","player_choice":"Donut","floor":3.0,"gold_loss":0.0,"damage_taken":0.0},{"cards_removed":["Strike_R"],"damage_healed":0,"gold_gain":0,"player_choice":"Forget","damage_taken":0,"max_hp_gain":0,"max_hp_loss":0,"event_name":"Living Wall","floor":13,"gold_loss":0},{"damage_healed":0,"gold_gain":0,"player_choice":"0 cards matched","damage_taken":0,"max_hp_gain":0,"max_hp_loss":0,"event_name":"Match and Keep!","floor":14,"gold_loss":0,"cards_obtained":[]}],"is_beta":false,"boss_relics":[],"items_purged_floors":[],"is_endless":false,"potions_floor_spawned":[1,2,6,11],"killed_by":"Hexaghost","ascension_level":20}}