{"host":"n43wxkei7kulhi8o","time":1610509045,"event":{"mods":["BaseMod","Bestiary","Block Reminder","Colored Map","Curses Come First","Custom Start","Highlight Path","Minty Spire (QoL Compilation)","Quick Restart","Relic Stats","StSLib"],"gold_per_floor":[117,134,13,13,13,13,13,13,13,37,37,50,73,89,89,89,89],"floor_reached":16,"language":"ENG","playtime":375,"items_purged":[],"score":142,"play_id":"4f2411c4-eff4-4b54-8500-f09f9924cc65","local_time":"20210112223725","is_ascension_mode":false,"campfire_choices":[{"data":"Zap","floor":6,"key":"SMITH"},{"data":"Dualcast","floor":11,"key":"SMITH"},{"data":"Capacitor","floor":15,"key":"SMITH"}],"circlet_count":0,"master_deck":["Strike_B","Strike_B","Strike_B","Strike_B","Defend_B","Defend_B","Defend_B","Defend_B","Zap+1","Dualcast+1","Sweeping Beam","Capacitor+1","Cold Snap","Parasite","Consume","Streamline"],"relics":["Cursed Key","Golden Idol","Kunai"],"acts_visited":["Exordium"],"potions_floor_usage":[13,14],"damage_taken":[{"damage":0,"enemies":"2 Louse","floor":1,"turns":2},{"damage":0,"enemies":"Jaw Worm","floor":2,"turns":3},{"damage":0,"enemies":"Small Slimes","floor":10,"turns":3},{"damage":7,"enemies":"Exordium Thugs","floor":12,"turns":4},{"damage":5,"enemies":"Looter","floor":13,"turns":4},{"damage":5,"enemies":"Lots of Slimes","floor":14,"turns":3},{"damage":26,"enemies":"Hexaghost","floor":16,"turns":11}],"seed_played":"-8747698689500530976","potions_obtained":[{"floor":1,"key":"Swift Potion"},{"floor":12,"key":"DistilledChaos"}],"is_trial":false,"path_per_floor":["M","M","$","?","?","R","?","?","T","M","R","M","M","M","R","B"],"character_chosen":"DEFECT","items_purchased":["Capacitor","Cold Snap"],"campfire_rested":0,"item_purchase_floors":[3,3],"current_hp_per_floor":[75,75,75,57,57,57,75,75,75,75,75,68,63,58,58,32,32],"gold":89,"neow_bonus":"BOSS_RELIC","is_daily":false,"chose_seed":false,"campfire_upgraded":3,"win_rate":0.0,"timestamp":1610509045,"path_taken":["M","M","$","?","?","R","?","?","T","M","R","M","?","M","R","BOSS"],"items_purchased_type":["Card","Card"],"build_version":"2020-12-22","purchased_purges":0,"victory":false,"max_hp_per_floor":[75,75,75,75,75,75,75,75,75,75,75,75,75,75,75,75,75],"relic_stats":{"counters":[7,30],"Golden Idol":16,"Kunai":[7],"Cursed Key":1,"obtain_stats":[{"Golden Idol":4,"Kunai":9,"Cracked Core":0,"Cursed Key":0},{"Golden Idol":2,"Kunai":2,"Cracked Core":0,"Cursed Key":0},{"Golden Idol":5,"Kunai":5,"Cracked Core":0,"Cursed Key":0}]},"card_choices":[{"not_picked":["Recycle","Hologram"],"picked":"Leap","floor":1},{"not_picked":["Coolheaded","Go for the Eyes"],"picked":"Sweeping Beam","floor":2},{"not_picked":["Stack","Reprogram","Compile Driver"],"picked":"SKIP","floor":10},{"not_picked":["Double Energy","Storm"],"picked":"Consume","floor":12},{"not_picked":["Static Discharge","Steam Power"],"picked":"Streamline","floor":13},{"not_picked":["Hologram","Sweeping Beam","Hello World"],"picked":"SKIP","floor":14}],"player_experience":649459,"relics_obtained":[{"floor":9,"key":"Kunai"}],"event_choices":[{"damage_healed":0,"gold_gain":0,"player_choice":"Take Damage","damage_taken":18,"relics_obtained":["Golden Idol"],"max_hp_gain":0,"max_hp_loss":0,"event_name":"Golden Idol","floor":4,"gold_loss":0},{"damage_healed":0,"gold_gain":0,"player_choice":"Ignored","damage_taken":0,"max_hp_gain":0,"max_hp_loss":0,"event_name":"Golden Wing","floor":5,"gold_loss":0},{"damage_healed":25,"gold_gain":0,"player_choice":"Banana","damage_taken":0,"max_hp_gain":0,"max_hp_loss":0,"event_name":"Big Fish","floor":7,"gold_loss":0},{"cards_removed":["Leap"],"damage_healed":0,"gold_gain":0,"player_choice":"Purged","damage_taken":0,"max_hp_gain":0,"max_hp_loss":0,"event_name":"Purifier","floor":8,"gold_loss":0}],"is_beta":false,"boss_relics":[],"items_purged_floors":[],"is_endless":false,"potions_floor_spawned":[1,12],"killed_by":"Hexaghost","ascension_level":0}}