{"host":"52lujqhsyicpcskq","time":1610543276,"event":{"mods":["BaseMod","Colored Map","DeckTracker","Minty Spire (QoL Compilation)","Permanent Neow","StSLib","SuperFastMode","everything is the same but u backflip on backflip"],"gold_per_floor":[117,132,142,142,154,184,184,184,184],"floor_reached":8,"language":"KOR","playtime":370,"items_purged":[],"score":90,"play_id":"7693a34e-5c0d-4160-a665-18b63254f64f","local_time":"20210113220756","is_ascension_mode":true,"campfire_choices":[{"floor":7,"key":"REST"}],"circlet_count":0,"master_deck":["AscendersBane","Strike_B","Strike_B","Strike_B","Strike_B","Defend_B","Defend_B","Defend_B","Defend_B","Zap","Dualcast","Gash","Coolheaded","Consume","Cold Snap","Glacier"],"relics":["Cracked Core","Happy Flower","Pantograph"],"acts_visited":["Exordium"],"potions_floor_usage":[],"damage_taken":[{"damage":0,"enemies":"Small Slimes","floor":1,"turns":3},{"damage":1,"enemies":"Cultist","floor":2,"turns":3},{"damage":7,"enemies":"2 Louse","floor":3,"turns":3},{"damage":28,"enemies":"Lots of Slimes","floor":5,"turns":6},{"damage":16,"enemies":"Lagavulin","floor":6,"turns":8},{"damage":37,"enemies":"Gremlin Nob","floor":8,"turns":6}],"seed_played":"2219969559857638792","potions_obtained":[{"floor":3,"key":"SteroidPotion"}],"is_trial":false,"path_per_floor":["M","M","M","?","M","E","R","E"],"character_chosen":"DEFECT","items_purchased":[],"campfire_rested":1,"item_purchase_floors":[],"current_hp_per_floor":[68,67,60,60,32,16,38,1,1],"gold":184,"neow_bonus":"RANDOM_COMMON_RELIC","is_daily":false,"chose_seed":false,"campfire_upgraded":0,"win_rate":0.0,"timestamp":1610543276,"path_taken":["M","M","M","?","?","E","R","E"],"items_purchased_type":[],"build_version":"2020-12-22","purchased_purges":0,"victory":false,"max_hp_per_floor":[75,75,75,75,75,75,75,75,75],"card_choices":[{"not_picked":["Undo","Leap"],"picked":"Gash","floor":1},{"not_picked":["Stack","Redo"],"picked":"Coolheaded","floor":2},{"not_picked":["Barrage","Darkness"],"picked":"Consume","floor":3},{"not_picked":["Stack","Skim"],"picked":"Cold Snap","floor":5},{"not_picked":["Machine Learning","Amplify"],"picked":"Glacier","floor":6}],"player_experience":681716,"relics_obtained":[{"floor":6,"key":"Pantograph"}],"event_choices":[{"damage_healed":0,"gold_gain":0,"player_choice":"Bought 0 Potions","damage_taken":0,"max_hp_gain":0,"max_hp_loss":0,"event_name":"The Woman in Blue","floor":4,"gold_loss":0}],"is_beta":false,"boss_relics":[],"items_purged_floors":[],"is_endless":false,"potions_floor_spawned":[3],"killed_by":"Gremlin Nob","ascension_level":11}}