{"host":"ny1uxs7aco9qql8p","time":1610567601,"event":{"mods":["AchievementEnabler","Alarm Clock","BaseMod","Bestiary","Colored Map","Colored Powertips","DeckTracker","Filter the Spire","Highlight Path","Minty Spire (QoL Compilation)","Permanent Neow","Quick Restart","Rare Cards Sparkle","Relic Stats"],"gold_per_floor":[119,119,132,146,170,204,204,204,229,115,14,14,57,70,70,195,258,283,198,219,219,219],"floor_reached":21,"language":"ENG","playtime":2856,"items_purged":["Injury"],"score":248,"play_id":"7788a2f0-e959-4c37-8da9-43b28ee1e140","local_time":"20210113145321","is_ascension_mode":true,"campfire_choices":[{"floor":7,"key":"REST"},{"floor":12,"key":"REST"},{"data":"Echo Form","floor":15,"key":"SMITH"}],"circlet_count":0,"master_deck":["Strike_B","Strike_B","Strike_B","Strike_B+1","Defend_B","Defend_B","Defend_B","Defend_B+1","Zap","Dualcast+1","Skim","Ball Lightning","Melter","Creative AI+1","Echo Form+1","Loop","BootSequence","Melter","Fusion","Undo","Seek","Darkness","Loop","Cold Snap"],"relics":["Cracked Core","Golden Idol","Lantern","Happy Flower","Strawberry","Tiny House","Pear"],"acts_visited":["Exordium","TheCity"],"potions_floor_usage":[13,16,16,16,18,18],"damage_taken":[{"damage":1,"enemies":"Jaw Worm","floor":1,"turns":3},{"damage":2,"enemies":"2 Louse","floor":3,"turns":2},{"damage":5,"enemies":"Small Slimes","floor":4,"turns":3},{"damage":5,"enemies":"Looter","floor":5,"turns":2},{"damage":42,"enemies":"3 Sentries","floor":6,"turns":8},{"damage":21,"enemies":"Gremlin Nob","floor":13,"turns":5},{"damage":0,"enemies":"Large Slime","floor":14,"turns":6},{"damage":1,"enemies":"The Guardian","floor":16,"turns":9},{"damage":30,"enemies":"Chosen","floor":18,"turns":7},{"damage":40,"enemies":"2 Thieves","floor":20,"turns":5},{"damage":42,"enemies":"Snake Plant","floor":21,"turns":5}],"seed_played":"6357250088005421786","potions_obtained":[{"floor":4,"key":"Swift Potion"},{"floor":6,"key":"Weak Potion"},{"floor":13,"key":"Dexterity Potion"},{"floor":14,"key":"EssenceOfSteel"},{"floor":16,"key":"Fruit Juice"},{"floor":17,"key":"Fruit Juice"},{"floor":20,"key":"EssenceOfDarkness"}],"is_trial":false,"path_per_floor":["M","?","M","M","M","E","R","?","T","$","$","R","E","M","R","B",null,"M","?","M","M"],"character_chosen":"DEFECT","items_purchased":["Loop","BootSequence","Melter"],"campfire_rested":2,"item_purchase_floors":[10,11,11],"current_hp_per_floor":[74,74,72,67,62,20,42,27,27,27,27,49,35,35,35,34,87,67,77,37,0,0],"gold":219,"neow_bonus":"UPGRADE_CARD","is_daily":false,"chose_seed":false,"campfire_upgraded":1,"win_rate":0.0,"timestamp":1610567601,"path_taken":["M","?","M","M","M","E","R","?","T","?","$","R","E","M","R","BOSS","M","?","M","M"],"items_purchased_type":["Card","Card","Card"],"build_version":"2020-12-22","purchased_purges":1,"victory":false,"max_hp_per_floor":[75,75,75,75,75,75,75,75,75,75,75,75,82,82,82,82,87,97,107,107,107,107],"relic_stats":{"Happy Flower":[12],"counters":[11,53],"Golden Idol":77,"obtain_stats":[{"Lantern":6,"Tiny House":17,"Pear":19,"Happy Flower":9,"Golden Idol":2,"Strawberry":13,"Cracked Core":0},{"Lantern":5,"Tiny House":8,"Pear":9,"Happy Flower":5,"Golden Idol":1,"Strawberry":6,"Cracked Core":0},{"Lantern":18,"Tiny House":36,"Pear":43,"Happy Flower":18,"Golden Idol":3,"Strawberry":23,"Cracked Core":0}]},"card_choices":[{"not_picked":["Sweeping Beam","Go for the Eyes"],"picked":"Skim","floor":1},{"not_picked":["Gash","Compile Driver"],"picked":"Ball Lightning","floor":3},{"not_picked":["Leap","Fusion"],"picked":"Melter","floor":4},{"not_picked":["Conserve Battery","FTL"],"picked":"Creative AI","floor":5},{"not_picked":["Hologram","Sunder"],"picked":"Echo Form","floor":6},{"not_picked":["Rebound","Skim"],"picked":"Fusion","floor":13},{"not_picked":["FTL","Steam Power"],"picked":"Undo","floor":14},{"not_picked":["Hyperbeam","Biased Cognition"],"picked":"Seek","floor":16},{"not_picked":["Redo","Leap"],"picked":"Darkness","floor":17},{"not_picked":["Steam Power","Skim"],"picked":"Loop","floor":18},{"not_picked":["Reprogram","Hologram"],"picked":"Cold Snap","floor":20}],"player_experience":182065,"relics_obtained":[{"floor":6,"key":"Lantern"},{"floor":9,"key":"Happy Flower"},{"floor":13,"key":"Strawberry"}],"event_choices":[{"damage_healed":0,"gold_gain":0,"player_choice":"Take Wound","damage_taken":0,"relics_obtained":["Golden Idol"],"max_hp_gain":0,"max_hp_loss":0,"event_name":"Golden Idol","floor":2,"gold_loss":0,"cards_obtained":["Injury"]},{"damage_healed":0,"gold_gain":0,"player_choice":"Entered Light","damage_taken":15,"max_hp_gain":0,"max_hp_loss":0,"event_name":"Shining Light","floor":8,"gold_loss":0,"cards_upgraded":["Strike_B","Creative AI"]},{"damage_healed":0,"gold_gain":0,"player_choice":"Obtained Relic","damage_taken":0,"relics_obtained":["Pear"],"max_hp_gain":0,"max_hp_loss":0,"event_name":"Addict","floor":19,"gold_loss":85}],"is_beta":false,"boss_relics":[{"not_picked":["Busted Crown","SacredBark"],"picked":"Tiny House"}],"items_purged_floors":[10],"is_endless":false,"potions_floor_spawned":[4,6,13,14,16,20],"killed_by":"Snake Plant","ascension_level":1}}