{"host":"07e1k1rk6c4zn0bu","time":1610524828,"event":{"mods":["AchievementEnabler","BaseMod","Bestiary","Card Forge","Colored Map","Colored Powertips","DeckTracker","Minty Spire (QoL Compilation)","StSLib"],"gold_per_floor":[112,137,162,174,200,212,248,283,295,307,319,346,358,391,403,539,551,581,593,624,659,671,719,731,777,789,824,537,537,537,537,537,660,660,680,696,696,265,281,281,321,336,336,354,354,369,394,413,413,413],"floor_reached":51,"language":"ENG","playtime":2595,"items_purged":[],"score":813,"play_id":"325c2f10-5651-474e-abc3-1f4675ae1270","local_time":"20210113030028","is_ascension_mode":false,"campfire_choices":[{"floor":6,"key":"REST"},{"floor":15,"key":"REST"},{"floor":24,"key":"REST"},{"floor":30,"key":"REST"},{"floor":32,"key":"REST"},{"floor":40,"key":"REST"},{"floor":49,"key":"REST"}],"circlet_count":0,"master_deck":["Defend_G+1","Defend_G+1","Defend_G+1","Defend_G+1","Survivor+1","Neutralize+1","After Image+1","Backstab+1","Bane+1","Bouncing Flask+1","Blur+1","Catalyst+1","Burst+1","Crippling Poison+1","Corpse Explosion+1","Deadly Poison+1","Envenom+1","After Image+1","Backstab+1","Noxious Fumes+1","Poisoned Stab+1","Backflip+1","Acrobatics+1","Blur+1","Dash+1","Cloak And Dagger","Dodge and Roll+1","Crippling Poison+1"],"relics":["Ring of the Serpent","Hammer of Thor","Seething Fire","Anvil of the Gods","MawBank","Golden Idol","War Paint","Velvet Choker","Bottled Flame","Centennial Puzzle","Darkstone Periapt","Oddly Smooth Stone","DollysMirror","Membership Card","Bird Faced Urn","Ornamental Fan","Pantograph","Bottled Tornado"],"acts_visited":["Exordium","TheCity","TheBeyond"],"potions_floor_usage":[],"damage_taken":[{"damage":0,"enemies":"Cultist","floor":1,"turns":1},{"damage":6,"enemies":"Small Slimes","floor":3,"turns":2},{"damage":0,"enemies":"2 Louse","floor":5,"turns":1},{"damage":10,"enemies":"Looter","floor":7,"turns":2},{"damage":3,"enemies":"3 Louse","floor":8,"turns":2},{"damage":0,"enemies":"Exordium Thugs","floor":12,"turns":2},{"damage":0,"enemies":"Looter","floor":14,"turns":1},{"damage":0,"enemies":"Hexaghost","floor":16,"turns":7},{"damage":0,"enemies":"Spheric Guardian","floor":18,"turns":2},{"damage":0,"enemies":"3 Byrds","floor":20,"turns":4},{"damage":0,"enemies":"Cultist and Chosen","floor":21,"turns":3},{"damage":13,"enemies":"Gremlin Leader","floor":23,"turns":6},{"damage":7,"enemies":"Slavers","floor":25,"turns":4},{"damage":0,"enemies":"Snecko","floor":27,"turns":3},{"damage":13,"enemies":"Automaton","floor":33,"turns":7},{"damage":9,"enemies":"3 Shapes","floor":35,"turns":3},{"damage":8,"enemies":"3 Darklings","floor":36,"turns":3},{"damage":0,"enemies":"Maw","floor":39,"turns":7},{"damage":48,"enemies":"Reptomancer","floor":41,"turns":7},{"damage":6,"enemies":"Sphere and 2 Shapes","floor":42,"turns":5},{"damage":3,"enemies":"Spire Growth","floor":44,"turns":4},{"damage":19,"enemies":"4 Shapes","floor":46,"turns":3},{"damage":0,"enemies":"Jaw Worm Horde","floor":47,"turns":3},{"damage":5,"enemies":"Maw","floor":48,"turns":6},{"damage":11,"enemies":"Donu and Deca","floor":50,"turns":7}],"seed_played":"383957519009780104","potions_obtained":[{"floor":0,"key":"Block Potion"},{"floor":0,"key":"SkillPotion"},{"floor":0,"key":"EntropicBrew"}],"is_trial":false,"path_per_floor":["M","T","M","?","M","R","M","M","T","?","$","M","$","M","R","B",null,"M","?","M","M","?","E","R","E","T","M","$","?","R","?","R","B",null,"M","M","?","$","M","R","E","M","T","M","?","M","M","M","R","B",null],"character_chosen":"THE_SILENT","items_purchased":["Oddly Smooth Stone","DollysMirror","Membership Card","Bird Faced Urn","Ornamental Fan"],"campfire_rested":7,"item_purchase_floors":[28,28,38,38,38],"current_hp_per_floor":[70,70,64,47,47,68,58,55,55,55,55,55,55,55,70,70,70,70,70,70,70,70,57,70,63,63,63,63,63,70,70,70,57,70,61,53,80,80,80,80,32,30,30,33,33,20,26,29,53,69],"gold":413,"neow_bonus":"THREE_SMALL_POTIONS","is_daily":false,"chose_seed":false,"campfire_upgraded":0,"win_rate":0.0,"timestamp":1610524828,"path_taken":["M","?","M","?","M","R","M","M","T","?","$","M","$","M","R","BOSS","M","?","M","M","?","E","R","E","T","?","$","?","R","?","R","BOSS","M","M","?","$","?","R","E","M","T","?","?","M","M","M","R","BOSS"],"items_purchased_type":["Relic","Relic","Relic","Relic","Relic"],"build_version":"2020-12-22","purchased_purges":0,"victory":true,"max_hp_per_floor":[70,70,70,70,70,70,70,70,70,70,70,70,70,70,70,70,70,70,70,70,70,70,70,70,70,70,70,70,70,70,70,70,70,70,70,70,80,80,80,80,80,80,80,80,80,80,80,80,80,80],"card_choices":[{"not_picked":["Dagger Throw","Underhanded Strike","Flying Knee"],"picked":"SKIP","floor":1},{"not_picked":["Backflip","Prepared","Bane"],"picked":"SKIP","floor":3},{"not_picked":["All Out Attack","Flechettes","Accuracy"],"picked":"SKIP","floor":5},{"not_picked":["Calculated Gamble","Noxious Fumes","Reflex"],"picked":"SKIP","floor":7},{"not_picked":["Bane","Sucker Punch","Catalyst"],"picked":"SKIP","floor":8},{"not_picked":["Deflect","All Out Attack","Flying Knee"],"picked":"SKIP","floor":12},{"not_picked":["Quick Slash","Finisher","Slice"],"picked":"SKIP","floor":14},{"not_picked":["Underhanded Strike","Finisher+1","Predator+1"],"picked":"SKIP","floor":18},{"not_picked":["Deflect","Backflip","Prepared"],"picked":"SKIP","floor":20},{"not_picked":["Accuracy","Backflip","Bane+1"],"picked":"SKIP","floor":21},{"not_picked":["Night Terror","After Image","Leg Sweep"],"picked":"SKIP","floor":23},{"not_picked":["Backflip","Acrobatics","Dodge and Roll"],"picked":"SKIP","floor":25},{"not_picked":["Deflect+1","Underhanded Strike+1","Finisher+1"],"picked":"SKIP","floor":27},{"not_picked":["Leg Sweep+1","Bane+1","Reflex+1"],"picked":"SKIP","floor":35},{"not_picked":["Deadly Poison","Endless Agony+1","Flechettes"],"picked":"SKIP","floor":36},{"not_picked":["Deflect+1","Prepared","Escape Plan"],"picked":"SKIP","floor":39},{"not_picked":["Poisoned Stab+1","Blade Dance","All Out Attack"],"picked":"SKIP","floor":41},{"not_picked":["Crippling Poison","Calculated Gamble+1","Quick Slash"],"picked":"SKIP","floor":42},{"not_picked":["Slice+1","Blade Dance+1","Tactician+1"],"picked":"SKIP","floor":44},{"not_picked":["After Image","Quick Slash+1","Flechettes+1"],"picked":"SKIP","floor":46},{"not_picked":["Bane+1","Blade Dance+1","Backstab"],"picked":"SKIP","floor":47},{"not_picked":["Masterful Stab+1","Dodge and Roll","Crippling Poison+1"],"picked":"SKIP","floor":48}],"player_experience":39077,"relics_obtained":[{"floor":2,"key":"MawBank"},{"floor":9,"key":"War Paint"},{"floor":23,"key":"Bottled Flame"},{"floor":25,"key":"Centennial Puzzle"},{"floor":26,"key":"Darkstone Periapt"},{"floor":41,"key":"Pantograph"},{"floor":43,"key":"Bottled Tornado"}],"event_choices":[{"damage_healed":0,"gold_gain":0,"player_choice":"Take Damage","damage_taken":17,"relics_obtained":["Golden Idol"],"max_hp_gain":0,"max_hp_loss":0,"event_name":"Golden Idol","floor":4,"gold_loss":0},{"damage_healed":0,"gold_gain":0,"cards_transformed":["Defend_G"],"player_choice":"Change","damage_taken":0,"max_hp_gain":0,"max_hp_loss":0,"event_name":"Living Wall","floor":10,"gold_loss":0,"cards_obtained":["Cloak And Dagger"]},{"damage_healed":0,"gold_gain":0,"player_choice":"Ignored","damage_taken":0,"max_hp_gain":0,"max_hp_loss":0,"event_name":"Vampires","floor":19,"gold_loss":0},{"damage_healed":0,"gold_gain":0,"player_choice":"Read","damage_taken":0,"max_hp_gain":0,"max_hp_loss":0,"event_name":"The Library","floor":22,"gold_loss":0,"cards_obtained":["Dodge and Roll"]},{"damage_healed":0,"gold_gain":0,"player_choice":"Ignored","damage_taken":0,"max_hp_gain":0,"max_hp_loss":0,"event_name":"Ghosts","floor":29,"gold_loss":0},{"damage_healed":0,"gold_gain":0,"player_choice":"Ignored","damage_taken":0,"max_hp_gain":0,"max_hp_loss":0,"event_name":"Beggar","floor":31,"gold_loss":0},{"cards_removed":["Venomology"],"damage_healed":17,"gold_gain":0,"player_choice":"Offered Rare","damage_taken":0,"max_hp_gain":10,"max_hp_loss":0,"event_name":"Bonfire Elementals","floor":37,"gold_loss":0},{"damage_healed":0,"gold_gain":0,"player_choice":"Upgraded","damage_taken":0,"max_hp_gain":0,"max_hp_loss":0,"event_name":"Upgrade Shrine","floor":45,"gold_loss":0,"cards_upgraded":["Dodge and Roll"]}],"is_beta":false,"boss_relics":[{"not_picked":["Tiny House","Empty Cage"],"picked":"Velvet Choker"},{"not_picked":["Runic Pyramid","Calling Bell"],"picked":"Ring of the Serpent"}],"items_purged_floors":[],"is_endless":false,"potions_floor_spawned":[3,16,20,21,35,36,39,47],"ascension_level":0}}