{"host":"bf1tnxyvjw6wp3cl","time":1610557500,"event":{"mods":["AchievementEnabler","BaseMod","Better Third Choice","Block Reminder","Colored Powertips","Curses Come First","Minty Spire (QoL Compilation)","Quick Restart","Relic Stats","StSLib","SuperFastMode"],"gold_per_floor":[118,118,131,53,63,63,94,94,94,94,114,38,38,64,64,166,166,180,198,87,87,87,87,113,124,150,162,25,37,55,55,55,155,155,165,180,180,193,39,39,39,89,89,104,104,104,104,117,117,117,117],"floor_reached":50,"language":"ENG","playtime":1742,"items_purged":["Shame"],"score":612,"play_id":"72168e7a-9a3f-498a-94e5-a9b4f01991e3","local_time":"20210113120500","is_ascension_mode":true,"campfire_choices":[{"data":"Defragment","floor":6,"key":"SMITH"},{"floor":10,"key":"REST"},{"floor":13,"key":"REST"},{"floor":15,"key":"REST"},{"data":"Seek","floor":27,"key":"SMITH"},{"floor":32,"key":"REST"},{"floor":40,"key":"REST"},{"floor":49,"key":"REST"}],"circlet_count":0,"master_deck":["Zap","Dualcast","Amplify","Beam Cell","Hologram","Defragment+1","Hologram","Defragment","Force Field","Ball Lightning+1","BootSequence","Static Discharge","Force Field","Ball Lightning+1","Seek+1","Fusion","Lockon+1","Darkness","Coolheaded","Fission","Double Energy","Cold Snap+1","Loop","Glacier","Rip and Tear+1","Defragment","Biased Cognition","Cold Snap+1","Seek+1","Cold Snap+1","Force Field","Hello World+1","Amplify","Conserve Battery+1","Sunder+1","Chill","White Noise","Sweeping Beam+1","Madness","Madness","Ball Lightning+1","Loop","Mayhem","Beam Cell+1","Chill+1"],"relics":["Cracked Core","Pen Nib","Dream Catcher","Molten Egg 2","Potion Belt","Pandora\u0027s Box","Darkstone Periapt","MawBank","DollysMirror","Calipers","Inserter","Du-Vu Doll","Meat on the Bone"],"acts_visited":["Exordium","TheCity","TheBeyond"],"potions_floor_usage":[7,14,14,30],"damage_taken":[{"damage":4,"enemies":"2 Louse","floor":1,"turns":3},{"damage":0,"enemies":"Small Slimes","floor":3,"turns":3},{"damage":7,"enemies":"Jaw Worm","floor":5,"turns":3},{"damage":37,"enemies":"Gremlin Nob","floor":7,"turns":4},{"damage":7,"enemies":"Looter","floor":11,"turns":3},{"damage":40,"enemies":"Lagavulin","floor":14,"turns":7},{"damage":26,"enemies":"The Guardian","floor":16,"turns":8},{"damage":3,"enemies":"Chosen","floor":18,"turns":5},{"damage":34,"enemies":"3 Byrds","floor":19,"turns":4},{"damage":19,"enemies":"Book of Stabbing","floor":24,"turns":5},{"damage":1,"enemies":"Centurion and Healer","floor":25,"turns":5},{"damage":8,"enemies":"Snake Plant","floor":29,"turns":3},{"damage":23,"enemies":"Chosen and Byrds","floor":30,"turns":6},{"damage":14,"enemies":"Automaton","floor":33,"turns":11},{"damage":10,"enemies":"Orb Walker","floor":35,"turns":4},{"damage":21,"enemies":"3 Darklings","floor":36,"turns":6},{"damage":24,"enemies":"Transient","floor":38,"turns":5},{"damage":13,"enemies":"Mind Bloom Boss Battle","floor":42,"turns":8},{"damage":14,"enemies":"Writhing Mass","floor":44,"turns":6},{"damage":8,"enemies":"3 Darklings","floor":48,"turns":8},{"damage":84,"enemies":"Awakened One","floor":50,"turns":8}],"seed_played":"2074816190743112820","potions_obtained":[{"floor":3,"key":"Weak Potion"},{"floor":5,"key":"SteroidPotion"},{"floor":11,"key":"GamblersBrew"},{"floor":19,"key":"PowerPotion"},{"floor":30,"key":"DuplicationPotion"},{"floor":36,"key":"Block Potion"},{"floor":38,"key":"ColorlessPotion"},{"floor":44,"key":"SneckoOil"}],"is_trial":false,"path_per_floor":["M","?","M","$","M","R","E","?","T","R","M","$","R","E","R","B",null,"M","M","$","?","?","?","E","M","T","R","$","M","M","?","R","B",null,"M","M","?","M","$","R","?","?","T","M","?","?","?","M","R","B"],"character_chosen":"DEFECT","items_purchased":["Defragment","BootSequence","Loop","Glacier","DollysMirror","White Noise"],"campfire_rested":6,"item_purchase_floors":[4,12,20,20,28,39],"current_hp_per_floor":[71,53,53,53,46,46,9,9,9,31,24,24,46,6,28,2,75,72,38,38,38,38,85,66,65,65,65,65,57,34,40,67,53,91,81,60,60,36,36,63,52,39,39,37,37,37,37,41,68,0,0],"gold":117,"neow_bonus":"ONE_RANDOM_RARE_CARD","is_daily":false,"chose_seed":false,"campfire_upgraded":2,"win_rate":0.0,"timestamp":1610557500,"path_taken":["M","?","M","$","M","R","E","?","T","R","M","$","R","E","R","BOSS","M","M","$","?","?","?","E","?","T","R","$","M","M","?","R","BOSS","M","M","?","M","$","R","?","?","T","M","?","?","?","M","R","BOSS"],"items_purchased_type":["Card","Card","Card","Card","Relic","Card"],"build_version":"2020-12-22","purchased_purges":1,"victory":false,"max_hp_per_floor":[75,75,75,75,75,75,75,75,75,75,75,75,75,75,75,75,75,75,75,75,75,75,85,85,85,85,85,85,85,85,91,91,91,91,91,91,91,91,91,91,91,91,91,91,91,91,91,91,91,91,91],"relic_stats":{"Darkstone Periapt":6,"Dream Catcher":6,"Inserter":[22],"counters":[21,115],"Pandora\u0027s Box":["Fusion","Lockon","Darkness","Coolheaded","Fission","Rebound","Hyperbeam","Gash"],"Pen Nib":[17],"MawBank":24,"obtain_stats":[{"Potion Belt":14,"Darkstone Periapt":24,"Calipers":31,"Inserter":34,"Pen Nib":2,"MawBank":26,"Du-Vu Doll":42,"Dream Catcher":7,"DollysMirror":28,"Molten Egg 2":9,"Pandora\u0027s Box":17,"Cracked Core":0,"Meat on the Bone":43},{"Potion Belt":6,"Darkstone Periapt":10,"Calipers":13,"Inserter":14,"Pen Nib":1,"MawBank":11,"Du-Vu Doll":18,"Dream Catcher":4,"DollysMirror":11,"Molten Egg 2":4,"Pandora\u0027s Box":7,"Cracked Core":0,"Meat on the Bone":18},{"Potion Belt":23,"Darkstone Periapt":45,"Calipers":59,"Inserter":70,"Pen Nib":3,"MawBank":50,"Du-Vu Doll":93,"Dream Catcher":13,"DollysMirror":50,"Molten Egg 2":13,"Pandora\u0027s Box":31,"Cracked Core":0,"Meat on the Bone":93}],"Meat on the Bone":24},"card_choices":[{"not_picked":["Hologram","Skim"],"picked":"Beam Cell","floor":1},{"not_picked":["Streamline","Fusion"],"picked":"Hologram","floor":3},{"not_picked":["Rebound","Gash"],"picked":"Hologram","floor":5},{"not_picked":["Buffer","Beam Cell"],"picked":"Defragment","floor":7},{"not_picked":["Go for the Eyes+1","Redo"],"picked":"Force Field","floor":10},{"not_picked":["Go for the Eyes+1","Turbo"],"picked":"Ball Lightning+1","floor":11},{"not_picked":["Beam Cell+1","Turbo"],"picked":"Static Discharge","floor":13},{"not_picked":["Gash+1","Aggregate"],"picked":"Force Field","floor":14},{"not_picked":["Leap","Fusion"],"picked":"Ball Lightning+1","floor":15},{"not_picked":["All For One+1","Hyperbeam+1"],"picked":"Seek","floor":16},{"not_picked":["Coolheaded","Steam"],"picked":"Double Energy","floor":18},{"not_picked":["Sweeping Beam+1","Sunder+1"],"picked":"Cold Snap+1","floor":19},{"not_picked":["Self Repair","Genetic Algorithm"],"picked":"Biased Cognition","floor":24},{"not_picked":["Beam Cell+1","Auto Shields"],"picked":"Cold Snap+1","floor":25},{"not_picked":["Stack","Skim"],"picked":"Cold Snap+1","floor":29},{"not_picked":["Coolheaded","Consume+1"],"picked":"Force Field","floor":30},{"not_picked":["Conserve Battery+1","Streamline+1"],"picked":"Hello World+1","floor":32},{"not_picked":["All For One+1","Seek"],"picked":"Amplify","floor":33},{"not_picked":["Gash+1","Redo+1"],"picked":"Conserve Battery+1","floor":35},{"not_picked":["Hologram+1","Conserve Battery+1"],"picked":"Sunder+1","floor":36},{"not_picked":["Rebound+1","Conserve Battery"],"picked":"Chill","floor":38},{"not_picked":["Multi-Cast","Go for the Eyes+1"],"picked":"Sweeping Beam+1","floor":40},{"not_picked":["Sweeping Beam+1","Fusion+1"],"picked":"Ball Lightning+1","floor":42},{"not_picked":["Barrage+1","Conserve Battery"],"picked":"Loop","floor":44},{"not_picked":["Enlightenment","Blind"],"picked":"Mayhem","floor":45},{"not_picked":["Stack+1","Redo"],"picked":"Beam Cell+1","floor":48},{"not_picked":["Turbo+1","FTL+1"],"picked":"Chill+1","floor":49}],"player_experience":166953,"relics_obtained":[{"floor":7,"key":"Dream Catcher"},{"floor":9,"key":"Molten Egg 2"},{"floor":14,"key":"Potion Belt"},{"floor":24,"key":"Darkstone Periapt"},{"floor":26,"key":"MawBank"},{"floor":42,"key":"Du-Vu Doll"},{"floor":43,"key":"Meat on the Bone"}],"event_choices":[{"damage_healed":0,"gold_gain":0,"player_choice":"Relic ","damage_taken":18,"max_hp_gain":0,"max_hp_loss":0,"event_name":"betterThird:BetterScrap","floor":2,"gold_loss":0,"cards_obtained":["WaveOfTheHand"]},{"damage_healed":0,"gold_gain":0,"player_choice":"Leave","damage_taken":0,"max_hp_gain":0,"max_hp_loss":0,"event_name":"The Cleric","floor":8,"gold_loss":0},{"damage_healed":0,"gold_gain":0,"player_choice":"Ignored","damage_taken":0,"max_hp_gain":0,"max_hp_loss":0,"event_name":"Ghosts","floor":21,"gold_loss":0},{"damage_healed":0,"gold_gain":0,"cards_transformed":["Rebound","Gash"],"player_choice":"Became Test Subject","damage_taken":0,"max_hp_gain":0,"max_hp_loss":0,"event_name":"Drug Dealer","floor":22,"gold_loss":0,"cards_obtained":["Rip and Tear","Defragment"]},{"cards_removed":["Hyperbeam"],"damage_healed":37,"gold_gain":0,"player_choice":"Offered Rare","damage_taken":0,"max_hp_gain":10,"max_hp_loss":0,"event_name":"Bonfire Elementals","floor":23,"gold_loss":0},{"damage_healed":0,"gold_gain":0,"player_choice":"Stole Relic","damage_taken":0,"relics_obtained":["Calipers"],"max_hp_gain":0,"max_hp_loss":0,"event_name":"Addict","floor":31,"gold_loss":0,"cards_obtained":["Shame"]},{"damage_healed":0,"gold_gain":0,"player_choice":"Ignored","damage_taken":0,"max_hp_gain":0,"max_hp_loss":0,"event_name":"Tomb of Lord Red Mask","floor":37,"gold_loss":0},{"damage_healed":0,"gold_gain":0,"player_choice":"Embrace Madness","damage_taken":11,"max_hp_gain":0,"max_hp_loss":0,"event_name":"Winding Halls","floor":41,"gold_loss":0,"cards_obtained":["Madness","Madness"]},{"damage_healed":0,"gold_gain":0,"player_choice":"Fight","damage_taken":0,"max_hp_gain":0,"max_hp_loss":0,"event_name":"MindBloom","floor":42,"gold_loss":0},{"damage_healed":0,"gold_gain":0,"player_choice":"Memory 1","damage_taken":0,"max_hp_gain":0,"max_hp_loss":0,"event_name":"SensoryStone","floor":45,"gold_loss":0},{"damage_healed":0,"gold_gain":0,"player_choice":"Ignored","damage_taken":0,"max_hp_gain":0,"max_hp_loss":0,"event_name":"The Moai Head","floor":46,"gold_loss":0},{"damage_healed":0,"gold_gain":0,"player_choice":"Ignored","damage_taken":0,"max_hp_gain":0,"max_hp_loss":0,"event_name":"Mysterious Sphere","floor":47,"gold_loss":0}],"is_beta":false,"boss_relics":[{"not_picked":["Snecko Eye","SlaversCollar"],"picked":"Pandora\u0027s Box"},{"not_picked":["SacredBark","Coffee Dripper"],"picked":"Inserter"}],"items_purged_floors":[39],"is_endless":false,"potions_floor_spawned":[3,5,11,19,30,36,38,44],"killed_by":"Awakened One","ascension_level":4}}