{"host":"guk5h31bsklpp7e4","time":1610575233,"event":{"mods":["AchievementEnabler","BaseMod","Colored Map","Colored Powertips","Highlight Path","Minty Spire (QoL Compilation)","Quick Restart"],"gold_per_floor":[113,113,13,13,13,44,63,63,88,99,160,187,206,224,224,324,324,344,344,344],"floor_reached":19,"language":"ENG","playtime":1072,"items_purged":["Strike_P"],"score":279,"play_id":"29156e93-93ec-4ca6-b3cf-aaad13b6ed9e","local_time":"20210113170033","is_ascension_mode":true,"campfire_choices":[{"floor":8,"key":"REST"},{"floor":15,"key":"REST"}],"circlet_count":0,"master_deck":["Strike_P+1","Strike_P","Strike_P","Defend_P","Defend_P","Defend_P","Defend_P","Eruption","Vigilance","Study+1","EmptyFist","Crescendo","ClearTheMind","Wireheading","BattleHymn","Vengeance","FollowUp","Brilliance","Protect"],"relics":["PureWater","NeowsBlessing","SsserpentHead","Sundial","Nunchaku","Bronze Scales","VioletLotus"],"acts_visited":["Exordium","TheCity"],"potions_floor_usage":[10,16],"damage_taken":[{"damage":0,"enemies":"Jaw Worm","floor":1,"turns":1},{"damage":0,"enemies":"Lagavulin","floor":6,"turns":1},{"damage":0,"enemies":"2 Louse","floor":7,"turns":1},{"damage":0,"enemies":"Small Slimes","floor":10,"turns":3},{"damage":11,"enemies":"Exordium Thugs","floor":11,"turns":5},{"damage":28,"enemies":"Gremlin Nob","floor":12,"turns":4},{"damage":3,"enemies":"Blue Slaver","floor":13,"turns":3},{"damage":16,"enemies":"3 Louse","floor":14,"turns":3},{"damage":0,"enemies":"Slime Boss","floor":16,"turns":5},{"damage":34,"enemies":"2 Thieves","floor":18,"turns":4},{"damage":9,"enemies":"Shell Parasite","floor":19,"turns":3}],"seed_played":"6302961318414962046","potions_obtained":[{"floor":1,"key":"Explosive Potion"},{"floor":10,"key":"CultistPotion"},{"floor":14,"key":"DistilledChaos"}],"is_trial":false,"path_per_floor":["M","?","$","?","?","E","M","R","T","M","M","E","M","M","R","B",null,"M","M"],"character_chosen":"WATCHER","items_purchased":["EmptyFist"],"campfire_rested":2,"item_purchase_floors":[3],"current_hp_per_floor":[72,72,72,58,58,58,58,72,72,72,61,33,30,14,35,35,72,38,29,29],"gold":344,"neow_bonus":"THREE_ENEMY_KILL","is_daily":false,"chose_seed":false,"campfire_upgraded":0,"win_rate":0.0,"timestamp":1610575233,"path_taken":["M","?","$","?","?","E","M","R","T","M","?","E","M","M","R","BOSS","M","M"],"items_purchased_type":["Card"],"build_version":"2020-12-22","purchased_purges":1,"victory":false,"max_hp_per_floor":[72,72,72,72,72,72,72,72,72,72,72,72,72,72,72,72,72,72,72,72],"card_choices":[{"not_picked":["Indignation","FlyingSleeves"],"picked":"Study","floor":1},{"not_picked":["Fasting2","Halt"],"picked":"Crescendo","floor":6},{"not_picked":["Tantrum","Protect"],"picked":"ClearTheMind","floor":7},{"not_picked":["WindmillStrike","Wallop","WheelKick"],"picked":"SKIP","floor":10},{"not_picked":["EmptyMind","Indignation"],"picked":"Wireheading","floor":11},{"not_picked":["Crescendo","EmptyBody"],"picked":"BattleHymn","floor":12},{"not_picked":["FollowUp","CutThroughFate"],"picked":"Vengeance","floor":13},{"not_picked":["ClearTheMind","ForeignInfluence"],"picked":"FollowUp","floor":14},{"not_picked":["Blasphemy","LessonLearned"],"picked":"Brilliance","floor":16},{"not_picked":["SashWhip","CutThroughFate"],"picked":"Protect","floor":18}],"player_experience":294027,"relics_obtained":[{"floor":6,"key":"Sundial"},{"floor":9,"key":"Nunchaku"},{"floor":12,"key":"Bronze Scales"}],"event_choices":[{"damage_healed":0,"gold_gain":0,"player_choice":"Ignored","damage_taken":0,"max_hp_gain":0,"max_hp_loss":0,"event_name":"Golden Idol","floor":2,"gold_loss":0},{"damage_healed":0,"gold_gain":0,"player_choice":"Entered Light","damage_taken":14,"max_hp_gain":0,"max_hp_loss":0,"event_name":"Shining Light","floor":4,"gold_loss":0,"cards_upgraded":["Strike_P","Study"]},{"damage_healed":0,"gold_gain":0,"player_choice":"Trade","damage_taken":0,"relics_obtained":["SsserpentHead"],"max_hp_gain":0,"max_hp_loss":0,"event_name":"FaceTrader","floor":5,"gold_loss":0}],"is_beta":false,"boss_relics":[{"not_picked":["Runic Pyramid","Runic Dome"],"picked":"VioletLotus"}],"items_purged_floors":[3],"is_endless":false,"potions_floor_spawned":[1,10,14],"killed_by":"Shell Parasite","ascension_level":2}}