{"host":"6hel9uy84ibwqsb5","time":1610517962,"event":{"mods":["BaseMod","Colored Map","Downfall","Highlight Path","Minty Spire (QoL Compilation)","StSLib"],"gold_per_floor":[99,99,99,23,23,53,103,115,137,149,261,288,300,312,334,441,453,465,487,509,534,564,596,634,656,681,693,725,737,762,790,818,929,941,953,979,1004,1066,1078,1090,1102,1114,11,23,42,71,71,71,85,85,85,85],"floor_reached":50,"language":"ZHS","playtime":4461,"items_purged":["Guardian:Defend_Guardian"],"score":503,"play_id":"29167d24-30a7-4063-b1ef-edb2d4b8e5d5","local_time":"20210113140602","is_ascension_mode":false,"campfire_choices":[{"data":"Guardian:TwinSlam","floor":1.0,"key":"SMITH"},{"data":"Guardian:PrismaticBarrier","floor":8.0,"key":"SMITH"},{"data":"Guardian:BronzeOrb","floor":10.0,"key":"SMITH"},{"data":"Guardian:TimeBomb","floor":13.0,"key":"SMITH"},{"data":"Guardian:SphericShield","floor":18,"key":"SMITH"},{"data":"Guardian:Harden","floor":27,"key":"SMITH"},{"data":"Guardian:Harden","floor":29,"key":"SMITH"},{"data":"Guardian:Planning","floor":35,"key":"SMITH"},{"data":"Guardian:Harden","floor":40,"key":"SMITH"},{"floor":42,"key":"RECALL"}],"circlet_count":0,"master_deck":["Guardian:Strike_Guardian","Guardian:Strike_Guardian","Guardian:Defend_Guardian","Guardian:Defend_Guardian","Guardian:Defend_Guardian","Guardian:CurlUp+1","Guardian:TwinSlam+1","Guardian:BronzeOrb+1","Guardian:TimeBomb+1","Guardian:PrismaticBarrier+1","Guardian:RollAttack","Guardian:Planning+1","Guardian:TemporalStrike","Guardian:Harden+1","Guardian:SphericShield+1","Guardian:ChargeCore+1","Guardian:ShieldCharger","Guardian:Harden+1","Guardian:Harden+1","Guardian:Suspension+1","Guardian:Incinerate+1","Guardian:TimeSifter","Guardian:StasisStrike","Apotheosis","expansioncontent:ManipulateTime","Guardian:Suspension+1","Guardian:SentryBeam+1","Guardian:CrystalBeam+1","Guardian:Gem_Orange","Guardian:Gem_Synthetic","Guardian:SpikerProtocol+1"],"relics":["Guardian:ModeShifterPlus","downfall:HeartsMalice","Tiny Chest","MawBank","Art of War","Coffee Dripper","StoneCalendar","Matryoshka","MealTicket","Letter Opener","Sling","Guardian:PickAxe"],"acts_visited":["Exordium","TheCity","TheBeyond"],"potions_floor_usage":[33,50,50,50],"damage_taken":[{"damage":0.0,"enemies":"2 Louse","floor":2.0,"turns":1.0},{"damage":0.0,"enemies":"Jaw Worm","floor":3.0,"turns":1.0},{"damage":0.0,"enemies":"downfall:FleeingMerchant","floor":4.0,"turns":1.0},{"damage":29.0,"enemies":"Lagavulin","floor":6.0,"turns":6.0},{"damage":0.0,"enemies":"Small Slimes","floor":9.0,"turns":3.0},{"damage":16.0,"enemies":"downfall:Heads","floor":11.0,"turns":7.0},{"damage":0.0,"enemies":"Exordium Wildlife","floor":12.0,"turns":4.0},{"damage":0,"enemies":"3 Louse","floor":15,"turns":4},{"damage":16,"enemies":"downfall:Watcher","floor":16,"turns":11},{"damage":0,"enemies":"Spheric Guardian","floor":19,"turns":7},{"damage":0,"enemies":"Cultist and Chosen","floor":20,"turns":5},{"damage":0,"enemies":"Centurion and Healer","floor":21,"turns":13},{"damage":5,"enemies":"Snake Plant","floor":22,"turns":5},{"damage":17,"enemies":"Snecko","floor":23,"turns":7},{"damage":0,"enemies":"Centurion and Healer","floor":25,"turns":9},{"damage":0,"enemies":"Snake Plant","floor":26,"turns":5},{"damage":0,"enemies":"Chosen and Byrds","floor":28,"turns":6},{"damage":0,"enemies":"Centurion and Healer","floor":30,"turns":9},{"damage":1,"enemies":"Snecko","floor":31,"turns":6},{"damage":0,"enemies":"Cultist and Chosen","floor":32,"turns":8},{"damage":36,"enemies":"downfall:Ironclad","floor":33,"turns":11},{"damage":9,"enemies":"3 Darklings","floor":36,"turns":5},{"damage":0,"enemies":"3 Shapes","floor":37,"turns":8},{"damage":6,"enemies":"Mind Bloom Boss Battle","floor":38,"turns":10},{"damage":0,"enemies":"downfall:FleeingMerchant","floor":43,"turns":4},{"damage":13,"enemies":"3 Darklings","floor":44,"turns":5},{"damage":0,"enemies":"4 Shapes","floor":45,"turns":6},{"damage":2,"enemies":"Reptomancer","floor":46,"turns":7},{"damage":0,"enemies":"Transient","floor":49,"turns":5},{"damage":105,"enemies":"downfall:Silent","floor":50,"turns":5}],"seed_played":"1134730213597198236","potions_obtained":[{"floor":9.0,"key":"Explosive Potion"},{"floor":11.0,"key":"DistilledChaos"},{"floor":15,"key":"Regen Potion"},{"floor":19,"key":"CultistPotion"},{"floor":33,"key":"Fire Potion"},{"floor":36,"key":"champ:CounterPotion"}],"is_trial":false,"path_per_floor":["R","M","M","$","?","E","T","R","M","R","?","M","R","?","M","B",null,"R","M","M","M","M","M","T","M","M","R","M","R","M","M","M","B",null,"R","M","M","?","T","R","T","R","$","M","M","E","R","?","M","B"],"character_chosen":"GUARDIAN","items_purchased":["Guardian:RollAttack","Guardian:Gem_Lightblue","Letter Opener","Sling","Guardian:TimeSifter","Guardian:Gem_Green","Guardian:StasisStrike","Apotheosis","expansioncontent:ManipulateTime"],"campfire_rested":0,"item_purchase_floors":[4,4,43,43,43,43,43,43,43],"current_hp_per_floor":[80,80,80,80,80,51,51,51,51,51,35,35,35,61,61,45,80,80,80,80,80,75,58,58,58,58,58,58,58,58,57,57,21,80,80,71,71,65,65,65,65,65,80,67,67,65,65,65,65,0,0,0],"gold":85,"neow_bonus":"THREE_ENEMY_KILL","is_daily":false,"chose_seed":false,"campfire_upgraded":9,"win_rate":0.0,"timestamp":1610517962,"path_taken":["R","M","M","$","?","E","T","R","M","R","?","M","R","?","M","BOSS","R","M","M","M","M","M","T","M","M","R","M","R","M","M","M","BOSS","R","M","M","?","?","R","T","R","$","M","M","E","R","?","M","BOSS"],"items_purchased_type":["Card","Card","Relic","Relic","Card","Card","Card","Card","Card"],"build_version":"2020-12-22","purchased_purges":1,"victory":false,"max_hp_per_floor":[80,80,80,80,80,80,80,80,80,80,80,80,80,80,80,80,80,80,80,80,80,80,80,80,80,80,80,80,80,80,80,80,80,80,80,80,80,80,80,80,80,80,80,80,80,80,80,80,80,80,80,80],"card_choices":[{"not_picked":["Guardian:ChargeCore","Guardian:Gem_Lightblue"],"picked":"Guardian:BronzeOrb","floor":2.0},{"not_picked":["Guardian:PiercingHide","Guardian:GuardianWhirl"],"picked":"Guardian:TimeBomb","floor":3.0},{"not_picked":["Guardian:BronzeOrb","Guardian:Emergency"],"picked":"Guardian:PrismaticBarrier","floor":4.0},{"not_picked":["Guardian:Suspension","Guardian:PrimingBeam"],"picked":"Guardian:Planning","floor":6.0},{"not_picked":["Guardian:Suspension","Guardian:Harden"],"picked":"Guardian:Gem_Cyan","floor":9.0},{"not_picked":["Guardian:TemporalStrike","Guardian:PrismaticBarrier"],"picked":"Guardian:Gem_Lightblue","floor":11.0},{"not_picked":["Guardian:Reroute","Guardian:RollAttack"],"picked":"Guardian:Gem_Lightblue","floor":12.0},{"not_picked":["Guardian:PrimingBeam","Guardian:RollAttack"],"picked":"Guardian:Harden","floor":15},{"not_picked":["Guardian:AncientConstruct","Guardian:BaubleBeam"],"picked":"Guardian:SphericShield","floor":16},{"not_picked":["Guardian:Reroute","Guardian:Gem_Cyan"],"picked":"Guardian:Gem_Purple","floor":19},{"not_picked":["Guardian:TimeCapacitor","Guardian:Gem_Cyan","Guardian:VentSteam+1"],"picked":"SKIP","floor":20},{"not_picked":["Guardian:Gem_Crimson","Guardian:SpikerProtocol"],"picked":"Guardian:Gem_Fragmented","floor":21},{"not_picked":["Guardian:DecasProtection+1","Guardian:Recover"],"picked":"Guardian:ChargeCore+1","floor":22},{"not_picked":["Guardian:Gem_Purple","Guardian:Suspension"],"picked":"Guardian:ShieldCharger","floor":23},{"not_picked":["Guardian:VentSteam+1","Guardian:Suspension"],"picked":"Guardian:Gem_Red","floor":25},{"not_picked":["Guardian:Gem_Red","Guardian:RefractedBeam"],"picked":"Guardian:Harden","floor":26},{"not_picked":["Guardian:SentryBeam","Guardian:PrismaticBarrier"],"picked":"Guardian:Gem_White","floor":28},{"not_picked":["Guardian:Incinerate+1","Guardian:Gem_Cyan"],"picked":"Guardian:Gem_Synthetic","floor":30},{"not_picked":["Guardian:Planning","Guardian:ChargeCore"],"picked":"Guardian:Harden","floor":31},{"not_picked":["Guardian:Gem_Crimson","Guardian:RollAttack","Guardian:FloatingOrbs"],"picked":"SKIP","floor":32},{"not_picked":["Guardian:StasisField","Guardian:SphericShield"],"picked":"Guardian:Gem_Orange","floor":33},{"not_picked":["Guardian:Reroute+1","Guardian:TemporalStrike+1"],"picked":"Guardian:Suspension+1","floor":36},{"not_picked":["Guardian:TemporalStrike","Guardian:ChargeCore"],"picked":"Guardian:Gem_Green","floor":37},{"not_picked":["Guardian:ShieldCharger","Guardian:TemporalStrike"],"picked":"Guardian:Incinerate+1","floor":38},{"not_picked":["Guardian:Gem_Cyan","Guardian:PrimingBeam+1"],"picked":"Guardian:Gem_Blue","floor":43},{"not_picked":["Guardian:ShieldCharger+1","Guardian:TemporalShield"],"picked":"Guardian:Suspension+1","floor":44},{"not_picked":["Guardian:ChargeCore+1","Guardian:Gem_Green"],"picked":"Guardian:SentryBeam+1","floor":45},{"not_picked":["Guardian:Repulse+1","Guardian:Suspension+1"],"picked":"Guardian:CrystalBeam+1","floor":46},{"not_picked":["Guardian:Gem_Cyan","Guardian:TemporalStrike"],"picked":"Guardian:SpikerProtocol+1","floor":49}],"player_experience":1426516,"relics_obtained":[{"floor":6.0,"key":"Tiny Chest"},{"floor":7.0,"key":"MawBank"},{"floor":24,"key":"Art of War"},{"floor":38,"key":"StoneCalendar"},{"floor":39,"key":"Matryoshka"},{"floor":41,"key":"MealTicket"},{"floor":46,"key":"Guardian:PickAxe"}],"event_choices":[{"damage_healed":26,"gold_gain":0,"player_choice":"Banana","damage_taken":0,"max_hp_gain":0,"max_hp_loss":0,"event_name":"Big Fish","floor":14,"gold_loss":0},{"damage_healed":0,"gold_gain":0,"player_choice":"Got Potions","damage_taken":0,"max_hp_gain":0,"max_hp_loss":0,"event_name":"Lab","floor":48,"gold_loss":0}],"is_beta":false,"boss_relics":[{"not_picked":["Sozu","Tiny House"],"picked":"Guardian:ModeShifterPlus"},{"not_picked":["Empty Cage","Fusion Hammer"],"picked":"Coffee Dripper"}],"items_purged_floors":[43],"is_endless":false,"potions_floor_spawned":[9,11,15,19,22,23,28,32,33,36,38,44],"killed_by":"downfall:Silent","ascension_level":0}}