{"host":"15dd7v8o90xso62x","time":1610567201,"event":{"mods":["BaseMod","Minty Spire (QoL Compilation)","Quick Restart","StSLib","SuperFastMode"],"gold_per_floor":[119,119,44,59,59,59,59,90,143,143,169,169,184,196,196,275,275,292,3,3,19,19,19],"floor_reached":22,"language":"KOR","playtime":573,"items_purged":["Strike_G"],"score":434,"play_id":"29e1dcb0-a4da-4ec5-b12b-bbf8f58e1f6c","local_time":"20210114044641","is_ascension_mode":true,"campfire_choices":[{"data":"Dagger Spray","floor":6.0,"key":"SMITH"},{"data":"Neutralize","floor":10.0,"key":"SMITH"},{"data":"Acrobatics","floor":12.0,"key":"SMITH"},{"data":"Blade Dance","floor":15.0,"key":"SMITH"}],"circlet_count":0,"master_deck":["AscendersBane","Strike_G","Defend_G","Defend_G","Defend_G","Defend_G","Defend_G","Survivor","Neutralize+1","Dagger Spray+1","Acrobatics+1","Leg Sweep","Blade Dance+1","Grand Finale","Well Laid Plans","Tactician"],"relics":["Ring of the Snake","NeowsBlessing","Ancient Tea Set","Potion Belt","Anchor","Snake Skull","Empty Cage","Membership Card"],"acts_visited":["Exordium","TheCity"],"potions_floor_usage":[],"damage_taken":[{"damage":0.0,"enemies":"Small Slimes","floor":1.0,"turns":1.0},{"damage":0.0,"enemies":"Jaw Worm","floor":4.0,"turns":1.0},{"damage":0.0,"enemies":"Gremlin Nob","floor":8.0,"turns":1.0},{"damage":22.0,"enemies":"Lagavulin","floor":11.0,"turns":5.0},{"damage":3.0,"enemies":"2 Louse","floor":13.0,"turns":2.0},{"damage":10.0,"enemies":"Blue Slaver","floor":14.0,"turns":4.0},{"damage":4.0,"enemies":"The Guardian","floor":16.0,"turns":16.0},{"damage":9.0,"enemies":"Spheric Guardian","floor":18.0,"turns":4.0},{"damage":19.0,"enemies":"Chosen","floor":21.0,"turns":6.0},{"damage":29,"enemies":"Sentry and Sphere","floor":22,"turns":4}],"seed_played":"-5024208718473499289","potions_obtained":[{"floor":8.0,"key":"FearPotion"},{"floor":13.0,"key":"AttackPotion"},{"floor":14.0,"key":"LiquidBronze"}],"is_trial":false,"path_per_floor":["M","?","?","M","$","R","?","E","T","R","E","R","M","M","R","B",null,"M","$","?","M","M"],"character_chosen":"THE_SILENT","items_purchased":["Membership Card","Well Laid Plans","Tactician"],"campfire_rested":0,"item_purchase_floors":[19,19,19],"current_hp_per_floor":[59,64,64,64,64,64,53,53,53,53,31,31,28,18,18,14,57,48,48,48,29,0,0],"gold":19,"neow_bonus":"THREE_ENEMY_KILL","is_daily":false,"chose_seed":false,"campfire_upgraded":4,"win_rate":0.0,"timestamp":1610567201,"path_taken":["M","?","?","M","$","R","?","E","T","R","E","R","M","M","R","BOSS","M","$","?","M","M"],"items_purchased_type":["Relic","Card","Card"],"build_version":"2020-12-22","purchased_purges":1,"victory":false,"max_hp_per_floor":[66,71,71,71,71,71,71,71,71,71,71,71,71,71,71,71,71,71,71,71,71,71,71],"card_choices":[{"not_picked":["Cloak And Dagger","Catalyst"],"picked":"Dagger Spray","floor":1.0},{"not_picked":["Heel Hook","Skewer"],"picked":"Acrobatics","floor":4.0},{"not_picked":["Quick Slash","Underhanded Strike","Choke"],"picked":"SKIP","floor":8.0},{"not_picked":["Riddle With Holes","Poisoned Stab"],"picked":"Leg Sweep","floor":11.0},{"not_picked":["Skewer","Slice"],"picked":"Blade Dance","floor":13.0},{"not_picked":["Bane","Dagger Throw","Flying Knee"],"picked":"SKIP","floor":14.0},{"not_picked":["Adrenaline","Tools of the Trade"],"picked":"Grand Finale","floor":16.0},{"not_picked":["Deadly Poison","Masterful Stab","Cloak And Dagger"],"picked":"SKIP","floor":18.0},{"not_picked":["Cloak And Dagger","Slice","Blade Dance"],"picked":"SKIP","floor":21.0}],"player_experience":1033102,"relics_obtained":[{"floor":8.0,"key":"Potion Belt"},{"floor":9.0,"key":"Anchor"},{"floor":11.0,"key":"Snake Skull"}],"event_choices":[{"damage_healed":0.0,"max_hp_gain":5.0,"max_hp_loss":0.0,"gold_gain":0.0,"event_name":"Big Fish","player_choice":"Donut","floor":2.0,"gold_loss":0.0,"damage_taken":0.0},{"cards_removed":["Strike_G"],"damage_healed":0.0,"max_hp_gain":0.0,"max_hp_loss":0.0,"gold_gain":0.0,"event_name":"The Cleric","player_choice":"Card Removal","floor":3.0,"gold_loss":75.0,"damage_taken":0.0},{"damage_healed":0.0,"max_hp_gain":0.0,"max_hp_loss":0.0,"gold_gain":0.0,"event_name":"Scrap Ooze","player_choice":"Success","floor":7.0,"gold_loss":0.0,"damage_taken":11.0,"relics_obtained":["Ancient Tea Set"]},{"damage_healed":0.0,"max_hp_gain":0.0,"max_hp_loss":0.0,"gold_gain":0.0,"event_name":"Cursed Tome","player_choice":"Ignored","floor":20.0,"gold_loss":0.0,"damage_taken":0.0}],"is_beta":false,"boss_relics":[{"not_picked":["Coffee Dripper","Ring of the Serpent"],"picked":"Empty Cage"}],"items_purged_floors":[19],"is_endless":false,"potions_floor_spawned":[8,13,14],"killed_by":"Sentry and Sphere","ascension_level":20}}