{"host":"9ndbo4kgsfoemf7y","time":1610537252,"event":{"mods":["AchievementEnabler","BaseMod","Colored Map","DeckTracker","Keyboard Shortcuts","Minty Spire (QoL Compilation)","Permanent Neow","Quick Restart","Relic Stats","StSLib","SuperFastMode"],"gold_per_floor":[13,30,47,60,79,79,79,79],"floor_reached":7,"language":"KOR","playtime":355,"items_purged":[],"score":90,"play_id":"7da16fe9-5d89-4668-b00a-2de449c1a83f","local_time":"20210113202732","is_ascension_mode":true,"campfire_choices":[{"data":"Armaments","floor":6.0,"key":"SMITH"}],"circlet_count":0,"master_deck":["AscendersBane","Strike_R","Strike_R","Strike_R","Strike_R","Strike_R","Defend_R","Defend_R","Defend_R","Defend_R","Bash","Inflame","Body Slam","Armaments+1","Rage","Juggernaut"],"relics":["Burning Blood","Ginger"],"acts_visited":["Exordium"],"potions_floor_usage":[7],"damage_taken":[{"damage":12.0,"enemies":"Cultist","floor":1.0,"turns":4.0},{"damage":4.0,"enemies":"Jaw Worm","floor":2.0,"turns":5.0},{"damage":15.0,"enemies":"Small Slimes","floor":3.0,"turns":4.0},{"damage":24.0,"enemies":"Red Slaver","floor":4.0,"turns":4.0},{"damage":17.0,"enemies":"Large Slime","floor":5.0,"turns":6.0},{"damage":28,"enemies":"Gremlin Nob","floor":7,"turns":3}],"seed_played":"-4199766472101172368","potions_obtained":[{"floor":2.0,"key":"DistilledChaos"},{"floor":3.0,"key":"SteroidPotion"}],"is_trial":false,"path_per_floor":["M","M","M","M","M","R","E"],"character_chosen":"IRONCLAD","items_purchased":[],"campfire_rested":0,"item_purchase_floors":[],"current_hp_per_floor":[62,64,55,37,26,26,0,0],"gold":79,"neow_bonus":"ONE_RARE_RELIC","is_daily":false,"chose_seed":false,"campfire_upgraded":1,"win_rate":0.0,"timestamp":1610537252,"path_taken":["M","M","M","M","M","R","E"],"items_purchased_type":[],"build_version":"2020-12-22","purchased_purges":0,"victory":false,"max_hp_per_floor":[75,75,75,75,75,75,75,75],"relic_stats":{"counters":[6,26],"Ginger":[4],"obtain_stats":[{"Ginger":0,"Burning Blood":0},{"Ginger":0,"Burning Blood":0},{"Ginger":0,"Burning Blood":0}],"Burning Blood":30},"card_choices":[{"not_picked":["Twin Strike","Anger"],"picked":"Inflame","floor":1.0},{"not_picked":["Spot Weakness","Clash"],"picked":"Body Slam","floor":2.0},{"not_picked":["Warcry","Clothesline"],"picked":"Armaments","floor":3.0},{"not_picked":["Sword Boomerang","Iron Wave"],"picked":"Rage","floor":4.0},{"not_picked":["Heavy Blade","Rampage"],"picked":"Juggernaut","floor":5.0}],"player_experience":814969,"relics_obtained":[],"event_choices":[],"is_beta":false,"boss_relics":[],"items_purged_floors":[],"is_endless":false,"potions_floor_spawned":[2,3],"killed_by":"Gremlin Nob","ascension_level":20}}