{"host":"sav7uxregyirlf69","time":1610546746,"event":{"mods":["AchievementEnabler","BaseMod","Colored Map","DeckTracker","Keyboard Shortcuts","Minty Spire (QoL Compilation)","READ ME - Guardian Mod","StSLib","SuperFastMode"],"gold_per_floor":[119,138,138,138,150,150,170,170,218,243,257,257,287,306,306,306,306],"floor_reached":16,"language":"KOR","playtime":272,"items_purged":[],"score":224,"play_id":"06346a57-756b-429b-8fb3-996c0f44e480","local_time":"20210113230546","is_ascension_mode":true,"campfire_choices":[{"data":"Zap","floor":6.0,"key":"SMITH"},{"data":"Streamline","floor":8.0,"key":"SMITH"},{"data":"Coolheaded","floor":12.0,"key":"SMITH"},{"data":"Turbo","floor":15.0,"key":"SMITH"}],"circlet_count":0,"master_deck":["AscendersBane","Strike_B","Strike_B","Strike_B","Defend_B","Defend_B","Defend_B","Defend_B","Zap+1","Dualcast+1","Rebound","Reprogram","Gash","Streamline+1","Glacier","Coolheaded+1","Turbo+1","Ball Lightning"],"relics":["Cracked Core","NeowsBlessing","Strawberry","Art of War","Lizard Tail"],"acts_visited":["Exordium"],"potions_floor_usage":[],"damage_taken":[{"damage":0.0,"enemies":"Cultist","floor":1.0,"turns":1.0},{"damage":0.0,"enemies":"Small Slimes","floor":2.0,"turns":1.0},{"damage":0.0,"enemies":"2 Louse","floor":5.0,"turns":1.0},{"damage":5.0,"enemies":"2 Fungi Beasts","floor":7.0,"turns":3.0},{"damage":36.0,"enemies":"Gremlin Nob","floor":10.0,"turns":4.0},{"damage":4.0,"enemies":"Exordium Wildlife","floor":11.0,"turns":6.0},{"damage":14.0,"enemies":"3 Sentries","floor":13.0,"turns":7.0},{"damage":4.0,"enemies":"Looter","floor":14.0,"turns":2.0},{"damage":70,"enemies":"Hexaghost","floor":16,"turns":11}],"seed_played":"-8157732801421963937","potions_obtained":[{"floor":2.0,"key":"CultistPotion"},{"floor":7.0,"key":"Explosive Potion"},{"floor":11.0,"key":"Regen Potion"}],"is_trial":false,"path_per_floor":["M","M","?","?","M","R","M","R","T","E","M","R","E","M","R","B"],"character_chosen":"DEFECT","items_purchased":[],"campfire_rested":0,"item_purchase_floors":[],"current_hp_per_floor":[64,64,64,64,64,64,59,59,66,30,26,26,27,23,23,0,0],"gold":306,"neow_bonus":"THREE_ENEMY_KILL","is_daily":false,"chose_seed":false,"campfire_upgraded":4,"win_rate":0.0,"timestamp":1610546746,"path_taken":["M","?","?","?","?","R","M","R","T","E","M","R","E","M","R","BOSS"],"items_purchased_type":[],"build_version":"2020-12-22","purchased_purges":0,"victory":false,"max_hp_per_floor":[71,71,71,71,71,71,71,71,78,78,78,78,78,78,78,78,78],"card_choices":[{"not_picked":["Leap","Redo"],"picked":"Rebound","floor":1.0},{"not_picked":["Stack","All For One","Redo"],"picked":"SKIP","floor":2.0},{"not_picked":["Stack","Self Repair"],"picked":"Gash","floor":5.0},{"not_picked":["Loop","Beam Cell"],"picked":"Streamline","floor":7.0},{"not_picked":["Biased Cognition","Rebound"],"picked":"Glacier","floor":10.0},{"not_picked":["Steam","Tempest"],"picked":"Coolheaded","floor":11.0},{"not_picked":["Glacier","Darkness"],"picked":"Turbo","floor":13.0},{"not_picked":["Coolheaded","Compile Driver"],"picked":"Ball Lightning","floor":14.0}],"player_experience":1274622,"relics_obtained":[{"floor":9.0,"key":"Strawberry"},{"floor":10.0,"key":"Art of War"},{"floor":13.0,"key":"Lizard Tail"}],"event_choices":[{"damage_healed":0.0,"max_hp_gain":0.0,"max_hp_loss":0.0,"gold_gain":0.0,"event_name":"Living Wall","player_choice":"Grow","floor":3.0,"gold_loss":0.0,"damage_taken":0.0,"cards_upgraded":["Dualcast"]},{"damage_healed":0.0,"max_hp_gain":0.0,"max_hp_loss":0.0,"gold_gain":0.0,"cards_transformed":["Strike_B"],"event_name":"Transmorgrifier","player_choice":"Transformed","floor":4.0,"gold_loss":0.0,"damage_taken":0.0,"cards_obtained":["Reprogram"]}],"is_beta":false,"boss_relics":[],"items_purged_floors":[],"is_endless":false,"potions_floor_spawned":[2,7,11],"killed_by":"Hexaghost","ascension_level":20}}