{"host":"a0d98l75j0h1o085","time":1610553099,"event":{"mods":["AlwaysNeverKeys","BaseMod","Downfall","Highlight Path","Minty Spire (QoL Compilation)","StSLib"],"gold_per_floor":[99,115,115,131,142,176,201,201,233,294,294,394,409,459,475,573,573,573,573,592,359,409,459,482,532,657,676,711,868,918,949,960,1059,1059,834,848,858,814,833,867,891,925,940,957,113,163,182,232,249,249,249,283,6,6,6],"floor_reached":56,"language":"ENG","playtime":10709,"items_purged":["hexamod:Defend","hexamod:Defend","hexamod:Strike"],"score":1646,"play_id":"eebc52b2-76db-4462-8303-2ece34fc54c4","local_time":"20210113155139","is_ascension_mode":true,"campfire_choices":[{"data":"hexamod:Float","floor":1.0,"key":"SMITH"},{"floor":18.0,"key":"RECALL"},{"data":"hexamod:ApocalypticArmor","floor":35.0,"key":"SMITH"},{"data":"hexamod:VolcanoVisage","floor":54,"key":"SMITH"}],"circlet_count":0,"master_deck":["hexamod:Strike","hexamod:Strike+1","hexamod:Defend+1","hexamod:Defend+1","hexamod:Sear+1","hexamod:Float+1","hexamod:FastForward+1","hexamod:AdvancingGuard","hexamod:TimeWarp+1","hexamod:FastForward","hexamod:GhostOfSpireFuture+1","hexamod:VolcanoVisage+1","hexamod:Hexaguard","hexamod:ApocalypticArmor+1","hexamod:Hexaguard","hexamod:SuperheatedStrike","hexamod:TimeOfNeed","hexamod:FastForward+1","hexamod:DynamicBlow"],"relics":["hexamod:SpiritBrand","Pen Nib","Juzu Bracelet","Lizard Tail","Ancient Tea Set","downfall:CloakOfManyFaces","CultistMask","FaceOfCleric","NlothsMask","GremlinMask","SsserpentHead","Philosopher\u0027s Stone","Tiny Chest","Enchiridion","Letter Opener","hexamod:TheBrokenSeal","Potion Belt","downfall:RedIOU","Oddly Smooth Stone","hexamod:IceCube","downfall:HeartBlessingRed","downfall:HeartBlessingGreen","downfall:HeartBlessingBlue","Singing Bowl","Regal Pillow","Art of War","Vajra","Kunai","Incense Burner","TheAbacus","Bag of Preparation","hexamod:SoulConsumer"],"acts_visited":["Exordium","TheCity","TheBeyond","TheEnding"],"potions_floor_usage":[44,49,52,55,55,55,55],"damage_taken":[{"damage":0.0,"enemies":"Small Slimes","floor":2.0,"turns":5.0},{"damage":4.0,"enemies":"2 Louse","floor":4.0,"turns":3.0},{"damage":0.0,"enemies":"Cultist","floor":5.0,"turns":3.0},{"damage":0.0,"enemies":"Gremlin Nob","floor":6.0,"turns":3.0},{"damage":24.0,"enemies":"3 Sentries","floor":9.0,"turns":11.0},{"damage":27.0,"enemies":"Lagavulin Event","floor":10.0,"turns":6.0},{"damage":2.0,"enemies":"downfall:FaceTrader","floor":12.0,"turns":10.0},{"damage":0.0,"enemies":"Blue Slaver","floor":13.0,"turns":4.0},{"damage":9.0,"enemies":"Gremlin Gang","floor":15.0,"turns":5.0},{"damage":2.0,"enemies":"downfall:Watcher","floor":16.0,"turns":14.0},{"damage":0.0,"enemies":"Chosen","floor":19.0,"turns":1.0},{"damage":3.0,"enemies":"Shell Parasite","floor":20.0,"turns":6.0},{"damage":1.0,"enemies":"downfall:FleeingMerchant","floor":21.0,"turns":4.0},{"damage":8.0,"enemies":"Snecko","floor":27.0,"turns":5.0},{"damage":23.0,"enemies":"Book of Stabbing","floor":28.0,"turns":4.0},{"damage":13.0,"enemies":"downfall:LadyInBlue","floor":29.0,"turns":9.0},{"damage":5.0,"enemies":"Slavers","floor":31.0,"turns":4.0},{"damage":0.0,"enemies":"Shelled Parasite and Fungi","floor":32.0,"turns":3.0},{"damage":22.0,"enemies":"downfall:Ironclad","floor":33.0,"turns":6.0},{"damage":0.0,"enemies":"3 Shapes","floor":36.0,"turns":4.0},{"damage":0.0,"enemies":"Orb Walker","floor":37.0,"turns":4.0},{"damage":0.0,"enemies":"downfall:FleeingMerchant","floor":38.0,"turns":6.0},{"damage":0,"enemies":"Sphere and 2 Shapes","floor":39,"turns":3},{"damage":0,"enemies":"Giant Head","floor":40,"turns":6},{"damage":0,"enemies":"Reptomancer","floor":42,"turns":5},{"damage":2,"enemies":"Writhing Mass","floor":43,"turns":5},{"damage":10,"enemies":"4 Shapes","floor":44,"turns":8},{"damage":0,"enemies":"Sphere and 2 Shapes","floor":47,"turns":4},{"damage":19,"enemies":"Jaw Worm Horde","floor":49,"turns":3},{"damage":0,"enemies":"downfall:Defect","floor":50,"turns":6},{"damage":0,"enemies":"downfall:CharBossMerchant","floor":52,"turns":6},{"damage":16,"enemies":"downfall:NeowBoss","floor":55,"turns":26}],"seed_played":"7384418625716973196","potions_obtained":[{"floor":2.0,"key":"GamblersBrew"},{"floor":4.0,"key":"sneckomod:MuddlingPotion"},{"floor":5.0,"key":"ColorlessPotion"},{"floor":6.0,"key":"Block Potion"},{"floor":9.0,"key":"FairyPotion"},{"floor":9.0,"key":"Fire Potion"},{"floor":10.0,"key":"PowerPotion"},{"floor":12.0,"key":"Dexterity Potion"},{"floor":15.0,"key":"BlessingOfTheForge"},{"floor":16.0,"key":"BlessingOfTheForge"},{"floor":20.0,"key":"SkillPotion"},{"floor":21.0,"key":"hexamod:EctoCoolerPotion"},{"floor":27.0,"key":"hexamod:DoubleChargePotion"},{"floor":28.0,"key":"Strength Potion"},{"floor":29.0,"key":"PowerPotion"},{"floor":29.0,"key":"LiquidMemories"},{"floor":32.0,"key":"Fire Potion"},{"floor":36.0,"key":"FearPotion"},{"floor":40,"key":"PowerPotion"},{"floor":42,"key":"ColorlessPotion"},{"floor":49,"key":"sneckomod:MuddlingPotion"},{"floor":52,"key":"Fruit Juice"}],"is_trial":false,"path_per_floor":["R","M","?","M","M","E","T","?","E","?","?","?","M","?","M","B",null,"R","M","M","$","?","?","T","?","T","M","E","?","?","E","M","B",null,"R","M","M","$","M","E","T","E","M","M","$","?","M","T","M","B",null,"E","$","R","B",null],"character_chosen":"THE_SPIRIT","items_purchased":["Tiny Chest","Singing Bowl","Kunai","hexamod:SuperheatedStrike","Incense Burner","TheAbacus","Block Potion","LiquidMemories","hexamod:DynamicBlow"],"campfire_rested":0,"item_purchase_floors":[21,38,45,45,45,45,45,53,53],"current_hp_per_floor":[77,77,77,73,73,73,73,66,42,15,15,13,14,14,6,5,80,80,81,79,83,75,75,75,59,59,59,44,90,90,86,87,66,99,109,110,111,112,115,118,118,119,120,113,113,113,114,114,96,97,128,136,136,136,121],"gold":6,"neow_bonus":"TEN_PERCENT_HP_BONUS","is_daily":false,"chose_seed":false,"campfire_upgraded":3,"win_rate":0.0,"timestamp":1610553099,"path_taken":["R","M","?","M","M","E","T","?","E","?","?","?","M","?","M","BOSS","R","M","M","$","?","?","T","?","?","M","E","?","?","E","M","BOSS","R","M","M","$","M","E","T","E","M","M","$","?","M","?","M","BOSS","E","$","R","BOSS"],"items_purchased_type":["Relic","Relic","Relic","Card","Relic","Relic","Potion","Potion","Card"],"build_version":"2020-12-22","purchased_purges":3,"victory":true,"max_hp_per_floor":[77,77,77,77,77,77,77,77,77,77,77,77,78,78,79,80,80,80,81,82,83,83,83,83,83,83,84,85,96,96,97,98,99,99,109,110,111,112,115,118,118,119,122,125,125,125,126,126,127,128,128,136,136,136,137],"card_choices":[{"not_picked":["hexamod:ExtraCrispy","hexamod:Firestarter","hexamod:RecurringNightmare"],"picked":"SKIP","floor":2.0},{"not_picked":["hexamod:PowerFromBeyond","hexamod:ThermalTransfer"],"picked":"hexamod:FastForward","floor":4.0},{"not_picked":["hexamod:SpectralSpark","hexamod:ThermalTransfer","hexamod:NightmareGuise"],"picked":"SKIP","floor":5.0},{"not_picked":["hexamod:NightmareStrike","hexamod:SoulSteal","hexamod:RecurringNightmare"],"picked":"SKIP","floor":6.0},{"not_picked":["hexamod:BacktrackSmack","hexamod:Toasty"],"picked":"hexamod:SixthSeal","floor":9.0},{"not_picked":["hexamod:GhostOfSpirePresent","hexamod:GhostShield"],"picked":"hexamod:ThirdSeal","floor":10.0},{"not_picked":["hexamod:Rewind","hexamod:SwordOfDarkness"],"picked":"hexamod:AdvancingGuard","floor":12.0},{"not_picked":["hexamod:DynamicBlow","hexamod:ShieldOfDarkness","hexamod:FourthSeal"],"picked":"SKIP","floor":13.0},{"not_picked":["hexamod:AdvancingGuard","hexamod:SwordOfDarkness","hexamod:GhostShield"],"picked":"SKIP","floor":15.0},{"not_picked":["hexamod:Toasty","hexamod:SearingWound"],"picked":"hexamod:FifthSeal","floor":16.0},{"not_picked":["hexamod:ParanormalForm","hexamod:GhostflameInferno"],"picked":"hexamod:TimeWarp","floor":16.0},{"not_picked":["hexamod:GhostShield","hexamod:HauntingEcho"],"picked":"hexamod:FastForward","floor":19.0},{"not_picked":["hexamod:FourthSeal","hexamod:SixthSeal"],"picked":"hexamod:FirstSeal","floor":20.0},{"not_picked":["hexamod:ThermalTransfer","hexamod:FirstSeal","hexamod:SwordOfDarkness+1"],"picked":"SKIP","floor":20.0},{"not_picked":["hexamod:SpectersWail","hexamod:BacktrackSmack","hexamod:SwordOfDarkness"],"picked":"SKIP","floor":20.0},{"not_picked":["hexamod:FirstSeal","hexamod:FourthSeal"],"picked":"hexamod:SecondSeal","floor":21.0},{"not_picked":["hexamod:SpectralAdrenaline","hexamod:SwordOfDarkness"],"picked":"hexamod:GhostOfSpireFuture","floor":21.0},{"not_picked":["hexamod:Incineration+1","hexamod:ThirdSeal","hexamod:SwordOfDarkness+1"],"picked":"SKIP","floor":21.0},{"not_picked":["hexamod:Firestarter","hexamod:RainOfEmbers","hexamod:BacktrackSmack"],"picked":"SKIP","floor":27.0},{"not_picked":["hexamod:SuperheatedStrike","hexamod:InspiringFlames","hexamod:SoulSteal+1"],"picked":"SKIP","floor":27.0},{"not_picked":["hexamod:GhostOfSpirePresent","hexamod:FlamesFromBeyond"],"picked":"hexamod:VolcanoVisage","floor":28.0},{"not_picked":["hexamod:ThermalTransfer","hexamod:GhostflameBarrier+1","hexamod:AdvancingGuard"],"picked":"SKIP","floor":28.0},{"not_picked":["hexamod:GhostOfSpirePast","hexamod:DynamicBlow"],"picked":"hexamod:Hexaguard","floor":29.0},{"not_picked":["hexamod:GhostShield+1","hexamod:RainOfEmbers","hexamod:SpectralSpark"],"picked":"SKIP","floor":31.0},{"not_picked":["hexamod:ThermalTransfer","hexamod:Incineration","hexamod:PhantomFireball"],"picked":"SKIP","floor":32.0},{"not_picked":["hexamod:GiftsFromTheDead","hexamod:WildfireWeapon"],"picked":"hexamod:ApocalypticArmor","floor":33.0},{"not_picked":["hexamod:RecurringNightmare","hexamod:AdvancingGuard","hexamod:InspiringFlames"],"picked":"SKIP","floor":36.0},{"not_picked":["hexamod:GhostLash","hexamod:InspiringFlames+1","hexamod:AdvancingGuard"],"picked":"SKIP","floor":37.0},{"not_picked":["hexamod:GhostOfSpirePast+1","hexamod:NightmareStrike+1","hexamod:GhostShield+1"],"picked":"Singing Bowl","floor":39},{"not_picked":["hexamod:GhostOfSpirePast+1","hexamod:HeatCrush","hexamod:InspiringFlames"],"picked":"Singing Bowl","floor":40},{"not_picked":["hexamod:AdvancingGuard+1","hexamod:InspiringFlames"],"picked":"hexamod:Hexaguard","floor":42},{"not_picked":["hexamod:Again+1","hexamod:Firestarter","hexamod:SpectersWail+1"],"picked":"Singing Bowl","floor":43},{"not_picked":["hexamod:SecondSeal","hexamod:BurningTouch","hexamod:FlamesFromBeyond"],"picked":"Singing Bowl","floor":44},{"not_picked":["hexamod:RainOfEmbers","hexamod:Incineration"],"picked":"hexamod:TimeOfNeed","floor":47},{"not_picked":["hexamod:PhantomCloak","hexamod:SuperheatedStrike+1"],"picked":"hexamod:FastForward+1","floor":49},{"not_picked":["hexamod:NightmareGuise+1","hexamod:DynamicBlow+1","hexamod:Firestarter+1"],"picked":"Singing Bowl","floor":52}],"player_experience":886658,"relics_obtained":[{"floor":6.0,"key":"Pen Nib"},{"floor":7.0,"key":"Juzu Bracelet"},{"floor":9.0,"key":"Lizard Tail"},{"floor":12.0,"key":"downfall:CloakOfManyFaces"},{"floor":25.0,"key":"Enchiridion"},{"floor":28.0,"key":"Letter Opener"},{"floor":29.0,"key":"Potion Belt"},{"floor":31.0,"key":"Oddly Smooth Stone"},{"floor":40,"key":"Regal Pillow"},{"floor":41,"key":"Art of War"},{"floor":42,"key":"Vajra"},{"floor":48,"key":"Bag of Preparation"},{"floor":52,"key":"hexamod:SoulConsumer"}],"event_choices":[{"damage_healed":0.0,"max_hp_gain":0.0,"max_hp_loss":0.0,"gold_gain":0.0,"event_name":"Scrap Ooze","player_choice":"Success","floor":8.0,"gold_loss":0.0,"damage_taken":7.0,"relics_obtained":["Orichalcum"]},{"damage_healed":0.0,"max_hp_gain":0.0,"max_hp_loss":0.0,"gold_gain":0.0,"event_name":"Vampires","player_choice":"Ignored","floor":23.0,"gold_loss":0.0,"damage_taken":0.0},{"damage_healed":0,"gold_gain":0,"player_choice":"Got Potions","damage_taken":0,"max_hp_gain":0,"max_hp_loss":0,"event_name":"Lab","floor":46,"gold_loss":0}],"is_beta":false,"boss_relics":[{"not_picked":["Sozu","Runic Dome"],"picked":"Philosopher\u0027s Stone"},{"not_picked":["Coffee Dripper","Cursed Key"],"picked":"hexamod:IceCube"}],"items_purged_floors":[21,38,53],"is_endless":false,"potions_floor_spawned":[2,4,9,12,13,16,28,29,32,36,40,42,47,49,52],"ascension_level":3}}