{"host":"okvjmyid3epuw4k5","time":1610561531,"event":{"mods":["AchievementEnabler","BaseMod","BetterRewards","Chen","Colored Map","Colored Powertips","Hubris","Koishi","KomeijiMod","Marisa????????","Minty Spire (QoL Compilation)","Remilia??????","Replay The Spire","Shop Mod","StSLib"],"gold_per_floor":[117,313,255,145,183,183,217,217,241,269,283,62,98,115,115,213,213],"floor_reached":16,"language":"ENG","playtime":2223,"items_purged":["Defend_RM"],"score":177,"play_id":"bf5348db-fb93-4675-84ec-f131599ab709","local_time":"20210113131211","is_ascension_mode":false,"campfire_choices":[{"data":"FavorOfDestiny","floor":6,"key":"SMITH"},{"data":"ScarletShoot","floor":8,"key":"SMITH"},{"data":"RedMoon","floor":15,"key":"SMITH"}],"circlet_count":0,"master_deck":["RemiliaStalker+1","Strike_RM","Strike_RM","Strike_RM","Strike_RM","Defend_RM","Defend_RM","Defend_RM","RedMoon+1","ScarletShoot+1","EternalNight","ReplayTheSpireMod:Splinters","FavorOfDestiny+1","EndlessAdversity","ScarletImprint","RedRainbow","AfternoonTea","KillingBlow"],"relics":["ScarletHat","Ice Cream","MawBank","Dream Catcher","Blood Vial","Happy Flower"],"acts_visited":["Exordium"],"potions_floor_usage":[11,13,16],"damage_taken":[{"damage":1,"enemies":"Jaw Worm","floor":1,"turns":5},{"damage":0,"enemies":"Cultist","floor":5,"turns":5},{"damage":1,"enemies":"2 Louse","floor":7,"turns":3},{"damage":0,"enemies":"Replay:BlueRogue","floor":10,"turns":9},{"damage":18,"enemies":"Exordium Wildlife","floor":11,"turns":6},{"damage":3,"enemies":"3 Louse","floor":13,"turns":5},{"damage":0,"enemies":"Looter","floor":14,"turns":3},{"damage":43,"enemies":"Hexaghost","floor":16,"turns":14}],"seed_played":"-967040020718335427","potions_obtained":[{"floor":1,"key":"Energy Potion"},{"floor":11,"key":"Swift Potion"}],"is_trial":false,"path_per_floor":["M","?","?","$","M","R","M","R","T","E","M","$","M","M","R","B"],"character_chosen":"REMILIA","items_purchased":["EndlessAdversity","AfternoonTea","Happy Flower"],"campfire_rested":0,"item_purchase_floors":[4,12,12],"current_hp_per_floor":[53,53,53,53,55,55,54,54,54,56,40,40,41,44,44,19,19],"gold":213,"neow_bonus":"ONE_RARE_RELIC","is_daily":false,"chose_seed":false,"campfire_upgraded":3,"win_rate":0.0,"timestamp":1610561531,"path_taken":["M","?","?","$","M","R","?","R","T","E","M","$","M","M","R","BOSS"],"items_purchased_type":["Card","Card","Relic"],"build_version":"2020-12-22","purchased_purges":1,"victory":false,"max_hp_per_floor":[75,75,75,75,75,75,75,75,75,75,75,75,75,75,75,75,75],"card_choices":[{"not_picked":["BloodyTrap","BloodAndWine"],"picked":"EternalNight","floor":1},{"not_picked":["EmergencyRegeneration","MastersStateliness"],"picked":"FavorOfDestiny","floor":2},{"not_picked":["EmergencyRegeneration","BlasphemousPunishment"],"picked":"ScarletImprint","floor":5},{"not_picked":["Stigmanizer","EternalNight","GlobalNightmare"],"picked":"SKIP","floor":7},{"not_picked":["ScarletImprint","RedNightlessCastle","ScarletGensokyo"],"picked":"SKIP","floor":10},{"not_picked":["CharismaGuard","Stigmanizer"],"picked":"RedRainbow","floor":11},{"not_picked":["BloodHunter","CharismaGuard","UnderTheZenith"],"picked":"SKIP","floor":13},{"not_picked":["TwelveNightmare","RedRainbow"],"picked":"KillingBlow","floor":14}],"player_experience":42693,"relics_obtained":[{"floor":9,"key":"Dream Catcher"},{"floor":10,"key":"Blood Vial"}],"event_choices":[{"damage_healed":0,"gold_gain":0,"player_choice":"Paid Gold","damage_taken":0,"relics_obtained":["MawBank"],"max_hp_gain":0,"max_hp_loss":0,"event_name":"WeMeetAgain","floor":3,"gold_loss":58}],"is_beta":false,"boss_relics":[],"items_purged_floors":[4],"is_endless":false,"potions_floor_spawned":[1,11,13],"killed_by":"Hexaghost","ascension_level":0}}