{"host":"v1m5rkjj38qutr02","time":1610535333,"event":{"mods":["Act Like it!","BaseMod","Challenge The Spire","Conspire","Gensokyo","GungeonMod","Hallownest","Minty Spire (QoL Compilation)","Replay The Spire","StSLib","The Bug Knight","Youmu£®ªÍ∆«—˝√Œ£©"],"gold_per_floor":[549,169,200,229,254,254,12,12,41,75,107,107,81,81,109,139,171,203],"floor_reached":19,"language":"ZHS","playtime":641,"items_purged":["Strike_B"],"score":680,"play_id":"9fc35915-f765-4e9a-a22f-73422b5e77df","local_time":"20210113185533","daily_mods":["challengethespire:Silver Difficulty","challengethespire:Elite Rush","Uncertain Future"],"is_ascension_mode":true,"campfire_choices":[{"data":"Amplify","floor":8.0,"key":"SMITH"},{"data":"Double Energy","floor":14,"key":"SMITH"}],"circlet_count":0,"master_deck":["AscendersBane","Strike_B","Strike_B+1","Strike_B+1","Defend_B","Defend_B","Defend_B","Defend_B","Zap","Dualcast","Skim","Apotheosis","Electrodynamics","Electrodynamics","Voices","Hologram","Creative AI","Biased Cognition","Turbo","Defragment","Amplify+1","Double Energy+1","Biased Cognition","FIFO Queue","Conserve Battery+1","Static Discharge","Skim","Reboot"],"relics":["Cracked Core","Black Star","Sling","PreservedInsect","Blood Vial","DataDisk","Potion Belt","ReplayTheSpireMod:CursedCoin","Strawberry","Vajra","DemoMod:Relodestone","DemoMod:PinkGuonStone","DemoMod:MonsterBlood","Counterbalance","DemoMod:WaxWing","DemoMod:GlassGuonStoneRelic","Replay:Rubber Ducky","Nunchaku","conspire:TopHat","Centennial Puzzle","Replay:Wax Seal","Blue Doll","ChewingGum","Molten Egg 2","Replay:Kaleidoscope","Art of War","Pen Nib","Anchor","DemoMod:NanoMachines","DemoMod:Armor","Whetstone","ReplayTheSpireMod:Ninjato"],"acts_visited":["Exordium"],"potions_floor_usage":[18,18,18],"damage_taken":[{"damage":16.0,"enemies":"Gremlin Nob","floor":3.0,"turns":3.0},{"damage":4.0,"enemies":"3 Sentries","floor":4.0,"turns":2.0},{"damage":0.0,"enemies":"Lagavulin","floor":5.0,"turns":4.0},{"damage":13.0,"enemies":"Gremlin Leader","floor":9.0,"turns":5.0},{"damage":0.0,"enemies":"Gremlin Leader","floor":10.0,"turns":4.0},{"damage":0,"enemies":"Gremlin Leader","floor":11,"turns":4},{"damage":0,"enemies":"Nemesis","floor":15,"turns":5},{"damage":0,"enemies":"Reptomancer","floor":16,"turns":3},{"damage":0,"enemies":"Giant Head","floor":17,"turns":9},{"damage":0,"enemies":"Shield and Spear","floor":18,"turns":3}],"seed_played":"5276825858734293852","potions_obtained":[{"floor":3.0,"key":"Elixir"},{"floor":5.0,"key":"Adrenaline Potion"},{"floor":10.0,"key":"SteroidPotion"},{"floor":16,"key":"FocusPotion"},{"floor":18,"key":"LiquidBronze"}],"is_trial":true,"path_per_floor":["$","$","E","E","E","T","$","R","E","E","E","T","$","R","E","E","E","E",null],"character_chosen":"DEFECT","items_purchased":["Blood Vial","Skim","Adrenaline Potion","Apotheosis","Electrodynamics","DataDisk","Potion Belt","ReplayTheSpireMod:CursedCoin","Hologram","Defragment","Amplify","Conserve Battery+1"],"campfire_rested":0,"item_purchase_floors":[1,1,1,1,2,2,2,2,2,7,7,13],"current_hp_per_floor":[68,68,61,66,75,75,75,75,64,66,68,68,68,68,70,72,74,76],"gold":203,"neow_bonus":"","is_daily":false,"chose_seed":false,"campfire_upgraded":2,"win_rate":0.0,"timestamp":1610535333,"path_taken":["$","$","E","E","E","T","$","R","E","E","E","T","$","R","E","E","E","E"],"items_purchased_type":["Relic","Card","Potion","Card","Card","Relic","Relic","Relic","Card","Card","Card","Card"],"build_version":"2020-12-22","purchased_purges":1,"victory":true,"max_hp_per_floor":[75,75,82,89,96,96,96,96,96,96,96,96,96,96,96,96,96,96],"card_choices":[],"player_experience":405580,"relics_obtained":[{"floor":3.0,"key":"Strawberry"},{"floor":3.0,"key":"Vajra"},{"floor":4.0,"key":"DemoMod:Relodestone"},{"floor":4.0,"key":"DemoMod:PinkGuonStone"},{"floor":5.0,"key":"DemoMod:MonsterBlood"},{"floor":5.0,"key":"Counterbalance"},{"floor":9.0,"key":"Replay:Rubber Ducky"},{"floor":9.0,"key":"Nunchaku"},{"floor":10.0,"key":"conspire:TopHat"},{"floor":10.0,"key":"Centennial Puzzle"},{"floor":11,"key":"Replay:Wax Seal"},{"floor":11,"key":"Blue Doll"},{"floor":15,"key":"Molten Egg 2"},{"floor":15,"key":"Replay:Kaleidoscope"},{"floor":16,"key":"Art of War"},{"floor":16,"key":"Pen Nib"},{"floor":17,"key":"Anchor"},{"floor":17,"key":"DemoMod:NanoMachines"},{"floor":18,"key":"Whetstone"},{"floor":18,"key":"ReplayTheSpireMod:Ninjato"}],"event_choices":[],"is_beta":false,"boss_relics":[{"not_picked":["DemoMod:RiddleOfLead","conspire:RunicOctahedron"],"picked":"DemoMod:WaxWing"},{"not_picked":["Replay:Wanted Poster","conspire:SlowCooker"],"picked":"ChewingGum"}],"items_purged_floors":[2],"is_endless":false,"potions_floor_spawned":[3,5,10,16,18],"ascension_level":10}}