{"host":"4ek4eq5z32z3zgvw","time":1610580398,"event":{"mods":["2.2 Compatiblity","AchievementEnabler","Act Like it!","AlwaysNeverKeys","Aspiration","BaseMod","Better Match","Better Note","Better Sensory Stone","Better Third Choice","BetterRewards","Block Reminder","Colored Map","Colored Powertips","DeckTracker","Defuse TimeMaze Blight","Downfall","Energized Spire","Halation","Hubris","Infinite Spire","Minty Spire (QoL Compilation)","Permanent Neow","Quick Restart","Rare Cards Sparkle","Relic Filter","Relic Sorter","Replay The Spire","Shop Mod","Spikes Relics","StSLib","SuperFastMode","Synergy Search","Unceasing Turn Reminder","UnlockEverythingMod","egg","vexMod"],"gold_per_floor":[112,132,26,26,46,46,73,73,73,89,89,89,109,137,137,137,137],"floor_reached":16,"language":"ENG","playtime":391,"items_purged":[],"score":220,"play_id":"9a11b1d8-ca16-4626-9efc-227b1d002cb2","local_time":"20210113172638","is_ascension_mode":true,"campfire_choices":[{"floor":8,"key":"REST"},{"floor":15,"key":"REST"}],"circlet_count":0,"master_deck":["AscendersBane","Strike_G","Strike_G","Strike_G","Strike_G","Strike_G","Defend_G","Defend_G","Defend_G","Defend_G","Defend_G","Survivor","Neutralize","Strike_G","Defend_P","Transmutation+1","Poisoned Stab","Backstab","expansioncontent:Collect","Injury","Deflect+1","Catalyst+1","Burn+1","Crippling Poison+1","Distraction+1"],"relics":["Ring of the Snake","Toxic Egg 2","aspiration:Lifesprig","Iron Hammer","Tiny Chest"],"acts_visited":["Exordium"],"potions_floor_usage":[13,14,16],"damage_taken":[{"damage":12,"enemies":"2 Louse","floor":1,"turns":4},{"damage":15,"enemies":"Small Slimes","floor":2,"turns":5},{"damage":6,"enemies":"Jaw Worm","floor":5,"turns":3},{"damage":9,"enemies":"Gremlin Nob","floor":7,"turns":6},{"damage":0,"enemies":"Blue Slaver","floor":10,"turns":3},{"damage":0,"enemies":"Exordium Wildlife","floor":13,"turns":2},{"damage":9,"enemies":"Lagavulin","floor":14,"turns":6},{"damage":46,"enemies":"Slime Boss","floor":16,"turns":6}],"seed_played":"8418705447379921315","potions_obtained":[{"floor":7,"key":"ColorlessPotion"},{"floor":10,"key":"Doom Potion"},{"floor":13,"key":"ColorlessPotion"},{"floor":14,"key":"SpeedPotion"}],"is_trial":false,"path_per_floor":["M","M","$","?","M","$","E","R","T","M","?","?","M","E","R","B"],"character_chosen":"THE_SILENT","items_purchased":["expansioncontent:Collect"],"campfire_rested":2,"item_purchase_floors":[3],"current_hp_per_floor":[47,32,32,32,26,26,17,36,36,36,36,36,36,27,46,0,0],"gold":137,"neow_bonus":"RANDOM_COLORLESS_2","is_daily":false,"chose_seed":false,"campfire_upgraded":0,"win_rate":0.0,"timestamp":1610580398,"path_taken":["M","M","$","?","M","$","E","R","T","M","?","?","M","E","R","BOSS"],"items_purchased_type":["Card"],"build_version":"2020-12-22","purchased_purges":0,"victory":false,"max_hp_per_floor":[66,66,66,66,66,66,66,66,66,66,66,66,66,66,66,66,66],"card_choices":[{"not_picked":["Secret Technique","Violence"],"picked":"Transmutation","floor":0},{"not_picked":["Slice","Quick Slash"],"picked":"Poisoned Stab","floor":1},{"not_picked":["Dagger Throw","Deflect"],"picked":"Backstab","floor":2},{"not_picked":["Sneak Up+1","Setup+1"],"picked":"Deflect+1","floor":5},{"not_picked":["ReplayTheSpireMod:From All Sides","Dagger Throw"],"picked":"Catalyst+1","floor":7},{"not_picked":["ShadowRift","Poisoned Stab","Bane"],"picked":"SKIP","floor":10},{"not_picked":["hubris:SlightOfHand+1","Dodge and Roll+1"],"picked":"Crippling Poison+1","floor":13},{"not_picked":["Concentrate+1","Hidden Blade+1"],"picked":"Distraction+1","floor":14}],"player_experience":601429,"relics_obtained":[{"floor":7,"key":"aspiration:Lifesprig"},{"floor":9,"key":"Iron Hammer"},{"floor":14,"key":"Tiny Chest"}],"event_choices":[{"damage_healed":36,"gold_gain":0,"player_choice":"Embrace Burn","damage_taken":0,"max_hp_gain":0,"max_hp_loss":66,"event_name":"betterThird:BetterShining","floor":12,"gold_loss":0}],"is_beta":false,"boss_relics":[],"items_purged_floors":[],"is_endless":false,"potions_floor_spawned":[7,10,13,14],"killed_by":"Slime Boss","ascension_level":20}}