{"host":"g1wmg2w41xhsnw8g","time":1610513514,"event":{"mods":["2.2 Compatiblity","Act Like it!","Aspiration","BaseMod","Better Altar","Better Match","Better Note","Better Sensory Stone","Better Skull","Better Third Choice","BetterRewards","Booster Modes","CapriCore","Colored Map","Colored Powertips","Defuse TimeMaze Blight","Displayed Cursed Tome","Evolution","Friendly Minions","GifTheSpireLib","Good Game Mod","Googly Eyes","Infinite Spire","Magitek Elite","Minty Spire (QoL Compilation)","Red Circlet Mod","Relic Sorter","SCP261 Mod","Shop Mod","Spicy Shops","StSLib","The Blackbeard","The Sage","Transform Curses","Wandering Minibosses","????"],"gold_per_floor":[111,130,130,0,13,43,43,72,72,72,72,72,86,86,86,210,210,225,225,165,189,17,17,17,17,17,35,48,48,48],"floor_reached":29,"language":"ENG","playtime":1441,"items_purged":[],"score":320,"play_id":"dbb53478-c8c0-4965-9f40-c3632a2cc8a6","local_time":"20210112235154","daily_mods":["SealedDeck","Specialized","Heirloom","Elite Swarm"],"is_ascension_mode":true,"campfire_choices":[{"data":"Blood_Hilt","floor":7,"key":"SMITH"},{"data":"Ultima","floor":15,"key":"SMITH"},{"floor":23,"key":"REST"}],"circlet_count":0,"master_deck":["Transpose_P","Transpose_P","Transpose_P","Transpose_P","Magnus_Hat","Water","Gladius","Falchion","Circlet","Esuna","Bravery","Magus_Robe","Blood_Hilt+1","Remember","Flametongue","SpiritShield","Quake","Enlightenment","Reflect","Ultima+1","Might","infinitespire:FutureSight","Enhancer","Quick","Slow+1","Diamond_Shield2+1","Dispel+1","Transpose2","blackbeard:BrownPants","Rasp","Magnus_Hat","blackbeard:SmithingHammer"],"relics":["Pendant","REME:ComplimentaryCards","EVO:Axolotl","Calipers","Bottled Tornado","infinitespire:Bottled Soul","Golden Idol","MerchantsRug","SCP261:SadistsTumblerRelic","PrismaticShard","The Courier"],"acts_visited":["Exordium","TheCity"],"potions_floor_usage":[16,18,28],"damage_taken":[{"damage":8,"enemies":"Cultist","floor":1,"turns":5},{"damage":13,"enemies":"Small Slimes","floor":2,"turns":5},{"damage":11,"enemies":"Jaw Worm","floor":5,"turns":3},{"damage":14,"enemies":"3 Sentries","floor":6,"turns":6},{"damage":18,"enemies":"Gremlin Nob","floor":8,"turns":4},{"damage":0,"enemies":"3 Louse","floor":13,"turns":1},{"damage":0,"enemies":"Slime Boss","floor":16,"turns":6},{"damage":18,"enemies":"Spheric Guardian","floor":18,"turns":6},{"damage":16,"enemies":"2 Thieves","floor":20,"turns":6},{"damage":36,"enemies":"Snake Plant","floor":21,"turns":3},{"damage":44,"enemies":"Cultist and Chosen","floor":27,"turns":6},{"damage":0,"enemies":"Snecko","floor":28,"turns":4},{"damage":6,"enemies":"Gremlin Leader","floor":29,"turns":2}],"seed_played":"830705824179931745","potions_obtained":[{"floor":2,"key":"SCP261:BostonMolassesPotion"},{"floor":8,"key":"Strength Potion"},{"floor":16,"key":"infinitespire:BlackPotion"},{"floor":27,"key":"DistilledChaos"}],"is_trial":true,"path_per_floor":["M","M","T","?","M","E","R","E","T","?","?","?","M","$","R","B",null,"M","?","M","M","$","R","?","?","T","M","M","E"],"character_chosen":"MAGITEKELITE","items_purchased":["MerchantsRug","SCP261:SadistsTumblerRelic"],"campfire_rested":1,"item_purchase_floors":[22,22],"current_hp_per_floor":[57,47,47,53,42,30,30,23,23,23,23,23,23,23,23,23,77,59,59,43,19,19,42,34,42,42,6,6,0,0],"gold":48,"neow_bonus":"","is_daily":false,"chose_seed":false,"campfire_upgraded":2,"win_rate":0.0,"timestamp":1610513514,"path_taken":["M","M","?","?","M","E","R","E","T","?","?","?","?","$","R","BOSS","M","?","M","?","?","R","?","?","T","?","M","E"],"items_purchased_type":["Relic","Relic"],"build_version":"2020-12-22","purchased_purges":0,"victory":false,"max_hp_per_floor":[64,64,64,70,70,70,70,77,77,77,77,77,77,77,77,77,77,77,77,77,77,77,77,77,77,77,77,77,77,77],"card_choices":[{"not_picked":["Meteor","Magnus_Hat"],"picked":"Flametongue","floor":1},{"not_picked":["Flare","Shell"],"picked":"Quake","floor":2},{"not_picked":["Man_Eater","Gladius","Cursed_Shield"],"picked":"SKIP","floor":5},{"not_picked":["Might","Thousand_Needles"],"picked":"Reflect","floor":6},{"not_picked":["Fake_Moustache","Mama"],"picked":"Ultima","floor":8},{"not_picked":["infinitespire:SealOfDarkness+","infinitespire:DeathsTouch"],"picked":"infinitespire:FutureSight","floor":11},{"not_picked":["Tornado","Quake"],"picked":"Enhancer","floor":13},{"not_picked":["Diamond_Shield2","Thousand_Needles"],"picked":"Quick","floor":16},{"not_picked":["Force_Armor","Flare"],"picked":"Transpose2","floor":18},{"not_picked":["Protect_M","Man_Eater","Slow+1"],"picked":"SKIP","floor":20},{"not_picked":["Cursed_Shield+1","Esuna"],"picked":"Rasp","floor":21},{"not_picked":["Force_Armor","Rasp+1"],"picked":"Magnus_Hat","floor":24},{"not_picked":["Cloak And Dagger+1","Infinite Blades"],"picked":"blackbeard:SmithingHammer","floor":27},{"not_picked":["Gaia_Gear","blackbeard:CloakAndCannonball","sagemod:Pincer_Repair+1"],"picked":"SKIP","floor":28}],"player_experience":1063544,"relics_obtained":[{"floor":3,"key":"Bottled Tornado"},{"floor":6,"key":"infinitespire:CheckeredPen"},{"floor":8,"key":"Strawberry"},{"floor":9,"key":"infinitespire:Bottled Soul"},{"floor":24,"key":"PrismaticShard"},{"floor":26,"key":"The Courier"}],"event_choices":[{"damage_healed":0,"gold_gain":0,"player_choice":"RENOUNCE","damage_taken":130,"max_hp_gain":0,"max_hp_loss":0,"event_name":"betterThird:BetterSerpent","floor":4,"gold_loss":130,"cards_obtained":["Enlightenment"]},{"damage_healed":0,"gold_gain":0,"cards_transformed":["Transpose_P"],"player_choice":"Change","damage_taken":0,"max_hp_gain":0,"max_hp_loss":0,"event_name":"Living Wall","floor":10,"gold_loss":0,"cards_obtained":["Might"]},{"damage_healed":0,"gold_gain":0,"player_choice":"Take Wound","damage_taken":0,"relics_obtained":["Golden Idol"],"max_hp_gain":0,"max_hp_loss":0,"event_name":"Golden Idol","floor":12,"gold_loss":0,"cards_obtained":["Injury"]},{"cards_removed":["Ultima"],"damage_healed":0,"gold_gain":0,"player_choice":"Take \u0026 Give","damage_taken":0,"max_hp_gain":0,"max_hp_loss":0,"event_name":"betterNote:BetterNote","floor":19,"gold_loss":0,"cards_obtained":["blackbeard:BrownPants"]}],"is_beta":false,"boss_relics":[{"not_picked":["aspiration:WatcherSkillbook","Gem_Box"],"picked":"Astrolabe"}],"items_purged_floors":[],"is_endless":false,"potions_floor_spawned":[2,8,16,27],"killed_by":"Gremlin Leader","ascension_level":1}}