{"host":"daa8jqyg4gqfaysm","time":1610557647,"event":{"mods":["BaseMod","Colored Powertips","Minty Spire (QoL Compilation)","StSLib"],"gold_per_floor":[112,28,28,45,45,72,72,88,111,126,126,154,154,179,179,251,251,270,281,281,281,291,291,291,291],"floor_reached":24,"language":"ENG","playtime":536,"items_purged":[],"score":528,"play_id":"2492b43b-15b2-4e46-a817-242014522358","local_time":"20210114010727","is_ascension_mode":true,"campfire_choices":[{"data":"Hologram","floor":7,"key":"SMITH"},{"data":"Beam Cell","floor":11,"key":"SMITH"},{"data":"Echo Form","floor":13,"key":"SMITH"},{"data":"Go for the Eyes","floor":15,"key":"SMITH"},{"data":"Streamline","floor":23,"key":"SMITH"}],"circlet_count":0,"master_deck":["AscendersBane","Strike_B","Strike_B","Strike_B","Defend_B","Defend_B","Defend_B","Defend_B","Dualcast","Streamline+1","Echo Form+1","Rip and Tear","Hologram+1","Beam Cell+1","Go for the Eyes+1","Rip and Tear","Conserve Battery","Steam","Core Surge","Auto Shields","Hologram","Leap+1"],"relics":["Cracked Core","NeowsBlessing","Dream Catcher","Bag of Marbles","FossilizedHelix","Anchor","Nuclear Battery","MutagenicStrength"],"acts_visited":["Exordium","TheCity"],"potions_floor_usage":[10,16],"damage_taken":[{"damage":0,"enemies":"Small Slimes","floor":1,"turns":1},{"damage":0,"enemies":"Cultist","floor":4,"turns":1},{"damage":0,"enemies":"Lagavulin","floor":6,"turns":1},{"damage":3,"enemies":"2 Louse","floor":8,"turns":2},{"damage":0,"enemies":"Red Slaver","floor":10,"turns":1},{"damage":0,"enemies":"Gremlin Nob","floor":12,"turns":2},{"damage":10,"enemies":"3 Sentries","floor":14,"turns":5},{"damage":30,"enemies":"Hexaghost","floor":16,"turns":7},{"damage":0,"enemies":"2 Thieves","floor":18,"turns":3},{"damage":0,"enemies":"Chosen","floor":19,"turns":3},{"damage":13,"enemies":"Shelled Parasite and Fungi","floor":22,"turns":7},{"damage":46,"enemies":"Slavers","floor":24,"turns":5}],"seed_played":"-4212473410061181085","potions_obtained":[{"floor":4,"key":"Weak Potion"},{"floor":6,"key":"Fire Potion"}],"is_trial":false,"path_per_floor":["M","$","?","M","$","E","R","M","T","M","R","E","R","E","R","B",null,"M","M","?","?","M","R","E"],"character_chosen":"DEFECT","items_purchased":["Echo Form"],"campfire_rested":0,"item_purchase_floors":[2],"current_hp_per_floor":[64,64,64,64,64,64,64,61,61,61,61,61,61,51,51,21,59,59,59,59,59,46,46,0,0],"gold":291,"neow_bonus":"THREE_ENEMY_KILL","is_daily":false,"chose_seed":false,"campfire_upgraded":5,"win_rate":0.0,"timestamp":1610557647,"path_taken":["M","$","?","M","$","E","R","?","T","M","R","E","R","E","R","BOSS","M","?","?","?","M","R","E"],"items_purchased_type":["Card"],"build_version":"2020-12-22","purchased_purges":0,"victory":false,"max_hp_per_floor":[71,71,71,71,71,71,71,71,71,71,71,71,71,71,71,71,71,71,71,71,71,71,71,71,71],"card_choices":[{"not_picked":["Hologram","Static Discharge"],"picked":"Streamline","floor":1},{"not_picked":["Leap","Lockon"],"picked":"Hologram","floor":4},{"not_picked":["Turbo","Scrape"],"picked":"Beam Cell","floor":6},{"not_picked":["Reinforced Body","Consume"],"picked":"Go for the Eyes","floor":8},{"not_picked":["Hologram","Go for the Eyes"],"picked":"Rip and Tear","floor":10},{"not_picked":["Machine Learning","Defragment"],"picked":"Conserve Battery","floor":12},{"not_picked":["Beam Cell","Doom and Gloom"],"picked":"Steam","floor":14},{"not_picked":["Multi-Cast","Amplify"],"picked":"Core Surge","floor":16},{"not_picked":["Redo+1","Lockon+1"],"picked":"Auto Shields","floor":18},{"not_picked":["Gash","Barrage"],"picked":"Hologram","floor":19},{"not_picked":["Streamline","Beam Cell"],"picked":"Leap+1","floor":22}],"player_experience":816667,"relics_obtained":[{"floor":6,"key":"Dream Catcher"},{"floor":9,"key":"Bag of Marbles"},{"floor":12,"key":"FossilizedHelix"},{"floor":14,"key":"Anchor"}],"event_choices":[{"damage_healed":0,"gold_gain":0,"cards_transformed":["Strike_B"],"player_choice":"Transformed","damage_taken":0,"max_hp_gain":0,"max_hp_loss":0,"event_name":"Transmorgrifier","floor":3,"gold_loss":0,"cards_obtained":["Rip and Tear"]},{"damage_healed":0,"gold_gain":0,"player_choice":"Inject Mutagens","damage_taken":0,"relics_obtained":["MutagenicStrength"],"max_hp_gain":0,"max_hp_loss":0,"event_name":"Drug Dealer","floor":20,"gold_loss":0},{"cards_removed":["Zap"],"damage_healed":0,"gold_gain":0,"player_choice":"Offered Basic","damage_taken":0,"max_hp_gain":0,"max_hp_loss":0,"event_name":"Bonfire Elementals","floor":21,"gold_loss":0}],"is_beta":false,"boss_relics":[{"not_picked":["SlaversCollar","Snecko Eye"],"picked":"Nuclear Battery"}],"items_purged_floors":[],"is_endless":false,"potions_floor_spawned":[4,6],"killed_by":"Slavers","ascension_level":20}}