{"host":"7qoz5gmva6til3yp","time":1610536931,"event":{"mods":["AchievementEnabler","BaseMod","Minty Spire (QoL Compilation)","StSLib","SuperFastMode"],"gold_per_floor":[116,116,129,28,98,126,126,155,155,258,320,347,359,391,403,415,415],"floor_reached":16,"language":"KOR","playtime":617,"items_purged":["Defend_G"],"score":143,"play_id":"81a1c7c5-4f15-4ff1-bb81-77190f0f7e04","local_time":"20210113202211","is_ascension_mode":true,"campfire_choices":[{"data":"Dagger Spray","floor":7,"key":"SMITH"},{"floor":13,"key":"REST"},{"floor":15,"key":"DIG"}],"circlet_count":0,"master_deck":["Strike_G","Strike_G","Strike_G","Strike_G","Strike_G","Defend_G","Defend_G","Defend_G","Defend_G","Survivor","Neutralize","Masterful Stab","Dagger Spray+1","Backflip","Deadly Poison","Crippling Poison","Quick Slash","Noxious Fumes"],"relics":["Ring of the Snake","SsserpentHead","Unceasing Top","Blue Candle","Shovel","MawBank","The Courier"],"acts_visited":["Exordium"],"potions_floor_usage":[6,8,16],"damage_taken":[{"damage":0.0,"enemies":"2 Louse","floor":1.0,"turns":2.0},{"damage":0.0,"enemies":"Cultist","floor":3.0,"turns":3.0},{"damage":0.0,"enemies":"Small Slimes","floor":5.0,"turns":2.0},{"damage":37,"enemies":"Gremlin Nob","floor":6,"turns":4},{"damage":22,"enemies":"3 Sentries","floor":8,"turns":10},{"damage":0,"enemies":"Gremlin Gang","floor":12,"turns":1},{"damage":0,"enemies":"3 Louse","floor":14,"turns":1},{"damage":32,"enemies":"Slime Boss","floor":16,"turns":6}],"seed_played":"-5099617273271438251","potions_obtained":[{"floor":1.0,"key":"PowerPotion"},{"floor":3.0,"key":"CultistPotion"},{"floor":14,"key":"Block Potion"}],"is_trial":false,"path_per_floor":["M","?","M","$","M","E","R","E","T","T","?","M","R","M","R","B"],"character_chosen":"THE_SILENT","items_purchased":["Deadly Poison"],"campfire_rested":1,"item_purchase_floors":[4],"current_hp_per_floor":[63,63,63,63,63,26,26,4,4,4,4,4,25,25,25,0,0],"gold":415,"neow_bonus":"THREE_CARDS","is_daily":false,"chose_seed":false,"campfire_upgraded":1,"win_rate":0.0,"timestamp":1610536931,"path_taken":["M","?","M","$","?","E","R","E","T","?","?","M","R","M","R","BOSS"],"items_purchased_type":["Card"],"build_version":"2020-12-22","purchased_purges":1,"victory":false,"max_hp_per_floor":[70,70,70,70,70,70,70,70,70,70,70,70,70,70,70,70,70],"card_choices":[{"not_picked":["Eviscerate","Quick Slash"],"picked":"Masterful Stab","floor":0.0},{"not_picked":["Finisher","Flechettes"],"picked":"Dagger Spray","floor":1.0},{"not_picked":["PiercingWail","Expertise"],"picked":"Backflip","floor":3.0},{"not_picked":["Bane","Accuracy"],"picked":"Crippling Poison","floor":5.0},{"not_picked":["All Out Attack","Terror"],"picked":"Quick Slash","floor":6},{"not_picked":["A Thousand Cuts","Terror"],"picked":"Noxious Fumes","floor":8},{"not_picked":["Outmaneuver","Poisoned Stab","Catalyst"],"picked":"SKIP","floor":12},{"not_picked":["Backflip","Sucker Punch","Deadly Poison"],"picked":"SKIP","floor":14}],"player_experience":337121,"relics_obtained":[{"floor":6,"key":"Unceasing Top"},{"floor":8,"key":"Blue Candle"},{"floor":9,"key":"Shovel"},{"floor":10,"key":"MawBank"},{"floor":15,"key":"The Courier"}],"event_choices":[{"damage_healed":0.0,"max_hp_gain":0.0,"max_hp_loss":0.0,"gold_gain":0.0,"event_name":"FaceTrader","player_choice":"Trade","floor":2.0,"gold_loss":0.0,"damage_taken":0.0,"relics_obtained":["SsserpentHead"]},{"damage_healed":0,"gold_gain":0,"player_choice":"Ignored","damage_taken":0,"max_hp_gain":0,"max_hp_loss":0,"event_name":"Golden Idol","floor":11,"gold_loss":0}],"is_beta":false,"boss_relics":[],"items_purged_floors":[4],"is_endless":false,"potions_floor_spawned":[1,3,14],"killed_by":"Slime Boss","ascension_level":6}}