{"host":"a0ctybskq5enlxnq","time":1610570864,"event":{"mods":["Bartender","BaseMod","Beaked The Cultist","Better Altar","Better Skull","Clawfect","Colored Map","Colored Powertips","Hermit","Highlight Path","Hubris","Kratos Character Expansion","Minty Spire (QoL Compilation)","READ ME - Guardian Mod","Rare Cards Sparkle","Robot Space Explorer","Shade Mod","Shop Mod","Spicy Shops","StSLib","The Alterego","The Construct","The Cursed","The Death Knight","The Disciple","The Forsaken","The Kombatant","The Runesmith","thorton"],"gold_per_floor":[140,120,138,153,173,202,216,216,216,216,247,92,92,111,111,213,213,223,236,286,436,447,475,494,494,494,528,590,624,656,670,670,766,766,785,835,885,903,923,923,952,987,987,999,1030,1030,1057,1075,1075,1075],"floor_reached":51,"language":"ENG","playtime":2443,"items_purged":[],"score":1084,"play_id":"9d8a220e-83e5-477d-b83b-b19641ba3925","local_time":"20210113204744","is_ascension_mode":false,"campfire_choices":[{"floor":8.0,"key":"REST"},{"data":"KratosMod:Strike_K","floor":10.0,"key":"SMITH"},{"data":"KratosMod:clawsofhades","floor":15.0,"key":"SMITH"},{"data":"KratosMod:kBerserk","floor":25.0,"key":"SMITH"},{"data":"1","floor":32.0,"key":"LIFT"},{"data":"KratosMod:blades","floor":40.0,"key":"SMITH"},{"data":"2","floor":46.0,"key":"LIFT"},{"data":"3","floor":49.0,"key":"LIFT"}],"circlet_count":0,"master_deck":["KratosMod:Strike_K","KratosMod:Strike_K","KratosMod:Strike_K","KratosMod:Strike_K+1","KratosMod:Defend_K","KratosMod:Defend_K","KratosMod:Defend_K+1","KratosMod:cyclone+1","KratosMod:AthenaBane","KratosMod:SmashStone","KratosMod:clawsofhades+1","KratosMod:ShieldBash","KratosMod:kBerserk+1","KratosMod:BladeWhip+1","CurseOfTheBell","hubris:NaturalOne","hubris:DuctTapeCard"],"relics":["KratosMod:eagle","Dream Catcher","construct:FoamFinger","Eternal Feather","HandDrill","SsserpentHead","beaked:MawFillet","alterego_mod:SomeoneToFightFor","Girya","Kunai","War Paint","beaked:ShinyBauble","Tiny Chest","Calling Bell","Centennial Puzzle","White Beast Statue","Choco_Feather","hubris:Icosahedron","Mango","PreservedInsect","hubris:PeanutButter","Toy Ornithopter","hubris:DuctTape"],"acts_visited":["TheCity","TheBeyond"],"potions_floor_usage":[50,50],"damage_taken":[{"damage":8.0,"enemies":"Jaw Worm","floor":1.0,"turns":2.0},{"damage":0.0,"enemies":"Cultist","floor":3.0,"turns":2.0},{"damage":3.0,"enemies":"Small Slimes","floor":4.0,"turns":2.0},{"damage":0.0,"enemies":"Gremlin Gang","floor":5.0,"turns":1.0},{"damage":16.0,"enemies":"Lagavulin","floor":6.0,"turns":5.0},{"damage":1.0,"enemies":"3 Louse","floor":7.0,"turns":2.0},{"damage":0.0,"enemies":"3 Sentries","floor":11.0,"turns":2.0},{"damage":0.0,"enemies":"2 Fungi Beasts","floor":14.0,"turns":2.0},{"damage":68.0,"enemies":"Hexaghost","floor":16.0,"turns":10.0},{"damage":5.0,"enemies":"3 Byrds","floor":18.0,"turns":3.0},{"damage":0.0,"enemies":"Spheric Guardian","floor":19.0,"turns":2.0},{"damage":0.0,"enemies":"Snake Plant","floor":22.0,"turns":2.0},{"damage":30.0,"enemies":"Book of Stabbing","floor":23.0,"turns":4.0},{"damage":15.0,"enemies":"Centurion and Healer","floor":24.0,"turns":2.0},{"damage":19.0,"enemies":"Slavers","floor":27.0,"turns":3.0},{"damage":0.0,"enemies":"3 Cultists","floor":28.0,"turns":2.0},{"damage":4.0,"enemies":"Gremlin Leader","floor":29.0,"turns":2.0},{"damage":14.0,"enemies":"Slavers","floor":30.0,"turns":2.0},{"damage":21.0,"enemies":"Snake Plant","floor":31.0,"turns":3.0},{"damage":42.0,"enemies":"Champ","floor":33.0,"turns":7.0},{"damage":3.0,"enemies":"3 Shapes","floor":35.0,"turns":2.0},{"damage":6.0,"enemies":"3 Darklings","floor":38.0,"turns":2.0},{"damage":6.0,"enemies":"Sphere and 2 Shapes","floor":39.0,"turns":1.0},{"damage":0.0,"enemies":"Reptomancer","floor":41.0,"turns":1.0},{"damage":18.0,"enemies":"beaked:SuperParasite","floor":42.0,"turns":3.0},{"damage":26.0,"enemies":"Maw","floor":44.0,"turns":5.0},{"damage":0.0,"enemies":"Nemesis","floor":45.0,"turns":1.0},{"damage":0.0,"enemies":"Reptomancer","floor":47.0,"turns":2.0},{"damage":19.0,"enemies":"4 Shapes","floor":48.0,"turns":3.0},{"damage":56,"enemies":"Awakened One","floor":50,"turns":8}],"seed_played":"-699448872847806354","potions_obtained":[{"floor":2.0,"key":"Swift Potion"},{"floor":3.0,"key":"DistilledChaos"},{"floor":11.0,"key":"Block Potion"},{"floor":18.0,"key":"DeathKnight:RimePotion"},{"floor":22.0,"key":"BlessingOfTheForge"},{"floor":23.0,"key":"Weak Potion"},{"floor":31.0,"key":"DeathKnight:RimePotion"},{"floor":33.0,"key":"SpeedPotion"},{"floor":35.0,"key":"FearPotion"},{"floor":39.0,"key":"PowerPotion"},{"floor":41.0,"key":"SteroidPotion"},{"floor":42.0,"key":"LiquidBronze"},{"floor":44.0,"key":"DistilledChaos"}],"is_trial":false,"path_per_floor":["M","?","M","M","M","E","M","R","T","R","E","$","?","M","R","B",null,"M","M","?","?","M","E","M","R","T","E","M","E","E","M","R","B",null,"M","?","?","M","M","R","E","E","T","M","E","R","E","M","R","B",null],"character_chosen":"KRATOS","items_purchased":["HandDrill"],"campfire_rested":1,"item_purchase_floors":[12],"current_hp_per_floor":[52,52,52,49,49,38,37,55,55,55,55,55,55,60,60,20,60,55,55,55,55,55,46,45,54,54,60,60,56,46,43,52,32,60,60,60,60,54,48,57,71,74,74,74,74,74,74,55,64,63],"gold":1075,"neow_bonus":"UPGRADE_CARD","is_daily":false,"chose_seed":false,"campfire_upgraded":4,"win_rate":0.0,"timestamp":1610570864,"path_taken":["M","?","M","M","?","E","M","R","T","R","E","$","?","M","R","BOSS","M","M","?","?","M","E","M","R","T","E","?","E","E","M","R","BOSS","M","?","?","M","M","R","E","E","T","M","E","R","E","M","R","BOSS"],"items_purchased_type":["Relic"],"build_version":"2020-12-22","purchased_purges":0,"victory":true,"max_hp_per_floor":[60,60,60,60,60,60,60,60,60,60,60,60,60,60,60,60,60,60,60,60,60,60,60,60,60,60,60,60,60,60,60,60,60,60,60,60,60,60,60,60,74,74,74,74,74,74,74,74,74,74],"card_choices":[{"not_picked":["KratosMod:BladeWhip","KratosMod:Roll","KratosMod:Endure"],"picked":"SKIP","floor":1.0},{"not_picked":["KratosMod:Endure","KratosMod:Roll","KratosMod:Tempor"],"picked":"SKIP","floor":3.0},{"not_picked":["KratosMod:Endure","KratosMod:BladeWhip","KratosMod:ShieldBash"],"picked":"SKIP","floor":4.0},{"not_picked":["KratosMod:rattle","KratosMod:settle"],"picked":"KratosMod:SmashStone","floor":5.0},{"not_picked":["KratosMod:styx","KratosMod:SmashStone","KratosMod:settle"],"picked":"SKIP","floor":6.0},{"not_picked":["KratosMod:conjuresoul","KratosMod:SmashStone","KratosMod:ShieldBash"],"picked":"SKIP","floor":7.0},{"not_picked":["KratosMod:conjuresoul","KratosMod:settle"],"picked":"KratosMod:clawsofhades","floor":11.0},{"not_picked":["KratosMod:rattle","KratosMod:SmashStone"],"picked":"KratosMod:ShieldBash","floor":14.0},{"not_picked":["KratosMod:ablockalypse","KratosMod:tartarusrage"],"picked":"KratosMod:kBerserk","floor":16.0},{"not_picked":["KratosMod:Endure","KratosMod:Tempor+1","KratosMod:ShieldBash"],"picked":"SKIP","floor":18.0},{"not_picked":["KratosMod:conjuresoul","KratosMod:Tempor+1","KratosMod:clawsofhades"],"picked":"SKIP","floor":19.0},{"not_picked":["KratosMod:ShieldBash+1","KratosMod:SmashStone"],"picked":"KratosMod:BladeWhip+1","floor":22.0},{"not_picked":["KratosMod:settle","KratosMod:SmashStone","KratosMod:BladeWhip"],"picked":"SKIP","floor":23.0},{"not_picked":["KratosMod:conjuresoul","KratosMod:Endure+1","KratosMod:clawsofhades"],"picked":"SKIP","floor":24.0},{"not_picked":["KratosMod:Roll","KratosMod:clawsofhades","KratosMod:Endure"],"picked":"SKIP","floor":27.0},{"not_picked":["KratosMod:ShieldBash","KratosMod:SmashStone+1","KratosMod:Roll+1"],"picked":"SKIP","floor":28.0},{"not_picked":["KratosMod:BladeWhip","KratosMod:conjuresoul","KratosMod:clawsofhades"],"picked":"SKIP","floor":29.0},{"not_picked":["KratosMod:settle+1","KratosMod:clawsofhades","KratosMod:SmashStone"],"picked":"SKIP","floor":30.0},{"not_picked":["KratosMod:BladeWhip","KratosMod:Tempor","KratosMod:rattle+1"],"picked":"SKIP","floor":31.0},{"not_picked":["KratosMod:styx","KratosMod:ablockalypse"],"picked":"KratosMod:blades","floor":33.0},{"not_picked":["KratosMod:ShieldBash+1","KratosMod:Endure","KratosMod:Tempor+1"],"picked":"SKIP","floor":35.0},{"not_picked":["KratosMod:Roll+1","KratosMod:ShieldBash+1","KratosMod:Tempor+1"],"picked":"SKIP","floor":38.0},{"not_picked":["KratosMod:rattle+1","KratosMod:Endure","KratosMod:clawsofhades"],"picked":"SKIP","floor":39.0},{"not_picked":["KratosMod:clawsofhades","KratosMod:BladeWhip","KratosMod:Endure+1"],"picked":"SKIP","floor":41.0},{"not_picked":["KratosMod:conjuresoul+1","KratosMod:settle","KratosMod:clawsofhades+1"],"picked":"SKIP","floor":42.0},{"not_picked":["KratosMod:rattle+1","KratosMod:clawsofhades+1","KratosMod:settle"],"picked":"SKIP","floor":44.0},{"not_picked":["KratosMod:ShieldBash","KratosMod:conjuresoul+1","KratosMod:Tempor+1"],"picked":"SKIP","floor":45.0},{"not_picked":["KratosMod:Endure","KratosMod:Roll","KratosMod:clawsofhades"],"picked":"SKIP","floor":47.0},{"not_picked":["KratosMod:Endure+1","KratosMod:rattle","KratosMod:SmashStone"],"picked":"SKIP","floor":48.0}],"player_experience":444506,"relics_obtained":[{"floor":6.0,"key":"Dream Catcher"},{"floor":9.0,"key":"construct:FoamFinger"},{"floor":11.0,"key":"Eternal Feather"},{"floor":23.0,"key":"Girya"},{"floor":26.0,"key":"Kunai"},{"floor":27.0,"key":"War Paint"},{"floor":29.0,"key":"beaked:ShinyBauble"},{"floor":30.0,"key":"Tiny Chest"},{"floor":34.0,"key":"Centennial Puzzle"},{"floor":34.0,"key":"White Beast Statue"},{"floor":34.0,"key":"Choco_Feather"},{"floor":41.0,"key":"Mango"},{"floor":42.0,"key":"PreservedInsect"},{"floor":43.0,"key":"hubris:PeanutButter"},{"floor":45.0,"key":"Toy Ornithopter"},{"floor":47.0,"key":"hubris:DuctTape"}],"event_choices":[{"damage_healed":0.0,"max_hp_gain":0.0,"max_hp_loss":0.0,"gold_gain":0.0,"event_name":"The Woman in Blue","player_choice":"Bought 1 Potion","floor":2.0,"gold_loss":0.0,"damage_taken":0.0},{"damage_healed":0.0,"max_hp_gain":0.0,"max_hp_loss":0.0,"gold_gain":0.0,"event_name":"FaceTrader","player_choice":"Trade","floor":13.0,"gold_loss":0.0,"damage_taken":0.0,"relics_obtained":["SsserpentHead"]},{"damage_healed":0.0,"max_hp_gain":0.0,"max_hp_loss":0.0,"gold_gain":0.0,"event_name":"Secret Garden","player_choice":"Choice 2","floor":20.0,"gold_loss":0.0,"damage_taken":0.0,"relics_obtained":["alterego_mod:SomeoneToFightFor"]},{"damage_healed":0.0,"max_hp_gain":0.0,"max_hp_loss":0.0,"gold_gain":100.0,"event_name":"Golden Shrine","player_choice":"Pray","floor":21.0,"gold_loss":0.0,"damage_taken":0.0},{"cards_removed":["KratosMod:Defend_K"],"damage_healed":0.0,"max_hp_gain":0.0,"max_hp_loss":0.0,"gold_gain":0.0,"event_name":"Falling","player_choice":"Removed Skill","floor":37.0,"gold_loss":0.0,"damage_taken":0.0}],"is_beta":false,"boss_relics":[{"not_picked":["Velvet Choker","Fusion Hammer"],"picked":"beaked:MawFillet"},{"not_picked":["Pandora\u0027s Box","Silver_Glasses"],"picked":"Calling Bell"}],"items_purged_floors":[],"is_endless":false,"potions_floor_spawned":[3,11,14,18,22,23,31,33,35,38,39,41,42,44,45,47,48],"ascension_level":0}}