{"host":"22s5scuj7mu87reg","time":1610549201,"event":{"mods":["BaseMod","Colored Powertips","Dota2Spire","Downfall","Duelist Mod","GungeonMod","Halation","Hubris","Koishi","KomeijiMod","Minty Spire (QoL Compilation)","Replay The Spire","StSLib","SuperFastMode","The Jungle","The Mystic","The Necromancer","Wandering Minibosses"],"gold_per_floor":[144,144,162,177,177,177,177],"floor_reached":6,"language":"POL","playtime":433,"items_purged":[],"score":36,"play_id":"c88b3418-644a-4325-860c-4254461bb3e3","local_time":"20210113154641","is_ascension_mode":false,"campfire_choices":[],"circlet_count":0,"master_deck":["theDuelist:BigEye+1","theDuelist:DoomkingBalerdroch+1","theDuelist:FossilDig+1","theDuelist:JerryBeansMan+1","theDuelist:NaturiaRock+1","theDuelist:RevendreadOrigin+1","theDuelist:ScrapFactory+1","theDuelist:SplashCapture+1","theDuelist:UmbralHorrorGhoul+1","theDuelist:ZombieMaster+1","theDuelist:VampireBaby","theDuelist:IslandTurtle+1","theDuelist:DarkMagician"],"relics":["theDuelist:MillenniumPuzzle","theDuelist:CardPoolRelic","theDuelist:CardPoolBasicRelic","theDuelist:BoosterPackPoolRelic","theDuelist:CardPoolAddRelic","theDuelist:CardPoolMinusRelic","theDuelist:CardPoolSaveRelic","theDuelist:CardPoolOptionsRelic","NeowsBlessing"],"acts_visited":["Exordium"],"potions_floor_usage":[],"damage_taken":[{"damage":0,"enemies":"2 Louse","floor":1,"turns":1},{"damage":10,"enemies":"Small Slimes","floor":3,"turns":2},{"damage":0,"enemies":"Jaw Worm","floor":4,"turns":1},{"damage":74,"enemies":"3 Sentries","floor":6,"turns":12}],"seed_played":"-286054974341832430","potions_obtained":[],"is_trial":false,"path_per_floor":["M","?","M","M","?","E"],"character_chosen":"THE_DUELIST","items_purchased":[],"campfire_rested":0,"item_purchase_floors":[],"current_hp_per_floor":[80,80,70,70,70,0,0],"gold":177,"neow_bonus":"THREE_ENEMY_KILL","is_daily":false,"chose_seed":false,"campfire_upgraded":0,"win_rate":0.0,"timestamp":1610549201,"path_taken":["M","?","M","M","?","E"],"items_purchased_type":[],"build_version":"2020-12-13","purchased_purges":0,"victory":false,"max_hp_per_floor":[80,80,80,80,80,80,80],"card_choices":[{"not_picked":["theDuelist:DrillBarnacle","theDuelist:RebornZombie","theDuelist:AncientGearFist","theDuelist:VolcanicEruption"],"picked":"theDuelist:VampireBaby","floor":1},{"not_picked":["theDuelist:FrontlineObserver","theDuelist:CyberEndDragon","theDuelist:BlazewingButterfly","theDuelist:GhostrickBreak"],"picked":"theDuelist:IslandTurtle","floor":3},{"not_picked":["theDuelist:FrontlineObserver","theDuelist:VampireBaby","theDuelist:TwinHeadedWolf","theDuelist:AncientGearFist"],"picked":"theDuelist:DarkMagician","floor":4}],"player_experience":84761,"relics_obtained":[],"event_choices":[{"damage_healed":0,"gold_gain":0,"player_choice":"Ignored","damage_taken":0,"max_hp_gain":0,"max_hp_loss":0,"event_name":"Liars Game","floor":2,"gold_loss":0}],"is_beta":false,"boss_relics":[],"items_purged_floors":[],"is_endless":false,"potions_floor_spawned":[],"killed_by":"3 Sentries","ascension_level":0}}