{"host":"sh8ot41fo7a0kahq","time":1610533359,"event":{"mods":["ATMod(°¢èªMod)","BaseMod","Better Third Choice","Colored Powertips","Displayed Cursed Tome","Minty Spire (QoL Compilation)","Quick Restart","Spicy Shops","StSLib","UnlockEverythingMod","¡¾ÒÅÎï¿¨ÅÆ¡¿REMEMod"],"gold_per_floor":[110,127,127,127,52,52,52,93,120,20,41,62,77,92,92,218,218,231,255,275,289,289,322,322,421,421,441,441,477,493,618,618,743,743,756,771,771,771,795,808,846,859,859,873,938,938,938],"floor_reached":46,"language":"ZHS","playtime":1337,"items_purged":["Pain","Strike_G"],"score":774,"play_id":"7ac311fb-d82f-4869-a567-7e720a483e05","local_time":"20210113182239","is_ascension_mode":true,"campfire_choices":[{"data":"REME_HeartOfCthun","floor":6.0,"key":"SMITH"},{"data":"AT_EmpoweredMortalDraw","floor":15.0,"key":"SMITH"},{"data":"REME_LeechingPoison","floor":24.0,"key":"SMITH"},{"data":"REME_ShadowForm","floor":32.0,"key":"SMITH"}],"circlet_count":0,"master_deck":["Strike_G","Strike_G","Strike_G","Defend_G","Defend_G","Defend_G+1","Defend_G","Defend_G","Survivor","Neutralize+1","AT_EmpoweredMortalDraw+1","REME_Flogging+1","REME_HeartOfCthun+1","Backflip","Adrenaline+1","AT_WindRun+1","Acrobatics","Acrobatics+1","REME_LeechingPoison+1","REME_ShadowForm+1","AT_ThistleTea+1","Venomology","Master of Strategy","REME_FirmDetermination","REME_HeartOfCthun","Tactician","REME_SpectralBlade","Blade Dance+1","Prepared+1"],"relics":["Ring of the Snake","AT_ATBox","REME_ComplimentaryCards","Golden Idol","Ancient Tea Set","MealTicket","Coffee Dripper","War Paint","Question Card","Shovel","Pantograph","REME_LowDesire","Toy Ornithopter","Snake Skull","REME_HandOfSuture","Bottled Lightning","Girya"],"acts_visited":["Exordium","TheCity","TheBeyond"],"potions_floor_usage":[40,45,45,45,46,46],"damage_taken":[{"damage":1.0,"enemies":"2 Louse","floor":1.0,"turns":1.0},{"damage":1.0,"enemies":"Jaw Worm","floor":2.0,"turns":2.0},{"damage":22.0,"enemies":"Lagavulin","floor":8.0,"turns":6.0},{"damage":0.0,"enemies":"Small Slimes","floor":11.0,"turns":1.0},{"damage":0.0,"enemies":"3 Louse","floor":12.0,"turns":1.0},{"damage":2.0,"enemies":"Red Slaver","floor":13.0,"turns":3.0},{"damage":0.0,"enemies":"Large Slime","floor":14.0,"turns":3.0},{"damage":21.0,"enemies":"The Guardian","floor":16.0,"turns":9.0},{"damage":0.0,"enemies":"Shell Parasite","floor":18.0,"turns":2.0},{"damage":7.0,"enemies":"Chosen","floor":19.0,"turns":3.0},{"damage":0.0,"enemies":"3 Cultists","floor":20.0,"turns":1.0},{"damage":8.0,"enemies":"Snecko","floor":21.0,"turns":3.0},{"damage":0.0,"enemies":"Gremlin Leader","floor":23.0,"turns":4.0},{"damage":8.0,"enemies":"Snake Plant","floor":27.0,"turns":3.0},{"damage":0.0,"enemies":"Slavers","floor":29.0,"turns":2.0},{"damage":0.0,"enemies":"Centurion and Healer","floor":30.0,"turns":2.0},{"damage":3.0,"enemies":"Colosseum Slavers","floor":31.0,"turns":2.0},{"damage":5.0,"enemies":"Colosseum Nobs","floor":31.0,"turns":3.0},{"damage":9.0,"enemies":"Collector","floor":33.0,"turns":4.0},{"damage":3.0,"enemies":"3 Darklings","floor":35.0,"turns":2.0},{"damage":2.0,"enemies":"Orb Walker","floor":36.0,"turns":3.0},{"damage":29.0,"enemies":"Maw","floor":39.0,"turns":8.0},{"damage":8,"enemies":"Writhing Mass","floor":40,"turns":3},{"damage":38,"enemies":"Reptomancer","floor":41,"turns":7},{"damage":22,"enemies":"Spire Growth","floor":42,"turns":3},{"damage":0,"enemies":"Jaw Worm Horde","floor":44,"turns":1},{"damage":87,"enemies":"Giant Head","floor":45,"turns":8},{"damage":23,"enemies":"Transient","floor":46,"turns":5}],"seed_played":"-3008789469078682276","potions_obtained":[{"floor":1.0,"key":"Dexterity Potion"},{"floor":13.0,"key":"DistilledChaos"},{"floor":14.0,"key":"Fruit Juice"},{"floor":19.0,"key":"LiquidBronze"},{"floor":38.0,"key":"DuplicationPotion"},{"floor":38.0,"key":"SkillPotion"},{"floor":40,"key":"PowerPotion"}],"is_trial":false,"path_per_floor":["M","M","?","?","$","R","?","E","T","$","M","M","M","M","R","B",null,"M","M","M","M","?","E","R","?","T","M","?","E","M","?","R","B",null,"M","M","?","?","M","M","E","M","T","M","E","M"],"character_chosen":"THE_SILENT","items_purchased":[],"campfire_rested":0,"item_purchase_floors":[],"current_hp_per_floor":[62,61,61,66,66,66,52,30,30,45,45,45,43,43,43,27,63,63,56,56,48,48,48,48,48,48,40,40,75,75,73,73,66,73,72,73,63,63,43,40,49,52,52,52,1,0,0],"gold":938,"neow_bonus":"RANDOM_COLORLESS_2","is_daily":false,"chose_seed":false,"campfire_upgraded":4,"win_rate":0.0,"timestamp":1610533359,"path_taken":["M","M","?","?","$","R","?","E","T","$","M","M","M","M","R","BOSS","M","M","M","M","?","E","R","?","T","M","?","E","?","?","R","BOSS","M","M","?","?","M","M","E","M","T","M","E","M"],"items_purchased_type":[],"build_version":"2020-12-22","purchased_purges":2,"victory":false,"max_hp_per_floor":[70,70,65,70,70,70,70,70,70,70,70,70,70,70,70,75,75,75,75,75,75,75,75,75,75,75,75,75,75,75,75,75,75,75,75,75,75,75,75,75,75,75,75,75,75,75,75],"card_choices":[{"not_picked":["AT_FamilyPortrait","Panache"],"picked":"REME_HeartOfCthun","floor":0.0},{"not_picked":["Dagger Spray","Outmaneuver","Bane"],"picked":"SKIP","floor":1.0},{"not_picked":["AT_TinkerSharpsword","Reflex","Dodge and Roll"],"picked":"SKIP","floor":2.0},{"not_picked":["Bane","Sucker Punch","Leg Sweep"],"picked":"SKIP","floor":8.0},{"not_picked":["Outmaneuver","All Out Attack","Dagger Throw"],"picked":"SKIP","floor":11.0},{"not_picked":["Dagger Spray","Leg Sweep"],"picked":"Backflip","floor":12.0},{"not_picked":["AT_TwilightShroud","Eviscerate","Deflect"],"picked":"SKIP","floor":13.0},{"not_picked":["AT_TinkerSharpsword","Dagger Spray","Outmaneuver"],"picked":"SKIP","floor":14.0},{"not_picked":["Night Terror","Phantasmal Killer"],"picked":"Adrenaline","floor":16.0},{"not_picked":["Backflip","Deflect+1"],"picked":"AT_WindRun+1","floor":18.0},{"not_picked":["Dodge and Roll","Dagger Spray+1"],"picked":"Acrobatics","floor":19.0},{"not_picked":["Crippling Poison","AT_TwilightShroud+1"],"picked":"Acrobatics+1","floor":20.0},{"not_picked":["Deadly Poison","Acrobatics+1","Dagger Throw"],"picked":"SKIP","floor":21.0},{"not_picked":["AT_FocusSwordFire","AT_WindFlip"],"picked":"REME_LeechingPoison","floor":23.0},{"not_picked":["PiercingWail+1","AT_ArcaneSupremacy","Distraction"],"picked":"SKIP","floor":27.0},{"not_picked":["Dagger Spray","Deadly Poison+1"],"picked":"REME_ShadowForm","floor":29.0},{"not_picked":["AT_TwilightShroud","Skewer","Escape Plan+1"],"picked":"AT_ThistleTea+1","floor":30.0},{"not_picked":["Burst","Wraith Form v2","Night Terror"],"picked":"Venomology","floor":33.0},{"not_picked":["Deflect","Cloak And Dagger+1","Sucker Punch","Setup","Violence"],"picked":"SKIP","floor":35.0},{"not_picked":["Well Laid Plans+1","Quick Slash","REME_ShadowStrike","Riddle With Holes","AT_CelerityRune+1"],"picked":"SKIP","floor":36.0},{"not_picked":["AT_TearsDenial","Metamorphosis","REME_TheoryOfElimination"],"picked":"Master of Strategy","floor":37.0},{"not_picked":["Mayhem","Jack Of All Trades","AT_PowerWithin"],"picked":"REME_FirmDetermination","floor":37.0},{"not_picked":["REME_PuzzleBox","Panache","Transmutation"],"picked":"REME_HeartOfCthun","floor":37.0},{"not_picked":["Flying Knee","Accuracy+1","AT_ShadowStep+1","Thinking Ahead"],"picked":"Tactician","floor":39.0},{"not_picked":["Dodge and Roll","All Out Attack","Deflect","Riddle With Holes","REME_BuildACard"],"picked":"SKIP","floor":40},{"not_picked":["PiercingWail+1","Outmaneuver","All Out Attack","Forethought"],"picked":"REME_SpectralBlade","floor":41},{"not_picked":["Deadly Poison+1","Dagger Throw+1","Dodge and Roll+1","AT_WindRun+1","Panache"],"picked":"SKIP","floor":42},{"not_picked":["AT_WindRun+1","PiercingWail+1","Tools of the Trade","REME_TheoryOfElimination+1"],"picked":"Blade Dance+1","floor":44},{"not_picked":["Poisoned Stab+1","Flying Knee+1","REME_LeechingPoison","Secret Weapon"],"picked":"Prepared+1","floor":45}],"player_experience":320608,"relics_obtained":[{"floor":8.0,"key":"Ancient Tea Set"},{"floor":9.0,"key":"MealTicket"},{"floor":23.0,"key":"War Paint"},{"floor":29.0,"key":"Question Card"},{"floor":31.0,"key":"Shovel"},{"floor":31.0,"key":"Pantograph"},{"floor":34.0,"key":"Toy Ornithopter"},{"floor":34.0,"key":"Snake Skull"},{"floor":41,"key":"REME_HandOfSuture"},{"floor":43,"key":"Bottled Lightning"},{"floor":45,"key":"Girya"}],"event_choices":[{"damage_healed":0.0,"max_hp_gain":0.0,"max_hp_loss":5.0,"gold_gain":0.0,"event_name":"Golden Idol","player_choice":"Lose Max HP","floor":3.0,"gold_loss":0.0,"damage_taken":0.0,"relics_obtained":["Golden Idol"]},{"damage_healed":0.0,"max_hp_gain":5.0,"max_hp_loss":0.0,"gold_gain":0.0,"event_name":"Big Fish","player_choice":"Donut","floor":4.0,"gold_loss":0.0,"damage_taken":0.0},{"damage_healed":66.0,"max_hp_gain":0.0,"max_hp_loss":70.0,"gold_gain":0.0,"event_name":"betterThird:BetterShining","player_choice":"Upgrade","floor":7.0,"gold_loss":0.0,"damage_taken":14.0,"cards_upgraded":["Neutralize","REME_Flogging"]},{"cards_removed":["Strike_G"],"damage_healed":0.0,"max_hp_gain":0.0,"max_hp_loss":0.0,"gold_gain":0.0,"event_name":"betterThird:BetterWriting","player_choice":"Elegance","floor":22.0,"gold_loss":0.0,"damage_taken":0.0},{"damage_healed":0.0,"max_hp_gain":0.0,"max_hp_loss":0.0,"gold_gain":99.0,"event_name":"betterThird:BetterNest","player_choice":"Steal","floor":25.0,"gold_loss":0.0,"damage_taken":0.0},{"damage_healed":0.0,"max_hp_gain":0.0,"max_hp_loss":0.0,"gold_gain":0.0,"event_name":"NoteForYourself","player_choice":"Ignored","floor":28.0,"gold_loss":0.0,"damage_taken":0.0},{"damage_healed":0.0,"max_hp_gain":0.0,"max_hp_loss":0.0,"gold_gain":0.0,"event_name":"Colosseum","player_choice":"Fight","floor":31.0,"gold_loss":0.0,"damage_taken":0.0},{"damage_healed":0.0,"max_hp_gain":0.0,"max_hp_loss":0.0,"gold_gain":0.0,"event_name":"Colosseum","player_choice":"Fought Nobs","floor":31.0,"gold_loss":0.0,"damage_taken":0.0},{"damage_healed":0.0,"max_hp_gain":0.0,"max_hp_loss":0.0,"gold_gain":0.0,"event_name":"SensoryStone","player_choice":"Memory 3","floor":37.0,"gold_loss":0.0,"damage_taken":10.0},{"damage_healed":0.0,"max_hp_gain":0.0,"max_hp_loss":0.0,"gold_gain":0.0,"event_name":"Lab","player_choice":"Got Potions","floor":38.0,"gold_loss":0.0,"damage_taken":0.0}],"is_beta":false,"boss_relics":[{"not_picked":["SacredBark","Busted Crown"],"picked":"Coffee Dripper"},{"not_picked":["Snecko Eye","Black Star"],"picked":"REME_LowDesire"}],"items_purged_floors":[5,10],"is_endless":false,"potions_floor_spawned":[1,13,14,19,21,29,30,31,40,42,44],"killed_by":"Transient","ascension_level":6}}