{"host":"1a3cjta80tad0aqj","time":1610537122,"event":{"mods":["2.2 Compatiblity","AchievementEnabler","BaseMod","Colored Map","DeckTracker","KOR Keyword Fix","Keyboard Shortcuts","Minty Spire (QoL Compilation)","Permanent Neow","Quick Restart","Random Character Button","StSLib","SuperFastMode","everything is the same but u backflip on backflip"],"gold_per_floor":[119,119,119,0,19,19,19],"floor_reached":6,"language":"KOR","playtime":203,"items_purged":[],"score":37,"play_id":"1f6aaed0-4a82-4e71-9f2a-c9ae8dfb458d","local_time":"20210113202522","is_ascension_mode":true,"campfire_choices":[],"circlet_count":0,"master_deck":["Strike_G","Strike_G","Strike_G","Strike_G","Strike_G","Defend_G","Defend_G","Defend_G","Defend_G","Survivor","Neutralize","Bullet Time","Cloak And Dagger","Accuracy","Deadly Poison"],"relics":["Ring of the Snake","Oddly Smooth Stone"],"acts_visited":["Exordium"],"potions_floor_usage":[],"damage_taken":[{"damage":23,"enemies":"Cultist","floor":1,"turns":8},{"damage":0,"enemies":"2 Louse","floor":5,"turns":3},{"damage":27,"enemies":"Lagavulin","floor":6,"turns":4}],"seed_played":"1131275809834416567","potions_obtained":[{"floor":1,"key":"BlessingOfTheForge"},{"floor":5,"key":"SpeedPotion"}],"is_trial":false,"path_per_floor":["M","?","?","$","M","E"],"character_chosen":"THE_SILENT","items_purchased":["Accuracy","SteroidPotion"],"campfire_rested":0,"item_purchase_floors":[4,4],"current_hp_per_floor":[26,19,19,19,19,0,0],"gold":19,"neow_bonus":"THREE_RARE_CARDS","is_daily":false,"chose_seed":false,"campfire_upgraded":0,"win_rate":0.0,"timestamp":1610537122,"path_taken":["M","?","?","$","M","E"],"items_purchased_type":["Card","Potion"],"build_version":"2020-12-22","purchased_purges":0,"victory":false,"max_hp_per_floor":[70,70,70,70,70,70,70],"card_choices":[{"not_picked":["Glass Knife","Venomology"],"picked":"Bullet Time","floor":0},{"not_picked":["All Out Attack","Dash"],"picked":"Cloak And Dagger","floor":1},{"not_picked":["Crippling Poison","Acrobatics"],"picked":"Deadly Poison","floor":5}],"player_experience":295832,"relics_obtained":[],"event_choices":[{"cards_removed":["Defend_G"],"damage_healed":0,"gold_gain":0,"player_choice":"Card Removal","damage_taken":7,"max_hp_gain":0,"max_hp_loss":0,"event_name":"Golden Wing","floor":2,"gold_loss":0},{"damage_healed":0,"gold_gain":0,"player_choice":"Gave Potion","damage_taken":0,"relics_obtained":["Oddly Smooth Stone"],"max_hp_gain":0,"max_hp_loss":0,"event_name":"WeMeetAgain","floor":3,"gold_loss":0}],"is_beta":false,"boss_relics":[],"items_purged_floors":[],"is_endless":false,"potions_floor_spawned":[1,5],"killed_by":"Lagavulin","ascension_level":2}}