{"host":"usrgk25etjl0nf5i","time":1610516046,"event":{"mods":["2.2 Compatiblity","BaseMod","Downfall","Hubris","Minty Spire (QoL Compilation)","StSLib","SuperFastMode"],"gold_per_floor":[349,359,359,359,372,372,417,417,214,228,243,104,29,57,73,174,174,24,24,34,134,134,167,167,167,167,198,0,0,10,35,48,147,147,147,157,207,217,217,545,545,212,212,212,239,456,505,535,545,545,545,577,195,195,195],"floor_reached":56,"language":"ENG","playtime":4201,"items_purged":["Slimebound:Defend_Slimebound","sneckomod:Bewildered","hubris:Envy"],"score":1742,"play_id":"f085558f-5f2e-4e57-b0e8-799b35124e3c","local_time":"20210112213406","is_ascension_mode":true,"campfire_choices":[{"data":"Slimebound:Split","floor":1,"key":"SMITH"},{"data":"Slimebound:CorrosiveSpit","floor":6,"key":"SMITH"},{"floor":13,"key":"RECALL"},{"data":"Slimebound:LevelUp","floor":18,"key":"SMITH"},{"data":"Slimebound:LeadByExample","floor":26,"key":"SMITH"},{"data":"Slimebound:SlimeBrawl","floor":35,"key":"SMITH"},{"data":"Slimebound:Darklings","floor":44,"key":"SMITH"},{"floor":54,"key":"REST"}],"circlet_count":0,"master_deck":["Slimebound:Strike_Slimebound","Slimebound:Strike_Slimebound","Slimebound:Tackle","Slimebound:Defend_Slimebound","Slimebound:Defend_Slimebound","Slimebound:Defend_Slimebound","Slimebound:Split+1","Slimebound:CorrosiveSpit+1","Slimebound:RejuvenatingLick","Slimebound:SplitAcid","Slimebound:OozeBath","Slimebound:LeadByExample+1","Slimebound:LevelUp+1","Slimebound:Recollect","Slimebound:AcidTongue","Slimebound:ServeAndProtect","Slimebound:LeechLife","Slimebound:SlimeBarrage","Slimebound:SlimeTap","Slimebound:Grow","Slimebound:ViciousTackle+1","Slimebound:MegaLick","Slimebound:RollThrough+1","Slimebound:SlimeBrawl+1","Slimebound:Grow","Slimebound:PrepareCrush","Slimebound:GoopSpray+1","Slimebound:Prepare+1","Slimebound:SplitAcid+1","Slimebound:RallyTheTroops","Clumsy","Slimebound:Darklings+1","Slimebound:Prepare","Slimebound:GoopTackle+1","Slimebound:SpikyOuterGoop","Slimebound:PressTheAttack+1","Slimebound:AcidTongue","Slimebound:LeadByExample","expansioncontent:Hexaburn"],"relics":["Slimebound:AbsorbEndCombat","Calipers","Spirit Poop","Membership Card","HornCleat","downfall:HeartBlessingBlue","Centennial Puzzle","hubris:HollowSoul","downfall:HeartBlessingRed","downfall:HeartBlessingGreen","Du-Vu Doll","Gremlin Horn","hubris:Reverence","Mummified Hand","InkBottle","Mercury Hourglass","hubris:Potato","hubris:Towel","Happy Flower","Cursed Key","Torii","Bag of Marbles","Old Coin","Regal Pillow","Slimebound:AggressiveSlimeRelic","hubris:SlimyHat","Unceasing Top","hubris:ToyBattleship","Oddly Smooth Stone","Boot","Akabeko","Sling"],"acts_visited":["Exordium","TheCity","TheBeyond","TheEnding"],"potions_floor_usage":[9,14,15,19,23,23,30,33,37,37,48,55,55,55],"damage_taken":[{"damage":10,"enemies":"Jaw Worm","floor":2,"turns":3},{"damage":14,"enemies":"Small Slimes","floor":5,"turns":3},{"damage":22,"enemies":"downfall:FleeingMerchant","floor":9,"turns":4},{"damage":21,"enemies":"Cultist","floor":10,"turns":3},{"damage":29,"enemies":"Blue Slaver","floor":11,"turns":3},{"damage":19,"enemies":"downfall:FleeingMerchant","floor":12,"turns":4},{"damage":19,"enemies":"Gremlin Nob","floor":14,"turns":4},{"damage":19,"enemies":"Gremlin Gang","floor":15,"turns":2},{"damage":51,"enemies":"downfall:Defect","floor":16,"turns":8},{"damage":0,"enemies":"3 Byrds","floor":19,"turns":1},{"damage":31,"enemies":"3 Cultists","floor":20,"turns":5},{"damage":19,"enemies":"downfall:Watcher","floor":21,"turns":7},{"damage":72,"enemies":"Book of Stabbing","floor":23,"turns":5},{"damage":18,"enemies":"Gremlin Leader","floor":27,"turns":4},{"damage":25,"enemies":"downfall:FleeingMerchant","floor":28,"turns":4},{"damage":0,"enemies":"Snake Plant","floor":30,"turns":3},{"damage":23,"enemies":"Slavers","floor":31,"turns":4},{"damage":10,"enemies":"Sentry and Sphere","floor":32,"turns":4},{"damage":40,"enemies":"downfall:Ironclad","floor":33,"turns":7},{"damage":21,"enemies":"3 Darklings","floor":36,"turns":4},{"damage":0,"enemies":"Mind Bloom Boss Battle","floor":37,"turns":3},{"damage":0,"enemies":"3 Shapes","floor":38,"turns":2},{"damage":73,"enemies":"Nemesis","floor":40,"turns":7},{"damage":0,"enemies":"downfall:FleeingMerchant","floor":46,"turns":3},{"damage":32,"enemies":"2 Orb Walkers","floor":47,"turns":2},{"damage":36,"enemies":"Giant Head","floor":48,"turns":7},{"damage":0,"enemies":"3 Darklings","floor":49,"turns":4},{"damage":36,"enemies":"downfall:Watcher","floor":50,"turns":8},{"damage":56,"enemies":"downfall:CharBossMerchant","floor":52,"turns":6},{"damage":44,"enemies":"downfall:NeowBoss","floor":55,"turns":19}],"seed_played":"-3371681337382759648","potions_obtained":[{"floor":5,"key":"LiquidBronze"},{"floor":10,"key":"PowerPotion"},{"floor":11,"key":"hexamod:EctoCoolerPotion"},{"floor":15,"key":"SmokeBomb"},{"floor":16,"key":"Slimebound:SlimedPotion"},{"floor":21,"key":"Slimebound:SlimedPotion"},{"floor":23,"key":"GamblersBrew"},{"floor":31,"key":"Dexterity Potion"},{"floor":33,"key":"Explosive Potion"},{"floor":36,"key":"AttackPotion"},{"floor":40,"key":"Slimebound:SlimyTonguePotion"},{"floor":47,"key":"Weak Potion"},{"floor":48,"key":"hexamod:EctoCoolerPotion"},{"floor":52,"key":"Swift Potion"}],"is_trial":false,"path_per_floor":["R","M","?","?","M","R","T","?","$","M","M","$","R","E","M","B",null,"R","M","M","?","?","E","T","?","R","E","$","?","M","E","M","B",null,"R","M","?","M","?","E","T","?","?","R","T","$","?","E","M","B",null,"E","$","R","B",null],"character_chosen":"SLIMEBOUND","items_purchased":["Membership Card","HornCleat","hubris:Potato","Slimebound:MegaLick","hubris:SlimyHat","Boot","Akabeko","Sling","Slimebound:LeadByExample","expansioncontent:Hexaburn","Strength Potion"],"campfire_rested":1,"item_purchase_floors":[9,12,28,28,46,53,53,53,53,53,53],"current_hp_per_floor":[54,56,56,56,56,56,56,56,54,53,44,45,55,56,53,28,60,60,60,53,70,70,30,30,30,30,40,45,45,70,66,70,59,67,67,70,70,70,70,17,17,79,79,79,79,79,78,46,79,68,76,46,46,79,47],"gold":195,"neow_bonus":"TWO_FIFTY_GOLD","is_daily":false,"chose_seed":false,"campfire_upgraded":6,"win_rate":0.0,"timestamp":1610516046,"path_taken":["R","M","?","?","?","R","T","?","$","?","M","$","R","E","M","BOSS","R","M","M","?","?","E","T","?","R","E","?","?","M","E","M","BOSS","R","M","?","M","?","E","T","?","?","R","?","?","?","E","M","BOSS","E","$","R","BOSS"],"items_purchased_type":["Relic","Relic","Relic","Card","Relic","Relic","Relic","Relic","Card","Card","Potion"],"build_version":"2020-12-22","purchased_purges":3,"victory":true,"max_hp_per_floor":[60,60,60,60,60,60,60,60,60,60,60,60,70,70,70,70,70,70,70,70,70,70,70,70,70,70,70,70,70,70,70,70,70,70,70,70,70,70,70,70,70,79,79,79,79,79,79,79,79,79,79,79,79,79,79],"card_choices":[{"not_picked":["Slimebound:ProtectTheBoss","Slimebound:DivideAndConquer"],"picked":"Slimebound:RejuvenatingLick","floor":2},{"not_picked":["Slimebound:Chomp","Slimebound:FinishingTackle"],"picked":"Slimebound:SplitAcid","floor":5},{"not_picked":["Slimebound:SlimeSpikes","Slimebound:SamplingLick"],"picked":"Slimebound:OozeBath","floor":9},{"not_picked":["Slimebound:FinishingTackle","Slimebound:Schlurp"],"picked":"Slimebound:LeadByExample","floor":10},{"not_picked":["Slimebound:SlimeBarrage","Slimebound:GrowthPunch"],"picked":"Slimebound:LevelUp","floor":11},{"not_picked":["Slimebound:SlimeSlap","Slimebound:LeechingTouch"],"picked":"Slimebound:Recollect","floor":12},{"not_picked":["Slimebound:RollThrough","Slimebound:SlimeBarrage"],"picked":"Slimebound:AcidTongue","floor":14},{"not_picked":["Slimebound:FlameTackle","Slimebound:FirmFortitude"],"picked":"Slimebound:ServeAndProtect","floor":15},{"not_picked":["Slimebound:RallyTheTroops","Slimebound:CheckThePlaybook"],"picked":"Slimebound:LeechLife","floor":16},{"not_picked":["Slimebound:LeechEnergy","Slimebound:PressTheAttack","Slimebound:LeechingTouch"],"picked":"SKIP","floor":20},{"not_picked":["Slimebound:ComboTackle","Slimebound:FormOfPuddle"],"picked":"Slimebound:SlimeBarrage","floor":21},{"not_picked":["Slimebound:FinishingTackle","Slimebound:ServeAndProtect+1"],"picked":"Slimebound:SlimeTap","floor":23},{"not_picked":["Slimebound:Grow","Slimebound:Dissolve+1"],"picked":"Slimebound:ViciousTackle+1","floor":27},{"not_picked":["Slimebound:SplitLeeching","Slimebound:ComboTackle","Slimebound:LeechingTouch"],"picked":"SKIP","floor":28},{"not_picked":["Slimebound:FormOfPuddle","Slimebound:LeechEnergy"],"picked":"Slimebound:RollThrough+1","floor":30},{"not_picked":["Slimebound:ProtectTheBoss+1","Slimebound:SplitLeeching"],"picked":"Slimebound:SlimeBrawl","floor":31},{"not_picked":["Slimebound:SlimeTap","Slimebound:ComboTackle"],"picked":"Slimebound:Grow","floor":32},{"not_picked":["Slimebound:MinionMaster","Slimebound:Overexert"],"picked":"Slimebound:PrepareCrush","floor":33},{"not_picked":["Slimebound:PressTheAttack+1","Slimebound:GrowthPunch+1"],"picked":"Slimebound:GoopSpray+1","floor":36},{"not_picked":["Slimebound:FlameTackle","Slimebound:ViciousTackle"],"picked":"Slimebound:Prepare+1","floor":37},{"not_picked":["Slimebound:GoopSpray","Slimebound:SplitLeeching"],"picked":"Slimebound:SplitAcid+1","floor":38},{"not_picked":["Slimebound:SplitAcid+1","Slimebound:SplitBruiser"],"picked":"Slimebound:RallyTheTroops","floor":40},{"not_picked":["Slimebound:ComboTackle+1","Slimebound:GoopTackle+1"],"picked":"Slimebound:Prepare","floor":46},{"not_picked":["Slimebound:RollThrough+1","Slimebound:FormOfPuddle"],"picked":"Slimebound:GoopTackle+1","floor":47},{"not_picked":["Slimebound:Schlurp","Slimebound:DivideAndConquer+1"],"picked":"Slimebound:SpikyOuterGoop","floor":48},{"not_picked":["Slimebound:Teamwork","Slimebound:ViciousTackle+1"],"picked":"Slimebound:PressTheAttack+1","floor":49},{"not_picked":["Slimebound:RollThrough","Slimebound:Recollect+1"],"picked":"Slimebound:AcidTongue","floor":52}],"player_experience":635186,"relics_obtained":[{"floor":14,"key":"Centennial Puzzle"},{"floor":21,"key":"Du-Vu Doll"},{"floor":21,"key":"Gremlin Horn"},{"floor":23,"key":"Mummified Hand"},{"floor":24,"key":"InkBottle"},{"floor":27,"key":"Mercury Hourglass"},{"floor":31,"key":"Happy Flower"},{"floor":37,"key":"Torii"},{"floor":39,"key":"Bag of Marbles"},{"floor":40,"key":"Old Coin"},{"floor":41,"key":"Regal Pillow"},{"floor":45,"key":"Slimebound:AggressiveSlimeRelic"},{"floor":47,"key":"Unceasing Top"},{"floor":48,"key":"hubris:ToyBattleship"},{"floor":52,"key":"Oddly Smooth Stone"}],"event_choices":[{"cards_removed":["Writhe"],"damage_healed":0,"gold_gain":0,"player_choice":"Offered Curse","damage_taken":0,"relics_obtained":["Spirit Poop"],"max_hp_gain":0,"max_hp_loss":0,"event_name":"Bonfire Elementals","floor":4,"gold_loss":0},{"cards_removed":["Slimebound:Strike_Slimebound"],"damage_healed":0,"gold_gain":0,"player_choice":"Purged","damage_taken":0,"max_hp_gain":0,"max_hp_loss":0,"event_name":"Purifier","floor":8,"gold_loss":0},{"damage_healed":0,"gold_gain":0,"player_choice":"Fight","damage_taken":0,"max_hp_gain":0,"max_hp_loss":0,"event_name":"Mysterious Sphere","floor":47,"gold_loss":0}],"is_beta":false,"boss_relics":[{"not_picked":["Velvet Choker","Snecko Eye"],"picked":"hubris:HollowSoul"},{"not_picked":["Coffee Dripper","Pandora\u0027s Box"],"picked":"Cursed Key"}],"items_purged_floors":[9,46,53],"is_endless":false,"potions_floor_spawned":[5,10,11,15,16,19,21,23,31,33,36,40,47,48,52],"ascension_level":8}}