{"host":"fjaupvxe7fzqrf4j","time":1610534047,"event":{"mods":["ATMod(°¢èªMod)","BaseMod","Minty Spire (QoL Compilation)","StSLib"],"gold_per_floor":[111,186,186,197,209,234,234,260,260,289,317,349,382,402,402,479,529,539,539,253,168,179,210,237,269,295,330,360,152,196,227,227,299,299,317,340,392,392,401,428,447,477,503,532,561,593,111,170,170,220,345,345,345,30,105,130],"floor_reached":57,"language":"ZHS","playtime":1545,"items_purged":["Consecrate+1","BowlingBash+1"],"score":4616,"play_id":"a750845b-b0c1-457f-99c3-88933d22deb8","local_time":"20210113183407","daily_mods":["SealedDeck","Heirloom","Time Dilation","Flight","Elite Swarm"],"is_ascension_mode":true,"campfire_choices":[{"data":"Tantrum","floor":7.0,"key":"SMITH"},{"data":"Scrawl","floor":15,"key":"SMITH"},{"floor":32,"key":"RECALL"},{"floor":49,"key":"REST"},{"floor":53,"key":"REST"}],"circlet_count":0,"master_deck":["AscendersBane","ClearTheMind+1","Halt+1","FlurryOfBlows+1","TalkToTheHand+1","Tantrum+1","WheelKick+1","Crescendo+1","EmptyMind+1","Adaptation+1","Scrawl+1","Scrawl+1","AT_ChampionStep+1","AT_ChampionStep+1","DeusExMachina+1","Ragnarok+1","SpiritShield+1","Omniscience+1","TalkToTheHand+1","Adaptation+1","InnerPeace+1","DevaForm+1","InnerPeace+1"],"relics":["HolyWater","AT_ATBox","Prayer Wheel","Eternal Feather","Unceasing Top","Molten Egg 2","Smiling Mask","AT_ForceNature","TeardropLocket","Akabeko","Tiny House","Toxic Egg 2","Art of War","Turnip","Yang","War Paint","CeramicFish","Thread and Needle","Lantern","Frozen Egg 2","Bag of Marbles","Mango","Gremlin Horn","AT_Kusabimaru","Bag of Preparation","PreservedInsect","Pocketwatch","AT_MibuBalloonWealth","TheAbacus","AT_ImmortalShieldbow","Dream Catcher","Bottled Flame","Ice Cream"],"acts_visited":["Exordium","TheCity","TheBeyond","TheEnding"],"potions_floor_usage":[56,56],"damage_taken":[{"damage":0.0,"enemies":"2 Louse","floor":1.0,"turns":2.0},{"damage":0.0,"enemies":"Cultist","floor":4.0,"turns":2.0},{"damage":0.0,"enemies":"Jaw Worm","floor":5.0,"turns":1.0},{"damage":7.0,"enemies":"3 Sentries","floor":6.0,"turns":3.0},{"damage":0.0,"enemies":"Gremlin Nob","floor":8.0,"turns":2.0},{"damage":4,"enemies":"3 Sentries","floor":10,"turns":3},{"damage":0,"enemies":"Lagavulin","floor":11,"turns":2},{"damage":0,"enemies":"Gremlin Nob","floor":12,"turns":2},{"damage":0,"enemies":"Lagavulin","floor":13,"turns":3},{"damage":0,"enemies":"Exordium Thugs","floor":14,"turns":1},{"damage":0,"enemies":"The Guardian","floor":16,"turns":2},{"damage":0,"enemies":"Chosen","floor":18,"turns":1},{"damage":0,"enemies":"Shell Parasite","floor":22,"turns":1},{"damage":0,"enemies":"Gremlin Leader","floor":23,"turns":1},{"damage":0,"enemies":"Slavers","floor":24,"turns":1},{"damage":0,"enemies":"Gremlin Leader","floor":25,"turns":2},{"damage":14,"enemies":"Slavers","floor":27,"turns":2},{"damage":0,"enemies":"Book of Stabbing","floor":28,"turns":2},{"damage":0,"enemies":"Slavers","floor":30,"turns":2},{"damage":0,"enemies":"Gremlin Leader","floor":31,"turns":1},{"damage":0,"enemies":"Collector","floor":33,"turns":1},{"damage":0,"enemies":"Orb Walker","floor":35,"turns":1},{"damage":0,"enemies":"3 Shapes","floor":36,"turns":1},{"damage":0,"enemies":"2 Orb Walkers","floor":37,"turns":1},{"damage":0,"enemies":"Nemesis","floor":40,"turns":1},{"damage":0,"enemies":"Transient","floor":41,"turns":1},{"damage":0,"enemies":"Reptomancer","floor":42,"turns":1},{"damage":0,"enemies":"Giant Head","floor":44,"turns":1},{"damage":0,"enemies":"Nemesis","floor":45,"turns":1},{"damage":0,"enemies":"Reptomancer","floor":46,"turns":1},{"damage":0,"enemies":"Nemesis","floor":48,"turns":1},{"damage":0,"enemies":"Donu and Deca","floor":50,"turns":1},{"damage":0,"enemies":"Awakened One","floor":51,"turns":3},{"damage":0,"enemies":"Shield and Spear","floor":55,"turns":2},{"damage":1,"enemies":"The Heart","floor":56,"turns":5}],"seed_played":"8281536819894039361","potions_obtained":[{"floor":5.0,"key":"PowerPotion"},{"floor":8.0,"key":"BottledMiracle"},{"floor":28,"key":"LiquidMemories"},{"floor":30,"key":"DuplicationPotion"}],"is_trial":true,"path_per_floor":["M","?","?","M","M","E","R","E","T","E","E","E","E","M","R","B",null,"M","?","$","?","M","E","E","E","T","E","E","$","E","E","R","B",null,"M","M","?","?","?","E","M","E","T","E","E","E","$","E","R","B","B",null,"R","$","E","B",null],"character_chosen":"WATCHER","items_purchased":["Toxic Egg 2","Lantern","TheAbacus","AT_ImmortalShieldbow","InnerPeace+1","Bottled Flame"],"campfire_rested":2,"item_purchase_floors":[20,29,47,47,54,54],"current_hp_per_floor":[61,50,55,55,55,48,54,54,54,50,50,50,50,50,59,59,71,71,50,50,50,50,50,50,50,50,36,36,36,36,36,48,48,71,71,71,85,85,85,85,85,85,85,85,85,85,85,85,92,92,92,92,92,92,92,91],"gold":130,"neow_bonus":"","is_daily":false,"chose_seed":false,"campfire_upgraded":2,"win_rate":0.0,"timestamp":1610534047,"path_taken":["M","?","?","M","M","E","R","E","T","E","E","E","E","M","R","BOSS","M","?","$","?","?","E","E","E","T","E","E","$","E","E","R","BOSS","M","M","?","?","?","E","?","E","T","E","E","E","$","E","R","BOSS","BOSS","R","$","E","BOSS"],"items_purchased_type":["Relic","Relic","Relic","Relic","Card","Relic"],"build_version":"2020-12-22","purchased_purges":2,"victory":true,"max_hp_per_floor":[68,68,68,68,68,68,68,68,68,68,68,68,68,68,68,68,73,73,78,78,78,78,78,78,78,78,78,78,78,78,78,78,78,78,78,78,92,92,92,92,92,92,92,92,92,92,92,92,92,92,92,92,92,92,92,92],"card_choices":[{"not_picked":["Crescendo","Wireheading"],"picked":"EmptyMind","floor":1.0},{"not_picked":["Halt","FlurryOfBlows","ReachHeaven"],"picked":"SKIP","floor":1.0},{"not_picked":["CrushJoints","Evaluate","Consecrate"],"picked":"SKIP","floor":4.0},{"not_picked":["Collect","EmptyFist","Study"],"picked":"SKIP","floor":4.0},{"not_picked":["Indignation","FlurryOfBlows"],"picked":"Adaptation","floor":5.0},{"not_picked":["CrushJoints","WheelKick","EmptyFist"],"picked":"SKIP","floor":5.0},{"not_picked":["Blasphemy","AT_MachinaRedman","MasterReality"],"picked":"SKIP","floor":6.0},{"not_picked":["Blasphemy","Judgement","Vault"],"picked":"SKIP","floor":8.0},{"not_picked":["Establishment","Scrawl"],"picked":"LessonLearned+1","floor":10},{"not_picked":["Vault","DevaForm"],"picked":"Scrawl","floor":11},{"not_picked":["Vault","Omniscience"],"picked":"Scrawl","floor":12},{"not_picked":["LessonLearned+1","DevaForm","SpiritShield"],"picked":"SKIP","floor":13},{"not_picked":["WheelKick+1","ClearTheMind","Study"],"picked":"SKIP","floor":14},{"not_picked":["Sanctity","Prostrate","PathToVictory"],"picked":"SKIP","floor":14},{"not_picked":["CutThroughFate+1","Halt"],"picked":"AT_ChampionStep","floor":18},{"not_picked":["AT_DivineConfetti+1","Crescendo","Swivel"],"picked":"SKIP","floor":18},{"not_picked":["Crescendo+1","SashWhip+1"],"picked":"AT_ChampionStep+1","floor":22},{"not_picked":["FlyingSleeves+1","Weave+1","CutThroughFate+1"],"picked":"SKIP","floor":22},{"not_picked":["AT_ChampionKick+1","AT_MachinaRedman+1"],"picked":"DeusExMachina+1","floor":23},{"not_picked":["DevaForm","AT_ChampionKick+1"],"picked":"Ragnarok+1","floor":24},{"not_picked":["Ragnarok+1","AT_RealColorLess","Devotion"],"picked":"SKIP","floor":25},{"not_picked":["AT_RealColorLess","SpiritShield+1","LessonLearned+1"],"picked":"SKIP","floor":27},{"not_picked":["AT_RealColorLess","LessonLearned+1"],"picked":"SpiritShield+1","floor":27},{"not_picked":["Establishment","Devotion","Wish+1"],"picked":"SKIP","floor":28},{"not_picked":["Establishment","Devotion","Wish+1"],"picked":"SKIP","floor":28},{"not_picked":["AT_MachinaRedman+1","Blasphemy+1"],"picked":"Omniscience+1","floor":30},{"not_picked":["Wish+1","Judgement+1","DeusExMachina+1"],"picked":"SKIP","floor":31},{"not_picked":["LikeWater+1","EmptyMind+1","BowlingBash+1"],"picked":"SKIP","floor":35},{"not_picked":["Consecrate+1","BattleHymn+1","PathToVictory+1"],"picked":"SKIP","floor":35},{"not_picked":["Wireheading+1","Vengeance+1"],"picked":"TalkToTheHand+1","floor":36},{"not_picked":["Wireheading+1","Protect+1","WreathOfFlame+1"],"picked":"SKIP","floor":36},{"not_picked":["SpiritShield+1","Blasphemy+1","ConjureBlade+1"],"picked":"SKIP","floor":40},{"not_picked":["Halt+1","JustLucky+1"],"picked":"InnerPeace+1","floor":41},{"not_picked":["Consecrate+1","SashWhip+1","Collect+1"],"picked":"SKIP","floor":41},{"not_picked":["AT_RealColorLess+1","Ragnarok+1","Devotion+1"],"picked":"SKIP","floor":42},{"not_picked":["Establishment+1","DeusExMachina+1","SpiritShield+1"],"picked":"SKIP","floor":44},{"not_picked":["Vault+1","AT_ChampionKick+1","AT_RealColorLess+1"],"picked":"SKIP","floor":45},{"not_picked":["Ragnarok+1","Judgement+1","MasterReality+1"],"picked":"SKIP","floor":46},{"not_picked":["Wish+1","SpiritShield+1"],"picked":"DevaForm+1","floor":48},{"not_picked":["MasterReality+1","DeusExMachina+1","Vault+1"],"picked":"SKIP","floor":55}],"player_experience":422483,"relics_obtained":[{"floor":6.0,"key":"Eternal Feather"},{"floor":8.0,"key":"Unceasing Top"},{"floor":9.0,"key":"Molten Egg 2"},{"floor":10,"key":"Smiling Mask"},{"floor":11,"key":"AT_ForceNature"},{"floor":12,"key":"TeardropLocket"},{"floor":13,"key":"Akabeko"},{"floor":23,"key":"Turnip"},{"floor":24,"key":"Yang"},{"floor":25,"key":"War Paint"},{"floor":27,"key":"CeramicFish"},{"floor":28,"key":"Thread and Needle"},{"floor":30,"key":"Frozen Egg 2"},{"floor":31,"key":"Bag of Marbles"},{"floor":37,"key":"Mango"},{"floor":40,"key":"Gremlin Horn"},{"floor":42,"key":"AT_Kusabimaru"},{"floor":43,"key":"Bag of Preparation"},{"floor":44,"key":"PreservedInsect"},{"floor":45,"key":"Pocketwatch"},{"floor":46,"key":"AT_MibuBalloonWealth"},{"floor":48,"key":"Dream Catcher"},{"floor":55,"key":"Ice Cream"}],"event_choices":[{"damage_healed":0.0,"max_hp_gain":0.0,"max_hp_loss":0.0,"gold_gain":75.0,"event_name":"World of Goop","player_choice":"Gather Gold","floor":2.0,"gold_loss":0.0,"damage_taken":11.0},{"cards_removed":["FollowUp"],"damage_healed":5.0,"max_hp_gain":0.0,"max_hp_loss":0.0,"gold_gain":0.0,"event_name":"Bonfire Elementals","player_choice":"Offered Common","floor":3.0,"gold_loss":0.0,"damage_taken":0.0},{"cards_removed":["FollowUp"],"damage_healed":5.0,"max_hp_gain":0.0,"max_hp_loss":0.0,"gold_gain":0.0,"event_name":"Bonfire Elementals","player_choice":"Offered Special","floor":3.0,"gold_loss":0.0,"damage_taken":0.0},{"damage_healed":0,"gold_gain":0,"player_choice":"Shed Blood","damage_taken":26,"max_hp_gain":5,"max_hp_loss":0,"event_name":"Forgotten Altar","floor":19,"gold_loss":0},{"damage_healed":0,"gold_gain":0,"player_choice":"Obtained Relic","damage_taken":0,"relics_obtained":["Art of War"],"max_hp_gain":0,"max_hp_loss":0,"event_name":"Addict","floor":21,"gold_loss":85},{"damage_healed":0,"gold_gain":0,"player_choice":"Fight","damage_taken":0,"max_hp_gain":0,"max_hp_loss":0,"event_name":"Mysterious Sphere","floor":37,"gold_loss":0},{"cards_removed":["LessonLearned"],"damage_healed":0,"gold_gain":0,"player_choice":"Removed Attack","damage_taken":0,"max_hp_gain":0,"max_hp_loss":0,"event_name":"Falling","floor":38,"gold_loss":0},{"damage_healed":0,"gold_gain":0,"player_choice":"Copied","damage_taken":0,"max_hp_gain":0,"max_hp_loss":0,"event_name":"Duplicator","floor":39,"gold_loss":0,"cards_obtained":["Adaptation"]}],"is_beta":false,"boss_relics":[{"not_picked":["AT_MortalBlade","Cursed Key"],"picked":"Tiny House"},{"not_picked":["Astrolabe","SlaversCollar"],"picked":"HolyWater"}],"items_purged_floors":[29,47],"is_endless":false,"potions_floor_spawned":[5,8,11,12,14,16,23,27,28,30,31,35,41,44,46],"ascension_level":20}}