{"host":"2fgwwnzqc97k7iys","time":1610497895,"event":{"mods":["BaseMod","Colored Map","Minty Spire (QoL Compilation)","Quick Restart","Relic Stats"],"gold_per_floor":[118,138,158,158,29,62,62,79,79,79,104,104,137,137,137,240,240,260,260,260,20,37,68,68,94,94,105,105,105,105,134,134,236,236,246,62,75,25,25,67,67,110,133,133,83,98,117,117,117,117,117,117,67,111,111,111],"floor_reached":55,"language":"ENG","playtime":4296,"items_purged":["Strike_P","Defend_P","Defend_P","Defend_P","Vigilance"],"score":1119,"play_id":"654f18d7-3142-4574-a445-8cbfee3906c1","local_time":"20210112183135","is_ascension_mode":true,"campfire_choices":[{"data":"Adaptation","floor":7.0,"key":"SMITH"},{"data":"TalkToTheHand","floor":10.0,"key":"SMITH"},{"data":"EmptyFist","floor":12.0,"key":"SMITH"},{"data":"Omniscience","floor":15.0,"key":"SMITH"},{"data":"MentalFortress","floor":28.0,"key":"SMITH"},{"floor":30.0,"key":"REST"},{"data":"DevaForm","floor":32,"key":"SMITH"},{"floor":44,"key":"RECALL"},{"data":"FlurryOfBlows","floor":49,"key":"SMITH"},{"data":"CutThroughFate","floor":52,"key":"SMITH"}],"circlet_count":0,"master_deck":["Wireheading","EmptyFist+1","TalkToTheHand+1","Adaptation+1","CutThroughFate","ClearTheMind","DevaForm+1","Omniscience+1","Perseverance+1","Establishment+1","InnerPeace+1","FlurryOfBlows+1","Fasting2","MentalFortress+1","InnerPeace","Study","DeusExMachina","Omniscience","CutThroughFate+1","Wallop+1","Madness","Madness","Crescendo","FlurryOfBlows+1","Worship+1"],"relics":["PureWater","Bird Faced Urn","Smiling Mask","Akabeko","Darkstone Periapt","Happy Flower","TeardropLocket","Astrolabe","TheAbacus","Mercury Hourglass","Lantern","Bottled Tornado","StoneCalendar","Sozu","CeramicFish","Bronze Scales","Art of War"],"acts_visited":["Exordium","TheCity","TheBeyond","TheEnding"],"potions_floor_usage":[55],"damage_taken":[{"damage":1.0,"enemies":"Small Slimes","floor":1.0,"turns":6.0},{"damage":3.0,"enemies":"2 Louse","floor":2.0,"turns":2.0},{"damage":0.0,"enemies":"Jaw Worm","floor":3.0,"turns":2.0},{"damage":0.0,"enemies":"Gremlin Nob","floor":6.0,"turns":2.0},{"damage":8.0,"enemies":"Large Slime","floor":8.0,"turns":4.0},{"damage":14.0,"enemies":"3 Sentries","floor":11.0,"turns":5.0},{"damage":15.0,"enemies":"Lagavulin","floor":13.0,"turns":3.0},{"damage":24.0,"enemies":"The Guardian","floor":16.0,"turns":8.0},{"damage":15.0,"enemies":"Spheric Guardian","floor":18.0,"turns":4.0},{"damage":0.0,"enemies":"2 Thieves","floor":20.0,"turns":1.0},{"damage":6.0,"enemies":"Centurion and Healer","floor":22.0,"turns":4.0},{"damage":46.0,"enemies":"Gremlin Leader","floor":23.0,"turns":6.0},{"damage":8.0,"enemies":"Slavers","floor":25.0,"turns":4.0},{"damage":0.0,"enemies":"3 Cultists","floor":27.0,"turns":3.0},{"damage":33.0,"enemies":"Book of Stabbing","floor":31.0,"turns":6.0},{"damage":16,"enemies":"Automaton","floor":33,"turns":6},{"damage":17,"enemies":"3 Shapes","floor":35,"turns":4},{"damage":19,"enemies":"3 Darklings","floor":37,"turns":4},{"damage":0,"enemies":"Giant Head","floor":40,"turns":5},{"damage":18,"enemies":"Nemesis","floor":42,"turns":7},{"damage":12,"enemies":"Maw","floor":46,"turns":5},{"damage":22,"enemies":"Sphere and 2 Shapes","floor":47,"turns":3},{"damage":32,"enemies":"Time Eater","floor":50,"turns":10},{"damage":44,"enemies":"Shield and Spear","floor":54,"turns":5},{"damage":88,"enemies":"The Heart","floor":55,"turns":3}],"seed_played":"-5272663755212405295","potions_obtained":[{"floor":1.0,"key":"FairyPotion"},{"floor":2.0,"key":"BottledMiracle"},{"floor":6.0,"key":"SmokeBomb"},{"floor":8.0,"key":"PowerPotion"},{"floor":22.0,"key":"SpeedPotion"},{"floor":23.0,"key":"EntropicBrew"},{"floor":27.0,"key":"BlessingOfTheForge"}],"is_trial":false,"path_per_floor":["M","M","M","?","$","E","R","M","T","R","E","R","E","?","R","B",null,"M","?","M","$","M","E","?","E","T","M","R","?","R","E","R","B",null,"M","$","M","$","?","E","?","E","T","R","$","M","M","?","R","B",null,"R","$","E","B"],"character_chosen":"WATCHER","items_purchased":["Adaptation","CutThroughFate","Fasting2","TheAbacus","Omniscience","CutThroughFate"],"campfire_rested":1,"item_purchase_floors":[5,5,21,21,36,36],"current_hp_per_floor":[46,43,43,43,43,45,45,41,41,41,33,33,22,15,15,22,60,51,38,38,38,44,10,10,10,10,20,20,20,43,20,20,18,62,61,61,54,54,44,62,62,60,60,60,60,64,59,59,59,43,69,69,69,41,0,0],"gold":111,"neow_bonus":"ONE_RARE_RELIC","is_daily":false,"chose_seed":false,"campfire_upgraded":8,"win_rate":0.0,"timestamp":1610497895,"path_taken":["M","M","M","?","$","E","R","M","T","R","E","R","E","?","R","BOSS","M","?","M","?","M","E","?","E","T","?","R","?","R","E","R","BOSS","M","$","M","?","?","E","?","E","T","R","$","M","M","?","R","BOSS","R","$","E","BOSS"],"items_purchased_type":["Card","Card","Card","Relic","Card","Card"],"build_version":"2020-12-22","purchased_purges":5,"victory":false,"max_hp_per_floor":[72,72,72,72,72,72,72,72,72,72,72,72,72,72,72,72,72,72,77,77,77,77,77,77,77,77,77,77,77,77,77,77,77,77,77,77,77,77,77,77,77,77,77,77,77,77,77,77,77,77,77,77,77,77,77,77],"relic_stats":{"Darkstone Periapt":0,"Happy Flower":[29],"counters":[25,111],"Astrolabe":["Perseverance","Establishment","InnerPeace"],"CeramicFish":27,"StoneCalendar":[52],"Smiling Mask":375,"Mercury Hourglass":[252],"Sozu":2,"TheAbacus":[318],"Bird Faced Urn":[235],"Bronze Scales":[113],"Art of War":[0],"obtain_stats":[{"Darkstone Periapt":11,"Lantern":25,"Happy Flower":13,"Astrolabe":17,"CeramicFish":40,"StoneCalendar":31,"TeardropLocket":14,"Bottled Tornado":26,"Smiling Mask":6,"Akabeko":9,"Mercury Hourglass":23,"Sozu":34,"TheAbacus":21,"Bird Faced Urn":0,"Bronze Scales":42,"Art of War":54,"PureWater":0},{"Darkstone Periapt":6,"Lantern":13,"Happy Flower":7,"Astrolabe":8,"CeramicFish":19,"StoneCalendar":15,"TeardropLocket":7,"Bottled Tornado":13,"Smiling Mask":4,"Akabeko":5,"Mercury Hourglass":12,"Sozu":16,"TheAbacus":10,"Bird Faced Urn":0,"Bronze Scales":20,"Art of War":24,"PureWater":0},{"Darkstone Periapt":21,"Lantern":51,"Happy Flower":24,"Astrolabe":32,"CeramicFish":78,"StoneCalendar":59,"TeardropLocket":24,"Bottled Tornado":51,"Smiling Mask":12,"Akabeko":16,"Mercury Hourglass":47,"Sozu":65,"TheAbacus":37,"Bird Faced Urn":0,"Bronze Scales":85,"Art of War":108,"PureWater":0}]},"card_choices":[{"not_picked":["SignatureMove","EmptyFist"],"picked":"Wireheading","floor":1.0},{"not_picked":["ThirdEye","ReachHeaven"],"picked":"EmptyFist","floor":2.0},{"not_picked":["SignatureMove","FollowUp"],"picked":"TalkToTheHand","floor":3.0},{"not_picked":["WreathOfFlame","Wireheading","Prostrate"],"picked":"SKIP","floor":6.0},{"not_picked":["Protect","Prostrate"],"picked":"ClearTheMind","floor":8.0},{"not_picked":["Crescendo","ForeignInfluence"],"picked":"DevaForm","floor":11.0},{"not_picked":["EmptyFist","Sanctity"],"picked":"Omniscience","floor":13.0},{"not_picked":["SashWhip+1","CutThroughFate"],"picked":"FlurryOfBlows","floor":18.0},{"not_picked":["Indignation+1","CarveReality","Protect"],"picked":"SKIP","floor":22.0},{"not_picked":["SashWhip","Study"],"picked":"MentalFortress","floor":23.0},{"not_picked":["Alpha","JustLucky"],"picked":"InnerPeace","floor":25.0},{"not_picked":["PathToVictory","Halt","Protect+1"],"picked":"SKIP","floor":27.0},{"not_picked":["Blasphemy","InnerPeace+1","JustLucky"],"picked":"SKIP","floor":31.0},{"not_picked":["ConjureBlade","SpiritShield"],"picked":"DeusExMachina","floor":33},{"not_picked":["BowlingBash+1","Worship","ClearTheMind+1"],"picked":"SKIP","floor":35},{"not_picked":["BowlingBash+1","JustLucky+1"],"picked":"Wallop+1","floor":37},{"not_picked":["Halt+1","WindmillStrike"],"picked":"Crescendo","floor":40},{"not_picked":["CrushJoints+1","Wallop"],"picked":"FlurryOfBlows+1","floor":42},{"not_picked":["Pray+1","Conclude+1","DeceiveReality+1"],"picked":"SKIP","floor":46},{"not_picked":["Wireheading+1","SashWhip+1","Collect"],"picked":"SKIP","floor":47},{"not_picked":["Crescendo","Study+1"],"picked":"Worship+1","floor":54}],"player_experience":464325,"relics_obtained":[{"floor":6.0,"key":"Smiling Mask"},{"floor":9.0,"key":"Akabeko"},{"floor":11.0,"key":"Darkstone Periapt"},{"floor":13.0,"key":"Happy Flower"},{"floor":23.0,"key":"Mercury Hourglass"},{"floor":25.0,"key":"Lantern"},{"floor":26.0,"key":"Bottled Tornado"},{"floor":31.0,"key":"StoneCalendar"},{"floor":40,"key":"CeramicFish"},{"floor":42,"key":"Bronze Scales"},{"floor":54,"key":"Art of War"}],"event_choices":[{"damage_healed":0.0,"max_hp_gain":0.0,"max_hp_loss":0.0,"gold_gain":0.0,"event_name":"Living Wall","player_choice":"Grow","floor":4.0,"gold_loss":0.0,"damage_taken":0.0,"cards_upgraded":["Eruption"]},{"damage_healed":0.0,"max_hp_gain":0.0,"max_hp_loss":0.0,"gold_gain":0.0,"event_name":"Scrap Ooze","player_choice":"Success","floor":14.0,"gold_loss":0.0,"damage_taken":7.0,"relics_obtained":["TeardropLocket"]},{"damage_healed":0.0,"max_hp_gain":5.0,"max_hp_loss":0.0,"gold_gain":0.0,"event_name":"Forgotten Altar","player_choice":"Shed Blood","floor":19.0,"gold_loss":0.0,"damage_taken":18.0},{"damage_healed":0.0,"max_hp_gain":0.0,"max_hp_loss":0.0,"gold_gain":0.0,"event_name":"Cursed Tome","player_choice":"Ignored","floor":24.0,"gold_loss":0.0,"damage_taken":0.0},{"damage_healed":0.0,"max_hp_gain":0.0,"max_hp_loss":0.0,"gold_gain":0.0,"cards_transformed":["Strike_P"],"event_name":"Transmorgrifier","player_choice":"Transformed","floor":29.0,"gold_loss":0.0,"damage_taken":0.0,"cards_obtained":["Study"]},{"damage_healed":0,"gold_gain":0,"player_choice":"Embrace Madness","damage_taken":10,"max_hp_gain":0,"max_hp_loss":0,"event_name":"Winding Halls","floor":39,"gold_loss":0,"cards_obtained":["Madness","Madness"]},{"cards_removed":["Eruption"],"damage_healed":0,"gold_gain":0,"player_choice":"Removed Attack","damage_taken":0,"max_hp_gain":0,"max_hp_loss":0,"event_name":"Falling","floor":41,"gold_loss":0},{"damage_healed":0,"gold_gain":0,"player_choice":"Ignored","damage_taken":0,"max_hp_gain":0,"max_hp_loss":0,"event_name":"Tomb of Lord Red Mask","floor":48,"gold_loss":0}],"is_beta":false,"boss_relics":[{"not_picked":["Fusion Hammer","Black Star"],"picked":"Astrolabe"},{"not_picked":["Calling Bell","Busted Crown"],"picked":"Sozu"}],"items_purged_floors":[21,36,38,45,53],"is_endless":false,"potions_floor_spawned":[1,2,6,8,22,23,27,37,46],"killed_by":"The Heart","ascension_level":8}}