{"host":"nlowmoq7gy18n72d","time":1610563379,"event":{"mods":["BaseMod","Colored Powertips","Conspire","Downfall","Hermit","Highlight Path","Infinite Spire","Jorbs\u0027s Wanderer Trilogy","Minty Spire (QoL Compilation)","Replay The Spire","StSLib","The Cursed"],"gold_per_floor":[99,113,124,124,124,109,109,129,129,145,175,175,175,175,190,289,289,214,231,322,334,334,334,334,351,451,451,451,451],"floor_reached":27,"language":"ENG","playtime":863,"items_purged":[],"score":248,"play_id":"ec77d702-8032-4078-a497-1859dc207bbf","local_time":"20210113214259","is_ascension_mode":true,"campfire_choices":[{"data":"Slimebound:Split","floor":1,"key":"SMITH"},{"floor":9,"key":"RECALL"},{"data":"Slimebound:ViciousTackle","floor":18,"key":"SMITH"},{"data":"Slimebound:SamplingLick","floor":23,"key":"SMITH"}],"circlet_count":0,"master_deck":["Slimebound:Tackle","Slimebound:Defend_Slimebound","Slimebound:Defend_Slimebound","Slimebound:Defend_Slimebound","Slimebound:Defend_Slimebound","Slimebound:Split+1","Slimebound:CorrosiveSpit+1","Slimebound:ViciousTackle+1","Slimebound:SamplingLick+1","Slimebound:Prepare","Slimebound:SamplingLick+1","Slimebound:Replication","Slimebound:AcidTongue","Doubt","Slimebound:DouseInSlime","Slimebound:Recollect","Slimebound:AcidTongue","J.A.X.","Slimebound:GoopSpray","Slimebound:ForwardTackle","Slimebound:AcidTongue+1"],"relics":["Slimebound:AbsorbEndCombat","Replay:Baseball","Divine Protection","conspire:TopHat","Singing Bowl","Ring of Fury","Ring of Fangs","conspire:DeflatedDodgeball","SacredBark","downfall:HeartBlessingRed","infinitespire:Beetle Shell","Art of War","MutagenicStrength"],"acts_visited":["Exordium","TheCity"],"potions_floor_usage":[6,11,19,25,26],"damage_taken":[{"damage":11,"enemies":"Small Slimes","floor":2,"turns":3},{"damage":14,"enemies":"Cultist","floor":3,"turns":2},{"damage":14,"enemies":"downfall:FleeingMerchant","floor":6,"turns":4},{"damage":0,"enemies":"Jaw Worm","floor":8,"turns":2},{"damage":0,"enemies":"3 Louse","floor":10,"turns":2},{"damage":14,"enemies":"Replay:BlueRogue","floor":11,"turns":3},{"damage":3,"enemies":"Large Slime","floor":15,"turns":4},{"damage":31,"enemies":"downfall:Watcher","floor":16,"turns":6},{"damage":14,"enemies":"Shell Parasite","floor":19,"turns":4},{"damage":19,"enemies":"Spheric Guardian","floor":21,"turns":5},{"damage":16,"enemies":"3 Cultists","floor":25,"turns":5},{"damage":23,"enemies":"downfall:Augmenter","floor":26,"turns":6},{"damage":80,"enemies":"Slavers","floor":27,"turns":6}],"seed_played":"8650972494076499867","potions_obtained":[{"floor":3,"key":"champ:CounterPotion"},{"floor":10,"key":"SteroidPotion"},{"floor":16,"key":"SkillPotion"},{"floor":19,"key":"sneckomod:MuddlingPotion"},{"floor":21,"key":"Weak Potion"}],"is_trial":false,"path_per_floor":["R","M","M","?","?","$","T","M","R","M","E","?","T","?","M","B",null,"R","M","?","M","?","R","T","M","?","E"],"character_chosen":"SLIMEBOUND","items_purchased":[],"campfire_rested":0,"item_purchase_floors":[],"current_hp_per_floor":[60,57,55,52,52,54,54,60,60,60,54,54,54,54,62,46,62,62,62,64,60,60,60,60,63,68,0,0,0],"gold":451,"neow_bonus":"UPGRADE_CARD","is_daily":false,"chose_seed":false,"campfire_upgraded":3,"win_rate":0.0,"timestamp":1610563379,"path_taken":["R","M","M","?","?","$","T","?","R","?","E","?","?","?","M","BOSS","R","M","?","M","?","R","T","?","?","E"],"items_purchased_type":[],"build_version":"2020-12-22","purchased_purges":0,"victory":false,"max_hp_per_floor":[60,60,60,60,60,60,60,60,60,60,60,60,60,60,62,62,62,62,62,64,66,66,66,66,68,68,68,68,68],"card_choices":[{"not_picked":["Slimebound:SplitAcid","Slimebound:FinishingTackle"],"picked":"Slimebound:ViciousTackle","floor":2},{"not_picked":["Slimebound:SlimeSpikes","Slimebound:LeechingTouch"],"picked":"Slimebound:SamplingLick","floor":3},{"not_picked":["Slimebound:SlimeSpikes","Slimebound:PressTheAttack"],"picked":"Slimebound:Prepare","floor":6},{"not_picked":["Slimebound:PrepareCrush","Slimebound:GoopTackle"],"picked":"Slimebound:SamplingLick","floor":8},{"not_picked":["Slimebound:SplitAcid","Slimebound:Repurpose"],"picked":"Slimebound:Replication","floor":10},{"not_picked":["Slimebound:RollThrough","Slimebound:SlimeSpikes"],"picked":"Slimebound:AcidTongue","floor":11},{"not_picked":["Slimebound:SlimeSpikes","Slimebound:LeechEnergy","Slimebound:Schlurp"],"picked":"Singing Bowl","floor":15},{"not_picked":["Slimebound:MinionMaster","Slimebound:SlimeSlap"],"picked":"Slimebound:DouseInSlime","floor":16},{"not_picked":["Slimebound:GoopSpray","Slimebound:DivideAndConquer"],"picked":"Slimebound:Recollect","floor":19},{"not_picked":["Slimebound:ComboTackle","Slimebound:RollThrough"],"picked":"Slimebound:AcidTongue","floor":20},{"not_picked":["Slimebound:Dissolve+1","Slimebound:GrowthPunch","Slimebound:GoopTackle"],"picked":"Singing Bowl","floor":20},{"not_picked":["Slimebound:Dissolve","Slimebound:SlimeSpikes","Slimebound:GrowthPunch"],"picked":"Singing Bowl","floor":21},{"not_picked":["Slimebound:Prepare","Slimebound:LeechingTouch","Slimebound:SplitMire"],"picked":"Singing Bowl","floor":25},{"not_picked":[],"picked":"J.A.X.","floor":26},{"not_picked":["Slimebound:LeadByExample","Slimebound:LeechEnergy"],"picked":"Slimebound:AcidTongue+1","floor":26}],"player_experience":647504,"relics_obtained":[{"floor":5,"key":"Divine Protection"},{"floor":7,"key":"conspire:TopHat"},{"floor":11,"key":"Singing Bowl"},{"floor":12,"key":"Ring of Fury"},{"floor":12,"key":"Ring of Fangs"},{"floor":13,"key":"conspire:DeflatedDodgeball"},{"floor":20,"key":"infinitespire:Beetle Shell"},{"floor":24,"key":"Art of War"},{"floor":26,"key":"MutagenicStrength"}],"event_choices":[{"damage_healed":0,"gold_gain":0,"player_choice":"Success","damage_taken":3,"relics_obtained":["Replay:Baseball"],"max_hp_gain":0,"max_hp_loss":0,"event_name":"Scrap Ooze","floor":4,"gold_loss":0},{"damage_healed":0,"gold_gain":0,"player_choice":"Relic","damage_taken":0,"max_hp_gain":0,"max_hp_loss":0,"event_name":"Wheel of Change","floor":5,"gold_loss":0},{"damage_healed":0,"gold_gain":0,"player_choice":"Upgraded","damage_taken":0,"max_hp_gain":0,"max_hp_loss":0,"event_name":"Upgrade Shrine","floor":22,"gold_loss":0,"cards_upgraded":["Slimebound:SamplingLick"]}],"is_beta":false,"boss_relics":[{"not_picked":["Runic Dome","infinitespire:Cupcake"],"picked":"SacredBark"}],"items_purged_floors":[],"is_endless":false,"potions_floor_spawned":[3,10,16,19,21],"killed_by":"Slavers","ascension_level":1}}