{"host":"2nhpogk5xa0u9xre","time":1610543179,"event":{"mods":["Aspiration","BaseMod","Colored Powertips","Googly Eyes","Hubris","Infinite Spire","Minty Spire (QoL Compilation)","Rare Cards Sparkle","Replay The Spire","StSLib","The Construct","The Hayseed","The Hierophant","The Runesmith","The Senshi","everything is the same but u backflip on backflip"],"gold_per_floor":[109,109,125,143,160,160,173,173,224,238,263,279,308,357,357,459,459,472,489,568,568,587,587,603,603,603,603,603,619,619,335,335,438,438,453,503,235,250,262,262,281,281,281,38,0,11,24,53,53,53],"floor_reached":51,"language":"ENG","playtime":2590,"items_purged":[],"score":841,"play_id":"4b89b589-4a96-490d-8251-29df9b2b3953","local_time":"20210113080619","daily_mods":["SealedDeck"],"is_ascension_mode":false,"campfire_choices":[{"data":"Runesmith:Grindstone","floor":6,"key":"SMITH"},{"data":"Runesmith:UnstableHammer","floor":8,"key":"SMITH"},{"data":"Runesmith:LithiumIon","floor":15,"key":"SMITH"},{"data":"Runesmith:CreatorForm","floor":23,"key":"SMITH"},{"data":"infinitespire:Gouge","floor":25,"key":"SMITH"},{"data":"Runesmith:Grindstone","floor":27,"key":"SMITH"},{"data":"Runesmith:Permafrost","floor":32,"key":"SMITH"},{"data":"Runesmith:Supernova","floor":40,"key":"SMITH"},{"floor":49,"key":"REST"}],"circlet_count":0,"master_deck":["Runesmith:EnergizedChisel","Runesmith:HammerThrow","Runesmith:HeatedChisel","Runesmith:HeatExchange","Runesmith:ChiselStab","Runesmith:ChiselStab","Runesmith:BackupBattery","Runesmith:CraftVitae+1","Runesmith:CraftMagma","infinitespire:Gouge+1","Runesmith:CraftMagma","Runesmith:Grindstone+1","Runesmith:UnstableHammer+1","Runesmith:CraftProtectio","Runesmith:Grindstone+1","Runesmith:LithiumIon+1","Runesmith:CreatorForm+1","Runesmith:Discharge","Runesmith:HammerThrow","ReplayTheSpireMod:Splinters","Runesmith:HeatedChisel+1","Runesmith:FrozenChisel","Runesmith:ChaoticBlast+1","Runesmith:Attraction+1","Runesmith:CraftSpiculum","Runesmith:Permafrost+1","Runesmith:Firestorm","Runesmith:RuneHurl","Runesmith:CraftSpiculum","Runesmith:Supernova+1","Runesmith:ChiselStab+1","Runesmith:CraftIncendium+1","Runesmith:LithiumIon","Runesmith:Firewall","Runesmith:HeatedChisel+1","Runesmith:CraftMagma","Runesmith:Superposition+1","The Bomb+1","Runesmith:EarthShield","Runesmith:Firestorm","Runesmith:Grindstone+1","Runesmith:HeatExchange+1","Runesmith:RuneHurl+1"],"relics":["Runesmith:BrokenRuby","ReplayFunnel","theSenshi:SuperSailorFukuRelic","Snack Pack","aspiration:TomeofQuesting","Empty Cage","Boot","Happy Flower","DollysMirror","Painkiller Herb","Unceasing Top","Oddly Smooth Stone","Garlic","Guide Book","Red Mask","Counterbalance"],"acts_visited":["Exordium","TheCity","TheBeyond"],"potions_floor_usage":[7,10,11,24,24,33,33,46,48,50,50],"damage_taken":[{"damage":0,"enemies":"Cultist","floor":1,"turns":3},{"damage":4,"enemies":"Jaw Worm","floor":3,"turns":2},{"damage":0,"enemies":"Small Slimes","floor":4,"turns":2},{"damage":9,"enemies":"Blue Slaver","floor":5,"turns":2},{"damage":0,"enemies":"2 Fungi Beasts","floor":7,"turns":2},{"damage":4,"enemies":"Lots of Slimes","floor":10,"turns":2},{"damage":0,"enemies":"Gremlin Nob","floor":11,"turns":3},{"damage":0,"enemies":"Blue Slaver","floor":12,"turns":2},{"damage":0,"enemies":"Lagavulin","floor":13,"turns":4},{"damage":0,"enemies":"Fading Forest","floor":16,"turns":11},{"damage":0,"enemies":"Shell Parasite","floor":18,"turns":4},{"damage":0,"enemies":"3 Byrds","floor":19,"turns":4},{"damage":14,"enemies":"Snecko","floor":22,"turns":6},{"damage":17,"enemies":"3 Cultists","floor":24,"turns":5},{"damage":0,"enemies":"Centurion and Healer","floor":29,"turns":5},{"damage":47,"enemies":"hubris:MusketHawk","floor":33,"turns":8},{"damage":8,"enemies":"3 Shapes","floor":35,"turns":5},{"damage":0,"enemies":"Mind Bloom Boss Battle","floor":36,"turns":6},{"damage":0,"enemies":"Orb Walker","floor":38,"turns":3},{"damage":0,"enemies":"Spire Growth","floor":39,"turns":3},{"damage":47,"enemies":"Jaw Worm Horde","floor":41,"turns":4},{"damage":0,"enemies":"Sphere and 2 Shapes","floor":46,"turns":4},{"damage":10,"enemies":"Spire Growth","floor":47,"turns":4},{"damage":0,"enemies":"Nemesis","floor":48,"turns":5},{"damage":18,"enemies":"Awakened One","floor":50,"turns":8}],"seed_played":"4698798132789324583","potions_obtained":[{"floor":3,"key":"Elixir"},{"floor":4,"key":"DistilledChaos"},{"floor":5,"key":"LiquidBronze"},{"floor":10,"key":"Strength Potion"},{"floor":12,"key":"SteroidPotion"},{"floor":19,"key":"ColorlessPotion"},{"floor":21,"key":"Block Potion"},{"floor":21,"key":"Block Potion"},{"floor":24,"key":"Strength Potion"},{"floor":39,"key":"LiquidBronze"},{"floor":46,"key":"Venom Potion"},{"floor":47,"key":"FearPotion"},{"floor":48,"key":"ColorlessPotion"}],"is_trial":true,"path_per_floor":["M","?","M","M","M","R","M","R","T","M","E","M","E","T","R","B",null,"M","M","?","?","M","R","M","R","T","R","?","M","?","$","R","B",null,"?","?","T","?","?","T","?","?","T","T","?","?","?","E","T","B",null],"character_chosen":"RUNESMITH_CLASS","items_purchased":["Runesmith:Firestorm","Runesmith:RuneHurl","DollysMirror","Runesmith:LithiumIon","Oddly Smooth Stone","Runesmith:Firewall","Runesmith:EarthShield","Guide Book","Runesmith:Firestorm"],"campfire_rested":1,"item_purchase_floors":[31,31,31,37,37,37,44,44,44],"current_hp_per_floor":[70,53,49,49,40,40,40,40,40,36,36,36,36,36,36,56,70,70,70,70,70,56,56,45,45,45,45,45,51,51,51,51,8,70,64,68,68,70,70,70,27,27,27,27,27,29,23,27,48,40],"gold":53,"neow_bonus":"","is_daily":false,"chose_seed":false,"campfire_upgraded":8,"win_rate":0.0,"timestamp":1610543179,"path_taken":["M","?","M","M","M","R","M","R","T","M","E","M","E","?","R","BOSS","M","M","?","?","M","R","?","R","T","R","?","M","?","$","R","BOSS","?","?","T","?","?","T","?","?","T","?","?","?","?","E","T","BOSS"],"items_purchased_type":["Card","Card","Relic","Card","Relic","Card","Card","Relic","Card"],"build_version":"2020-12-22","purchased_purges":0,"victory":true,"max_hp_per_floor":[70,70,70,70,70,70,70,70,70,70,70,70,70,70,70,70,70,70,70,70,70,70,70,70,70,70,70,70,70,70,70,70,70,70,70,70,70,70,70,70,70,70,70,70,70,70,70,70,70,70],"card_choices":[{"not_picked":["Runesmith:Terraform","Runesmith:ShiftingStrike","Runesmith:Repurpose"],"picked":"SKIP","floor":1},{"not_picked":["hubris:InfiniteBlow+2","hubris:Rewind"],"picked":"infinitespire:Gouge","floor":2},{"not_picked":["Runesmith:Overpower","Runesmith:FieryHammer"],"picked":"Runesmith:Duplicate","floor":3},{"not_picked":["Runesmith:Terraform","Runesmith:RuneHurl"],"picked":"Runesmith:CraftMagma","floor":4},{"not_picked":["Runesmith:Retool","Runesmith:UnstableHammer"],"picked":"Runesmith:Grindstone","floor":5},{"not_picked":["Runesmith:EnergizedChisel","Runesmith:ChiselStab"],"picked":"Runesmith:UnstableHammer","floor":7},{"not_picked":["Runesmith:EnergizedChisel","Runesmith:Overpower"],"picked":"Runesmith:CraftProtectio","floor":10},{"not_picked":["Runesmith:FrozenChisel","Runesmith:MakeshiftArmor"],"picked":"Runesmith:Grindstone","floor":11},{"not_picked":["Runesmith:BackupBattery","Runesmith:MakeshiftArmor","Runesmith:Empowerment"],"picked":"SKIP","floor":12},{"not_picked":["Runesmith:Attraction","Runesmith:HeatExchange"],"picked":"Runesmith:LithiumIon","floor":13},{"not_picked":["Runesmith:CraftMedicinae","Runesmith:Duplicate"],"picked":"Runesmith:CreatorForm","floor":16},{"not_picked":["Runesmith:Augment+1","Runesmith:EnergizedChisel+1"],"picked":"Runesmith:Discharge","floor":18},{"not_picked":["Runesmith:Repurpose+1","Runesmith:NegativeSpace"],"picked":"Runesmith:HammerThrow","floor":19},{"not_picked":["Runesmith:ChiselStab","Runesmith:ChargedHammer"],"picked":"Runesmith:HeatedChisel+1","floor":20},{"not_picked":["Runesmith:RuneHurl","Runesmith:Overpower"],"picked":"Runesmith:FrozenChisel","floor":20},{"not_picked":["Runesmith:NanitesCloud","Runesmith:Electrocute"],"picked":"Runesmith:ChaoticBlast+1","floor":22},{"not_picked":["Runesmith:GoWithTheFlow","Runesmith:Superposition+1"],"picked":"Runesmith:Attraction+1","floor":24},{"not_picked":["Runesmith:Refine+1","Runesmith:CraftMagma"],"picked":"Runesmith:CraftSpiculum","floor":29},{"not_picked":["Runesmith:GrandSlam","Runesmith:Duplicate"],"picked":"Runesmith:Supernova","floor":33},{"not_picked":["Runesmith:HammerThrow","Runesmith:Discharge"],"picked":"Runesmith:ChiselStab+1","floor":35},{"not_picked":["Runesmith:EnergizedChisel+1","Runesmith:Prism"],"picked":"Runesmith:CraftIncendium+1","floor":36},{"not_picked":["Runesmith:ShiftingStrike","Runesmith:Repurpose+1"],"picked":"Runesmith:HeatedChisel+1","floor":38},{"not_picked":["Runesmith:Duplicate","Runesmith:StaticCage+1"],"picked":"Runesmith:CraftMagma","floor":39},{"not_picked":["Runesmith:StaticCage+1","Runesmith:NanitesCloud"],"picked":"Runesmith:Superposition+1","floor":41},{"not_picked":["Replay:Parry","Good Instincts"],"picked":"The Bomb","floor":42},{"not_picked":["Runesmith:ShiftingStrike+1","Runesmith:MakeshiftArmor+1"],"picked":"Runesmith:Grindstone+1","floor":46},{"not_picked":["Runesmith:Repurpose","Runesmith:Prism"],"picked":"Runesmith:HeatExchange+1","floor":47},{"not_picked":["Runesmith:PerfectChisel","Runesmith:EnergizedChisel+1"],"picked":"Runesmith:RuneHurl+1","floor":48}],"player_experience":242769,"relics_obtained":[{"floor":9,"key":"ReplayFunnel"},{"floor":11,"key":"theSenshi:SuperSailorFukuRelic"},{"floor":13,"key":"Snack Pack"},{"floor":14,"key":"aspiration:TomeofQuesting"},{"floor":20,"key":"Boot"},{"floor":26,"key":"Happy Flower"},{"floor":36,"key":"Unceasing Top"},{"floor":43,"key":"Garlic"},{"floor":48,"key":"Counterbalance"}],"event_choices":[{"damage_healed":0,"gold_gain":0,"player_choice":"Got Potions","damage_taken":0,"max_hp_gain":0,"max_hp_loss":0,"event_name":"Lab","floor":21,"gold_loss":0},{"damage_healed":0,"gold_gain":0,"player_choice":"Read","damage_taken":0,"max_hp_gain":0,"max_hp_loss":0,"event_name":"The Library","floor":30,"gold_loss":0,"cards_obtained":["Runesmith:Permafrost"]},{"damage_healed":0,"gold_gain":0,"player_choice":"Fight","damage_taken":0,"max_hp_gain":0,"max_hp_loss":0,"event_name":"MindBloom","floor":36,"gold_loss":0},{"damage_healed":0,"gold_gain":0,"player_choice":"Memory 1","damage_taken":0,"max_hp_gain":0,"max_hp_loss":0,"event_name":"SensoryStone","floor":42,"gold_loss":0},{"damage_healed":0,"gold_gain":0,"player_choice":"Paid","damage_taken":0,"relics_obtained":["Red Mask"],"max_hp_gain":0,"max_hp_loss":0,"event_name":"Tomb of Lord Red Mask","floor":45,"gold_loss":38}],"is_beta":false,"boss_relics":[{"not_picked":["construct:WeddingRing","Runesmith:PocketReactor"],"picked":"Empty Cage"},{"not_picked":["hubris:Stopwatch","Kintsugi"],"picked":"Painkiller Herb"}],"items_purged_floors":[],"is_endless":false,"potions_floor_spawned":[3,4,5,10,12,19,24,39,46,47,48],"ascension_level":0}}