{"host":"f0gpob8hq9vgebej","time":1610532312,"event":{"mods":["AchievementEnabler","BaseMod","Minty Spire (QoL Compilation)","Quick Restart","SuperFastMode"],"gold_per_floor":[310,116,127,127,141,157,157,177,193,193,213,233,261,106,125,125,226,226,244,264,164,175,50,50,70,90,116,116,129,129,129,148,148,252,252,267,284,284,13,13,46,46,66,93,73,90,107,117,129,129,129],"floor_reached":51,"language":"KOR","playtime":2658,"items_purged":["Strike_B","Strike_B","Strike_B","Defend_B"],"score":889,"play_id":"33ed23cb-00f7-421c-a226-e35b0d1f6428","local_time":"20210113190512","is_ascension_mode":true,"campfire_choices":[{"data":"Loop","floor":6.0,"key":"SMITH"},{"floor":15.0,"key":"REST"},{"data":"Creative AI","floor":23.0,"key":"SMITH"},{"data":"Buffer","floor":29.0,"key":"SMITH"},{"data":"Thunder Strike","floor":32.0,"key":"SMITH"},{"data":"Amplify","floor":41.0,"key":"SMITH"},{"floor":49.0,"key":"REST"}],"circlet_count":0,"master_deck":["Zap","Dualcast","Buffer+1","BootSequence","Loop+1","Ball Lightning","Chill","Creative AI+1","Turbo","Storm","Biased Cognition","Double Energy","Thunder Strike+1","Auto Shields","Amplify+1","Electrodynamics+1","Barrage+1","Defragment","Seek","Conserve Battery+1"],"relics":["Cracked Core","Akabeko","Bottled Lightning","Nuclear Battery","Lantern","Astrolabe","Regal Pillow","Boot"],"acts_visited":["Exordium","TheCity","TheBeyond"],"potions_floor_usage":[50,50],"damage_taken":[{"damage":7.0,"enemies":"Jaw Worm","floor":1.0,"turns":4.0},{"damage":0.0,"enemies":"Cultist","floor":2.0,"turns":4.0},{"damage":0.0,"enemies":"2 Louse","floor":4.0,"turns":2.0},{"damage":6.0,"enemies":"2 Fungi Beasts","floor":5.0,"turns":3.0},{"damage":3.0,"enemies":"3 Louse","floor":7.0,"turns":4.0},{"damage":2.0,"enemies":"Red Slaver","floor":8.0,"turns":3.0},{"damage":4.0,"enemies":"Looter","floor":10.0,"turns":3.0},{"damage":6.0,"enemies":"Lots of Slimes","floor":11.0,"turns":4.0},{"damage":8.0,"enemies":"Lagavulin","floor":12.0,"turns":6.0},{"damage":0.0,"enemies":"Red Slaver","floor":14.0,"turns":3.0},{"damage":13.0,"enemies":"The Guardian","floor":16.0,"turns":11.0},{"damage":0.0,"enemies":"Chosen","floor":18.0,"turns":4.0},{"damage":9.0,"enemies":"Shell Parasite","floor":19.0,"turns":5.0},{"damage":2.0,"enemies":"Cultist and Chosen","floor":21.0,"turns":5.0},{"damage":0.0,"enemies":"Centurion and Healer","floor":24.0,"turns":7.0},{"damage":0.0,"enemies":"Chosen and Byrds","floor":25.0,"turns":4.0},{"damage":5.0,"enemies":"Snecko","floor":28.0,"turns":3.0},{"damage":8.0,"enemies":"Colosseum Slavers","floor":30.0,"turns":5.0},{"damage":17.0,"enemies":"Shelled Parasite and Fungi","floor":31.0,"turns":6.0},{"damage":41.0,"enemies":"Champ","floor":33.0,"turns":8.0},{"damage":0.0,"enemies":"3 Shapes","floor":35.0,"turns":3.0},{"damage":0.0,"enemies":"3 Darklings","floor":36.0,"turns":2.0},{"damage":2.0,"enemies":"Writhing Mass","floor":39.0,"turns":2.0},{"damage":7.0,"enemies":"Nemesis","floor":40.0,"turns":5.0},{"damage":0.0,"enemies":"Transient","floor":42.0,"turns":5.0},{"damage":1.0,"enemies":"Jaw Worm Horde","floor":45.0,"turns":3.0},{"damage":22.0,"enemies":"Sphere and 2 Shapes","floor":46.0,"turns":4.0},{"damage":0.0,"enemies":"4 Shapes","floor":47.0,"turns":4.0},{"damage":15.0,"enemies":"Transient","floor":48.0,"turns":5.0},{"damage":37,"enemies":"Donu and Deca","floor":50,"turns":5}],"seed_played":"-4432365483648401368","potions_obtained":[{"floor":4.0,"key":"Explosive Potion"},{"floor":5.0,"key":"Weak Potion"},{"floor":7.0,"key":"EssenceOfSteel"},{"floor":24.0,"key":"FairyPotion"},{"floor":28.0,"key":"EntropicBrew"},{"floor":31.0,"key":"EssenceOfSteel"},{"floor":35.0,"key":"SmokeBomb"},{"floor":36.0,"key":"ColorlessPotion"},{"floor":44.0,"key":"Weak Potion"},{"floor":47.0,"key":"BlessingOfTheForge"},{"floor":48.0,"key":"Fire Potion"}],"is_trial":false,"path_per_floor":["M","M","?","M","M","R","M","M","T","M","M","E","$","M","R","B",null,"M","M","$","M","$","R","M","M","T","?","M","R","?","M","R","B",null,"M","M","?","$","M","E","R","M","T","?","M","M","M","M","R","B",null],"character_chosen":"DEFECT","items_purchased":["Storm","Defragment","PowerPotion"],"campfire_rested":2,"item_purchase_floors":[13,38,38],"current_hp_per_floor":[10,47,47,47,47,41,41,38,36,36,32,26,18,18,18,40,27,75,75,66,66,64,64,64,64,64,64,64,59,59,51,34,34,22,75,75,75,75,75,73,66,66,66,66,66,65,43,43,28,65,28],"gold":129,"neow_bonus":"THREE_RARE_CARDS","is_daily":false,"chose_seed":false,"campfire_upgraded":5,"win_rate":0.0,"timestamp":1610532312,"path_taken":["M","M","?","M","M","R","M","M","T","M","M","E","$","?","R","BOSS","M","M","$","M","$","R","M","M","T","?","M","R","?","M","R","BOSS","M","M","?","$","?","E","R","M","T","?","M","?","?","M","R","BOSS"],"items_purchased_type":["Card","Card","Potion"],"build_version":"2020-12-22","purchased_purges":4,"victory":true,"max_hp_per_floor":[68,75,75,75,75,75,75,75,75,75,75,75,75,75,75,75,75,75,75,75,75,75,75,75,75,75,75,75,75,75,75,75,75,75,75,75,75,75,75,75,75,75,75,75,75,75,75,75,75,75,75],"card_choices":[{"not_picked":["Reboot","Fission"],"picked":"Buffer","floor":0.0},{"not_picked":["Leap","Scrape"],"picked":"BootSequence","floor":1.0},{"not_picked":["Streamline","Sweeping Beam"],"picked":"Loop","floor":2.0},{"not_picked":["Force Field","Streamline"],"picked":"Ball Lightning","floor":4.0},{"not_picked":["Barrage","Ball Lightning"],"picked":"Chill","floor":5.0},{"not_picked":["Hologram","White Noise"],"picked":"Creative AI","floor":7.0},{"not_picked":["Stack","Fusion","BootSequence"],"picked":"SKIP","floor":8.0},{"not_picked":["Sunder","Ball Lightning","Go for the Eyes"],"picked":"SKIP","floor":10.0},{"not_picked":["Steam","Turbo","Hologram"],"picked":"SKIP","floor":11.0},{"not_picked":["Steam","Hologram"],"picked":"Turbo","floor":11.0},{"not_picked":["Leap","Blizzard","Go for the Eyes"],"picked":"SKIP","floor":12.0},{"not_picked":["Ball Lightning","Stack","Streamline"],"picked":"SKIP","floor":14.0},{"not_picked":["Core Surge","Meteor Strike"],"picked":"Biased Cognition","floor":16.0},{"not_picked":["Reinforced Body","Compile Driver","Redo"],"picked":"SKIP","floor":18.0},{"not_picked":["Rip and Tear","Beam Cell"],"picked":"Double Energy","floor":19.0},{"not_picked":["Cold Snap","Streamline","Coolheaded"],"picked":"SKIP","floor":21.0},{"not_picked":["Rebound","Compile Driver","Redo"],"picked":"SKIP","floor":24.0},{"not_picked":["Doom and Gloom","Steam","Barrage"],"picked":"SKIP","floor":25.0},{"not_picked":["Barrage+1","Ball Lightning"],"picked":"Auto Shields","floor":28.0},{"not_picked":["Compile Driver","Turbo","Stack"],"picked":"SKIP","floor":31.0},{"not_picked":["Buffer","Reboot"],"picked":"Amplify","floor":33.0},{"not_picked":["Leap+1","Go for the Eyes","Auto Shields"],"picked":"SKIP","floor":35.0},{"not_picked":["Ball Lightning+1","Stack","Rebound+1"],"picked":"SKIP","floor":36.0},{"not_picked":["Leap+1","Sweeping Beam+1"],"picked":"Seek","floor":40.0},{"not_picked":["Tempest+1","Compile Driver"],"picked":"Conserve Battery+1","floor":42.0},{"not_picked":["Leap+1","Cold Snap","Doom and Gloom"],"picked":"SKIP","floor":45.0},{"not_picked":["Turbo","Ball Lightning","Sweeping Beam+1"],"picked":"SKIP","floor":46.0},{"not_picked":["Thunder Strike","Steam+1","Genetic Algorithm+1"],"picked":"SKIP","floor":47.0},{"not_picked":["Leap","Conserve Battery","Coolheaded+1"],"picked":"SKIP","floor":48.0}],"player_experience":144752,"relics_obtained":[{"floor":9.0,"key":"Akabeko"},{"floor":12.0,"key":"Bottled Lightning"},{"floor":26.0,"key":"Lantern"},{"floor":40.0,"key":"Regal Pillow"},{"floor":43.0,"key":"Boot"}],"event_choices":[{"cards_removed":["Strike_B"],"damage_healed":0.0,"max_hp_gain":0.0,"max_hp_loss":0.0,"gold_gain":0.0,"event_name":"Purifier","player_choice":"Purged","floor":3.0,"gold_loss":0.0,"damage_taken":0.0},{"damage_healed":0.0,"max_hp_gain":0.0,"max_hp_loss":0.0,"gold_gain":0.0,"event_name":"The Library","player_choice":"Read","floor":27.0,"gold_loss":0.0,"damage_taken":0.0,"cards_obtained":["Thunder Strike"]},{"damage_healed":0.0,"max_hp_gain":0.0,"max_hp_loss":0.0,"gold_gain":0.0,"event_name":"Colosseum","player_choice":"Fight","floor":30.0,"gold_loss":0.0,"damage_taken":0.0},{"damage_healed":0.0,"max_hp_gain":0.0,"max_hp_loss":0.0,"gold_gain":0.0,"event_name":"Colosseum","player_choice":"Fled From Nobs","floor":30.0,"gold_loss":0.0,"damage_taken":0.0},{"cards_removed":["Sweeping Beam"],"damage_healed":0.0,"max_hp_gain":0.0,"max_hp_loss":0.0,"gold_gain":0.0,"event_name":"Purifier","player_choice":"Purged","floor":37.0,"gold_loss":0.0,"damage_taken":0.0},{"damage_healed":0.0,"max_hp_gain":0.0,"max_hp_loss":0.0,"gold_gain":0.0,"event_name":"The Woman in Blue","player_choice":"Bought 1 Potion","floor":44.0,"gold_loss":0.0,"damage_taken":0.0}],"is_beta":false,"boss_relics":[{"not_picked":["Philosopher\u0027s Stone","Snecko Eye"],"picked":"Nuclear Battery"},{"not_picked":["Runic Pyramid","Cursed Key"],"picked":"Astrolabe"}],"items_purged_floors":[13,20,22,38],"is_endless":false,"potions_floor_spawned":[4,5,7,11,14,19,24,28,31,35,36,39,47,48],"ascension_level":3}}