{"host":"9n6i2vl93jt4o42q","time":1610545213,"event":{"mods":["BaseMod","Minty Spire (QoL Compilation)","Relic Stats"],"gold_per_floor":[114,128,128,146,146,180,180,180,180,207,207,222,297,627,627,706,706,718,729,729,742,191,191,191,219,242,255,255,9,9,28,28,28,28],"floor_reached":33,"language":"ENG","playtime":4775,"items_purged":["Strike_R"],"score":552,"play_id":"bc8a1a59-3088-4ff0-8063-1816b2f432ca","local_time":"20210113144013","is_ascension_mode":true,"campfire_choices":[{"data":"Armaments","floor":7.0,"key":"SMITH"},{"data":"Disarm","floor":11.0,"key":"SMITH"},{"floor":15.0,"key":"REST"},{"data":"Feel No Pain","floor":23.0,"key":"SMITH"},{"floor":28.0,"key":"REST"},{"data":"Shockwave","floor":32.0,"key":"SMITH"}],"circlet_count":0,"master_deck":["AscendersBane","Strike_R","Strike_R","Strike_R","Strike_R","Defend_R","Defend_R","Defend_R","Defend_R","Bash+1","Rage","Rampage+1","Armaments+1","Disarm+1","Headbutt","True Grit","Immolate","Flex+1","Body Slam","Shrug It Off","Feel No Pain+1","Decay","Intimidate","Reckless Charge+1","Burning Pact+1","Shrug It Off","Seeing Red+1","Shockwave+1","Anger","Disarm"],"relics":["Burning Blood","Ancient Tea Set","Shuriken","Paper Frog","CaptainsWheel","Old Coin","Velvet Choker","Bag of Preparation","Medical Kit","Happy Flower","Akabeko","Orrery"],"acts_visited":["Exordium","TheCity"],"potions_floor_usage":[33,33],"damage_taken":[{"damage":7.0,"enemies":"Jaw Worm","floor":1.0,"turns":3.0},{"damage":2.0,"enemies":"2 Louse","floor":2.0,"turns":3.0},{"damage":1.0,"enemies":"Cultist","floor":4.0,"turns":4.0},{"damage":32.0,"enemies":"Gremlin Nob","floor":6.0,"turns":4.0},{"damage":12.0,"enemies":"Lagavulin","floor":10.0,"turns":5.0},{"damage":1.0,"enemies":"Large Slime","floor":12.0,"turns":6.0},{"damage":10.0,"enemies":"3 Sentries","floor":14.0,"turns":10.0},{"damage":30.0,"enemies":"Hexaghost","floor":16.0,"turns":12.0},{"damage":2.0,"enemies":"Spheric Guardian","floor":18.0,"turns":4.0},{"damage":25.0,"enemies":"Shell Parasite","floor":19.0,"turns":5.0},{"damage":0.0,"enemies":"3 Cultists","floor":21.0,"turns":4.0},{"damage":11.0,"enemies":"Gremlin Leader","floor":25.0,"turns":4.0},{"damage":18.0,"enemies":"Centurion and Healer","floor":27.0,"turns":6.0},{"damage":5.0,"enemies":"Shelled Parasite and Fungi","floor":31.0,"turns":5.0},{"damage":65,"enemies":"Collector","floor":33,"turns":8}],"seed_played":"7546313578519482148","potions_obtained":[{"floor":1.0,"key":"Strength Potion"},{"floor":6.0,"key":"Energy Potion"},{"floor":10.0,"key":"PowerPotion"},{"floor":12.0,"key":"Block Potion"},{"floor":18.0,"key":"LiquidMemories"},{"floor":27.0,"key":"SneckoOil"}],"is_trial":false,"path_per_floor":["M","M","?","M","?","E","R","?","T","E","R","M","?","E","R","B",null,"M","M","?","M","$","R","?","E","T","M","R","$","?","M","R","B"],"character_chosen":"IRONCLAD","items_purchased":["Bag of Preparation","Shrug It Off","Feel No Pain","Medical Kit","Orrery","Disarm"],"campfire_rested":2,"item_purchase_floors":[22,22,22,22,29,29],"current_hp_per_floor":[67,71,71,75,57,31,31,31,31,25,25,30,19,15,37,13,60,64,45,45,51,51,51,51,46,46,34,56,56,56,57,57,0,0],"gold":28,"neow_bonus":"UPGRADE_CARD","is_daily":false,"chose_seed":false,"campfire_upgraded":4,"win_rate":0.0,"timestamp":1610545213,"path_taken":["M","M","?","M","?","E","R","?","T","E","R","?","?","E","R","BOSS","M","M","?","M","$","R","?","E","T","M","R","$","?","?","R","BOSS"],"items_purchased_type":["Relic","Card","Card","Relic","Relic","Card"],"build_version":"2020-12-22","purchased_purges":1,"victory":false,"max_hp_per_floor":[75,75,75,75,75,75,75,75,75,75,75,75,75,75,75,75,75,75,75,75,75,75,75,75,75,75,75,75,75,75,75,75,75,75],"relic_stats":{"Happy Flower":[6],"counters":[15,83],"Shuriken":[15],"Bag of Preparation":[8],"Medical Kit":[0],"obtain_stats":[{"CaptainsWheel":10,"Happy Flower":25,"Shuriken":6,"Velvet Choker":17,"Orrery":29,"Bag of Preparation":22,"Ancient Tea Set":5,"Medical Kit":22,"Burning Blood":0,"Akabeko":26,"Paper Frog":9,"Old Coin":14},{"CaptainsWheel":5,"Happy Flower":12,"Shuriken":4,"Velvet Choker":8,"Orrery":13,"Bag of Preparation":11,"Ancient Tea Set":3,"Medical Kit":11,"Burning Blood":0,"Akabeko":12,"Paper Frog":4,"Old Coin":7},{"CaptainsWheel":19,"Happy Flower":64,"Shuriken":14,"Velvet Choker":47,"Orrery":70,"Bag of Preparation":60,"Ancient Tea Set":10,"Medical Kit":60,"Burning Blood":0,"Akabeko":64,"Paper Frog":14,"Old Coin":35}],"Burning Blood":83},"card_choices":[{"not_picked":["Pummel","Perfected Strike"],"picked":"Rage","floor":1.0},{"not_picked":["Disarm","Fire Breathing"],"picked":"Rampage","floor":2.0},{"not_picked":["Clothesline","Twin Strike"],"picked":"Armaments","floor":4.0},{"not_picked":["Sentinel","Perfected Strike","Sword Boomerang"],"picked":"SKIP","floor":6.0},{"not_picked":["Feel No Pain","Demon Form"],"picked":"Disarm","floor":10.0},{"not_picked":["Thunderclap","Clothesline"],"picked":"Headbutt","floor":12.0},{"not_picked":["Armaments","Clash"],"picked":"True Grit","floor":14.0},{"not_picked":["Demon Form","Reaper"],"picked":"Immolate","floor":16.0},{"not_picked":["Hemokinesis","Headbutt"],"picked":"Flex+1","floor":18.0},{"not_picked":["Fire Breathing","Warcry"],"picked":"Body Slam","floor":19.0},{"not_picked":["Twin Strike","Body Slam","Dual Wield"],"picked":"SKIP","floor":21.0},{"not_picked":["Perfected Strike","Hemokinesis+1"],"picked":"Intimidate","floor":25.0},{"not_picked":["Heavy Blade","Twin Strike"],"picked":"Reckless Charge+1","floor":27.0},{"not_picked":["Cleave","Sentinel+1"],"picked":"Burning Pact+1","floor":29.0},{"not_picked":["Bloodletting","Flex"],"picked":"Shrug It Off","floor":29.0},{"not_picked":["Combust","Anger"],"picked":"Seeing Red","floor":29.0},{"not_picked":["Feed","Warcry"],"picked":"Shockwave","floor":29.0},{"not_picked":["Uppercut","Fiend Fire"],"picked":"Anger","floor":29.0},{"not_picked":["Shrug It Off","Body Slam","Combust+1"],"picked":"SKIP","floor":31.0}],"player_experience":2058494,"relics_obtained":[{"floor":6.0,"key":"Shuriken"},{"floor":9.0,"key":"Paper Frog"},{"floor":10.0,"key":"CaptainsWheel"},{"floor":14.0,"key":"Old Coin"},{"floor":25.0,"key":"Happy Flower"},{"floor":26.0,"key":"Akabeko"}],"event_choices":[{"damage_healed":0.0,"max_hp_gain":0.0,"max_hp_loss":0.0,"gold_gain":0.0,"event_name":"Liars Game","player_choice":"Ignored","floor":3.0,"gold_loss":0.0,"damage_taken":0.0},{"damage_healed":0.0,"max_hp_gain":0.0,"max_hp_loss":0.0,"gold_gain":0.0,"event_name":"Scrap Ooze","player_choice":"Success","floor":5.0,"gold_loss":0.0,"damage_taken":18.0,"relics_obtained":["Ancient Tea Set"]},{"damage_healed":0.0,"max_hp_gain":0.0,"max_hp_loss":0.0,"gold_gain":0.0,"event_name":"Accursed Blacksmith","player_choice":"Forge","floor":8.0,"gold_loss":0.0,"damage_taken":0.0,"cards_upgraded":["Rampage"]},{"damage_healed":0.0,"max_hp_gain":0.0,"max_hp_loss":0.0,"gold_gain":75.0,"event_name":"World of Goop","player_choice":"Gather Gold","floor":13.0,"gold_loss":0.0,"damage_taken":11.0},{"damage_healed":0.0,"max_hp_gain":0.0,"max_hp_loss":0.0,"gold_gain":0.0,"event_name":"Ghosts","player_choice":"Ignored","floor":20.0,"gold_loss":0.0,"damage_taken":0.0},{"damage_healed":0.0,"max_hp_gain":0.0,"max_hp_loss":0.0,"gold_gain":0.0,"event_name":"Forgotten Altar","player_choice":"Smashed Altar","floor":24.0,"gold_loss":0.0,"damage_taken":0.0,"cards_obtained":["Decay"]},{"damage_healed":0.0,"max_hp_gain":0.0,"max_hp_loss":0.0,"gold_gain":0.0,"event_name":"Upgrade Shrine","player_choice":"Upgraded","floor":30.0,"gold_loss":0.0,"damage_taken":0.0,"cards_upgraded":["Seeing Red"]}],"is_beta":false,"boss_relics":[{"not_picked":["Calling Bell","SlaversCollar"],"picked":"Velvet Choker"}],"items_purged_floors":[22],"is_endless":false,"potions_floor_spawned":[1,6,10,12,18,27],"killed_by":"Collector","ascension_level":19}}