{"host":"4rvakrj1idbgia3f","time":1610555787,"event":{"mods":["BaseMod","Colored Map","Colored Powertips","DeckTracker","Highlight Path","Minty Spire (QoL Compilation)","Random Character Button","StSLib"],"gold_per_floor":[111,131,143,143,143,178,178,189,189,217,217,7,7,23,23,23,23],"floor_reached":16,"language":"JPN","playtime":549,"items_purged":[],"score":220,"play_id":"58b0557e-97dd-4473-87e2-5cc667c6f97c","local_time":"20210114013627","is_ascension_mode":true,"campfire_choices":[{"data":"Corruption","floor":7.0,"key":"SMITH"},{"floor":11,"key":"REST"},{"data":"Apotheosis","floor":13,"key":"SMITH"},{"floor":15,"key":"REST"}],"circlet_count":0,"master_deck":["AscendersBane","Strike_R+1","Strike_R+1","Strike_R","Strike_R+1","Strike_R","Defend_R","Defend_R","Defend_R","Defend_R","Bash+1","Power Through","Perfected Strike+1","Metallicize","Corruption+1","Burning Pact","Apotheosis+1","Wild Strike"],"relics":["Burning Blood","Happy Flower","Sundial","Whetstone","Tiny Chest"],"acts_visited":["Exordium"],"potions_floor_usage":[10],"damage_taken":[{"damage":2.0,"enemies":"Jaw Worm","floor":1.0,"turns":3.0},{"damage":0.0,"enemies":"2 Louse","floor":2.0,"turns":2.0},{"damage":0.0,"enemies":"Small Slimes","floor":3.0,"turns":3.0},{"damage":19.0,"enemies":"Lagavulin","floor":6.0,"turns":6.0},{"damage":4.0,"enemies":"3 Louse","floor":8.0,"turns":4.0},{"damage":29,"enemies":"Gremlin Nob","floor":10,"turns":4},{"damage":12,"enemies":"Lots of Slimes","floor":14,"turns":5},{"damage":49,"enemies":"Slime Boss","floor":16,"turns":9}],"seed_played":"-4687432251419387436","potions_obtained":[{"floor":1.0,"key":"SpeedPotion"},{"floor":2.0,"key":"Dexterity Potion"},{"floor":8.0,"key":"DistilledChaos"},{"floor":14,"key":"Swift Potion"}],"is_trial":false,"path_per_floor":["M","M","M","?","?","E","R","M","T","E","R","$","R","M","R","B"],"character_chosen":"IRONCLAD","items_purchased":["Apotheosis"],"campfire_rested":2,"item_purchase_floors":[12],"current_hp_per_floor":[72,75,75,52,41,28,28,30,30,7,29,29,29,23,45,0,0],"gold":23,"neow_bonus":"UPGRADE_CARD","is_daily":false,"chose_seed":false,"campfire_upgraded":2,"win_rate":0.0,"timestamp":1610555787,"path_taken":["M","M","M","?","?","E","R","M","T","E","R","$","R","M","R","BOSS"],"items_purchased_type":["Card"],"build_version":"2020-12-22","purchased_purges":0,"victory":false,"max_hp_per_floor":[75,75,75,75,75,75,75,75,75,75,75,75,75,75,75,75,75],"card_choices":[{"not_picked":["Flex","Intimidate"],"picked":"Power Through","floor":1.0},{"not_picked":["Rupture","Anger"],"picked":"Perfected Strike","floor":2.0},{"not_picked":["Havoc","Rage"],"picked":"Metallicize","floor":3.0},{"not_picked":["Perfected Strike","Sentinel"],"picked":"Corruption","floor":6.0},{"not_picked":["Pummel","Clothesline","Havoc"],"picked":"SKIP","floor":8.0},{"not_picked":["Thunderclap","Anger"],"picked":"Burning Pact","floor":10},{"not_picked":["True Grit","Double Tap"],"picked":"Wild Strike","floor":14}],"player_experience":2020051,"relics_obtained":[{"floor":6.0,"key":"Sundial"},{"floor":9.0,"key":"Whetstone"},{"floor":10,"key":"Tiny Chest"}],"event_choices":[{"damage_healed":0.0,"max_hp_gain":0.0,"max_hp_loss":0.0,"gold_gain":0.0,"event_name":"Shining Light","player_choice":"Entered Light","floor":4.0,"gold_loss":0.0,"damage_taken":23.0,"cards_upgraded":["Perfected Strike","Strike_R"]},{"damage_healed":0.0,"max_hp_gain":0.0,"max_hp_loss":0.0,"gold_gain":0.0,"event_name":"Scrap Ooze","player_choice":"Success","floor":5.0,"gold_loss":0.0,"damage_taken":11.0,"relics_obtained":["Happy Flower"]}],"is_beta":false,"boss_relics":[],"items_purged_floors":[],"is_endless":false,"potions_floor_spawned":[1,2,8,14],"killed_by":"Slime Boss","ascension_level":20}}