{"host":"aaqofma31c3gm2hj","time":1610509509,"event":{"mods":["BaseMod","GungeonMod","Minty Spire (QoL Compilation)","Replay The Spire","Spicy Shops","StSLib"],"gold_per_floor":[116,133,133,133,17,17,51,68,68,97,110,137,37,37,37,70,70,145,145,160,210,52,52,72,105,119,119,166,176,195,195,229,229,229,303,303,346,410,410,410,60,60,60,60,60],"floor_reached":44,"language":"ZHS","playtime":873,"items_purged":["Defend_P","Defend_P","Shame"],"score":1244,"play_id":"d09b8eee-e685-4089-b1f4-8ed715e593e3","local_time":"20210113114509","is_ascension_mode":true,"campfire_choices":[{"data":"Eruption","floor":6.0,"key":"SMITH"},{"floor":27.0,"key":"REST"},{"data":"Ragnarok","floor":31.0,"key":"SMITH"},{"floor":42,"key":"RECALL"}],"circlet_count":0,"master_deck":["AscendersBane","Strike_P+1","Strike_P","Defend_P+1","Eruption+1","Vigilance","BowlingBash+1","DevaForm+1","FearNoEvil+1","Fasting2+1","FlurryOfBlows+1","Ragnarok+1","Omniscience+1","LessonLearned+1","Adaptation","TalkToTheHand","Omniscience+1","Wish","InnerPeace"],"relics":["PureWater","NeowsBlessing","Darkstone Periapt","Pet Ghost","Onion Ring","DemoMod:MeltedRock","Tiny Chest","Snecko Eye","ReplayFunnel","DemoMod:WeirdEgg","FaceOfCleric","Ring of Chaos","DemoMod:GlassGuonStoneRelic","Mirror","Incense Burner","OrangePellets"],"acts_visited":["Exordium","TheCity","TheBeyond"],"potions_floor_usage":[],"damage_taken":[{"damage":0.0,"enemies":"2 Louse","floor":1.0,"turns":2.0},{"damage":0.0,"enemies":"Cultist","floor":2.0,"turns":1.0},{"damage":0.0,"enemies":"Lagavulin","floor":7.0,"turns":1.0},{"damage":3.0,"enemies":"Small Slimes","floor":8.0,"turns":2.0},{"damage":16.0,"enemies":"Gremlin Nob","floor":10.0,"turns":3.0},{"damage":10.0,"enemies":"Looter","floor":11.0,"turns":2.0},{"damage":0.0,"enemies":"3 Sentries","floor":12.0,"turns":2.0},{"damage":0.0,"enemies":"Lagavulin","floor":16.0,"turns":2.0},{"damage":31.0,"enemies":"The Guardian","floor":18.0,"turns":6.0},{"damage":0.0,"enemies":"Chosen","floor":20.0,"turns":1.0},{"damage":0.0,"enemies":"2 Thieves","floor":24.0,"turns":1.0},{"damage":11.0,"enemies":"Slavers","floor":25.0,"turns":2.0},{"damage":0.0,"enemies":"Snecko","floor":26.0,"turns":3.0},{"damage":0.0,"enemies":"3 Cultists","floor":29.0,"turns":2.0},{"damage":0.0,"enemies":"Sentry and Sphere","floor":30.0,"turns":3.0},{"damage":0.0,"enemies":"Gremlin Leader","floor":32.0,"turns":2.0},{"damage":0.0,"enemies":"Automaton","floor":35.0,"turns":2.0},{"damage":0.0,"enemies":"3 Darklings","floor":37.0,"turns":4.0},{"damage":19,"enemies":"3 Shapes","floor":38,"turns":5},{"damage":0,"enemies":"Giant Head","floor":44,"turns":2}],"seed_played":"7268315919027021736","potions_obtained":[{"floor":8.0,"key":"Strength Potion"},{"floor":10.0,"key":"SteroidPotion"},{"floor":12.0,"key":"LiquidBronze"},{"floor":20.0,"key":"BottledMiracle"},{"floor":26.0,"key":"CultistPotion"},{"floor":32.0,"key":"LiquidMemories"},{"floor":37.0,"key":"LiquidMemories"}],"is_trial":false,"path_per_floor":["M","M","?","$","$","R","E","M","T","E","M","E","$","PTL","PTL","E","R","B",null,"M","?","$","?","M","E","M","R","T","M","M","R","E","?","R","B",null,"M","M","T","?","$","R","?","E"],"character_chosen":"WATCHER","items_purchased":["FearNoEvil","LessonLearned","Incense Burner","OrangePellets"],"campfire_rested":1,"item_purchase_floors":[5,22,41,41],"current_hp_per_floor":[61,61,61,61,61,61,61,58,58,42,32,32,32,32,32,32,52,21,56,56,56,56,56,56,45,45,65,65,65,65,65,65,65,65,66,68,69,51,51,51,57,57,57,57,57],"gold":60,"neow_bonus":"THREE_ENEMY_KILL","is_daily":false,"chose_seed":false,"campfire_upgraded":2,"win_rate":0.0,"timestamp":1610509509,"path_taken":["M","M","?","?","$","R","E","M","T","E","M","E","$","PTL","PTL","E","R","BOSS","M","?","$","?","M","E","M","R","T","M","M","R","E","?","R","BOSS","M","M","?","?","$","R","?","E"],"items_purchased_type":["Card","Card","Relic","Relic"],"build_version":"2020-12-22","purchased_purges":3,"victory":false,"max_hp_per_floor":[68,68,68,68,68,68,68,68,68,68,68,68,68,68,68,68,68,68,68,68,68,68,68,68,68,68,68,68,68,68,68,68,68,68,69,69,70,71,71,71,77,77,73,73,73],"card_choices":[{"not_picked":["Evaluate","PathToVictory","CrushJoints"],"picked":"SKIP","floor":1.0},{"not_picked":["Replay:AtTheReady","WreathOfFlame"],"picked":"BowlingBash","floor":2.0},{"not_picked":["ClearTheMind","PathToVictory"],"picked":"Fasting2","floor":7.0},{"not_picked":["Wireheading","FollowUp","ThirdEye"],"picked":"SKIP","floor":8.0},{"not_picked":["Pray","ClearTheMind"],"picked":"FlurryOfBlows","floor":10.0},{"not_picked":["FlyingSleeves","BattleHymn"],"picked":"Ragnarok","floor":11.0},{"not_picked":["Replay:Vibes","ConjureBlade","Crescendo"],"picked":"SKIP","floor":12.0},{"not_picked":["Consecrate","CutThroughFate","Weave"],"picked":"SKIP","floor":16.0},{"not_picked":["Replay:LoomingThreat","Brilliance"],"picked":"Omniscience","floor":18.0},{"not_picked":["Replay:DivineShield","Replay:ManipulateFuture","Replay:Cycle"],"picked":"SKIP","floor":20.0},{"not_picked":["FollowUp","JustLucky","EmptyFist"],"picked":"SKIP","floor":24.0},{"not_picked":["FlurryOfBlows","PathToVictory"],"picked":"Adaptation","floor":25.0},{"not_picked":["Replay:ManipulateFuture","Meditate","Wireheading"],"picked":"SKIP","floor":26.0},{"not_picked":["Evaluate","Crescendo+1","BattleHymn"],"picked":"SKIP","floor":29.0},{"not_picked":["CrushJoints","Protect","Crescendo"],"picked":"SKIP","floor":30.0},{"not_picked":["Replay:Battleflow","BowlingBash"],"picked":"TalkToTheHand","floor":32.0},{"not_picked":["MasterReality","DeusExMachina"],"picked":"Wish","floor":35.0},{"not_picked":["Protect","Evaluate"],"picked":"InnerPeace","floor":37.0},{"not_picked":["EmptyFist","Replay:Vibes","Replay:Hum"],"picked":"SKIP","floor":38}],"player_experience":590012,"relics_obtained":[{"floor":7.0,"key":"Darkstone Periapt"},{"floor":9.0,"key":"Pet Ghost"},{"floor":10.0,"key":"Onion Ring"},{"floor":12.0,"key":"DemoMod:MeltedRock"},{"floor":16.0,"key":"Tiny Chest"},{"floor":25.0,"key":"ReplayFunnel"},{"floor":32.0,"key":"DemoMod:WeirdEgg"},{"floor":39,"key":"Mirror"}],"event_choices":[{"damage_healed":0.0,"max_hp_gain":0.0,"max_hp_loss":0.0,"gold_gain":0.0,"event_name":"Match and Keep!","player_choice":"1 cards matched","floor":3.0,"gold_loss":0.0,"damage_taken":0.0,"cards_obtained":["DevaForm"]},{"damage_healed":0.0,"max_hp_gain":0.0,"max_hp_loss":0.0,"gold_gain":50.0,"event_name":"Nest","player_choice":"Stole From Cult","floor":21.0,"gold_loss":0.0,"damage_taken":0.0},{"cards_removed":["Strike_P"],"damage_healed":0.0,"max_hp_gain":0.0,"max_hp_loss":0.0,"gold_gain":0.0,"event_name":"Back to Basics","player_choice":"Elegance","floor":23.0,"gold_loss":0.0,"damage_taken":0.0},{"damage_healed":0.0,"max_hp_gain":0.0,"max_hp_loss":0.0,"gold_gain":0.0,"event_name":"FaceTrader","player_choice":"Trade","floor":33.0,"gold_loss":0.0,"damage_taken":0.0,"relics_obtained":["FaceOfCleric"]},{"cards_removed":["Defend_P"],"damage_healed":0,"gold_gain":0,"player_choice":"Removed Skill","damage_taken":0,"max_hp_gain":0,"max_hp_loss":0,"event_name":"Falling","floor":40,"gold_loss":0},{"damage_healed":0,"gold_gain":0,"player_choice":"Max HP","damage_taken":0,"max_hp_gain":0,"max_hp_loss":4,"event_name":"Winding Halls","floor":43,"gold_loss":0}],"is_beta":false,"boss_relics":[{"not_picked":["Replay:Grab Bag","Busted Crown"],"picked":"Snecko Eye"},{"not_picked":["Replay:Wanted Poster","Kintsugi"],"picked":"Ring of Chaos"}],"items_purged_floors":[5,13,41],"is_endless":false,"potions_floor_spawned":[8,10,12,20,26,32,37],"killed_by":"Giant Head","ascension_level":20}}