{"host":"m5bsg12zcyqnofur","time":1610513442,"event":{"mods":["AchievementEnabler","BaseMod","BetterRewards","Colored Powertips","Downfall","Hermit","Highlight Path","Minty Spire (QoL Compilation)","Quick Restart","Replay The Spire","Shop Mod","StSLib","The Bug Knight"],"gold_per_floor":[109,39,51,226,226,252,266,137,137,137,164,164,184,199,199,298,298,310,328,206,236,236,268,268,299,352,352,363,376,403,423,423,523,523,540,555,58,70,86,86,86,111,111,145,76,91,119,119,119,119,119,119,12,43,43],"floor_reached":56,"language":"ENG","playtime":4506,"items_purged":["Strike_G","Strike_G","Strike_G","Defend_G"],"score":1283,"play_id":"faf11cb6-6aab-4234-856d-ad666b9011d0","local_time":"20210112225042","is_ascension_mode":true,"campfire_choices":[{"data":"Accuracy","floor":10.0,"key":"SMITH"},{"floor":12.0,"key":"REST"},{"floor":15.0,"key":"REST"},{"data":"All Out Attack","floor":24.0,"key":"SMITH"},{"data":"Hidden Blade","floor":27.0,"key":"SMITH"},{"floor":32.0,"key":"REST"},{"data":"ReplayTheSpireMod:Scrap Shanks","floor":40,"key":"SMITH"},{"floor":49,"key":"RECALL"},{"data":"Neutralize","floor":52,"key":"SMITH"}],"circlet_count":0,"master_deck":["Strike_G","Strike_G+1","Defend_G","Defend_G","Defend_G","Defend_G","Survivor","Neutralize+1","Hidden Blade+1","Accuracy+1","Deflect+1","Concentrate+1","Prepared+1","Adrenaline+1","Blade Dance+1","Calculated Gamble+1","Quick Slash","Infinite Blades+1","All Out Attack+1","Acrobatics+1","Cloak And Dagger+1","Backstab+1","Blade Dance+1","Deflect+1","Escape Plan+1","Reflex+1","ReplayTheSpireMod:Scrap Shanks+1","Blade Dance+1","ReplayTheSpireMod:Shiv Toss+1","Accuracy+1","A Thousand Cuts+1"],"relics":["Ring of the Snake","Toxic Egg 2","HoveringKite","Red Mask","Shuriken","Kunai","Prayer Wheel","Black Star","Gremlin Horn","Bottled Tornado","HollowMod:StagPassRelic","Mango","MerchantsRug","HornCleat","HollowMod:LifeEnderRelic","Bronze Scales","Pocketwatch"],"acts_visited":["Exordium","TheCity","TheBeyond","TheEnding"],"potions_floor_usage":[55,55,55],"damage_taken":[{"damage":7.0,"enemies":"Jaw Worm","floor":1.0,"turns":7.0},{"damage":0.0,"enemies":"2 Louse","floor":3.0,"turns":2.0},{"damage":12.0,"enemies":"Replay:BlueRogue","floor":6.0,"turns":9.0},{"damage":0.0,"enemies":"Cultist","floor":7.0,"turns":4.0},{"damage":56.0,"enemies":"HollowMod:MossKnight","floor":11.0,"turns":21.0},{"damage":0.0,"enemies":"Gremlin Gang","floor":13.0,"turns":6.0},{"damage":0.0,"enemies":"3 Louse","floor":14.0,"turns":3.0},{"damage":26.0,"enemies":"Hexaghost","floor":16.0,"turns":11.0},{"damage":3.0,"enemies":"3 Byrds","floor":18.0,"turns":5.0},{"damage":1.0,"enemies":"Chosen","floor":19.0,"turns":3.0},{"damage":10.0,"enemies":"Masked Bandits","floor":21.0,"turns":3.0},{"damage":24.0,"enemies":"Replay:Snechameleon","floor":23.0,"turns":5.0},{"damage":2.0,"enemies":"Book of Stabbing","floor":25.0,"turns":3.0},{"damage":11.0,"enemies":"Shelled Parasite and Fungi","floor":28.0,"turns":3.0},{"damage":7.0,"enemies":"Snecko","floor":29.0,"turns":4.0},{"damage":10.0,"enemies":"Slavers","floor":30.0,"turns":4.0},{"damage":0.0,"enemies":"Centurion and Healer","floor":31.0,"turns":2.0},{"damage":8.0,"enemies":"Pondfish","floor":33.0,"turns":4.0},{"damage":0,"enemies":"Orb Walker","floor":35,"turns":2},{"damage":0,"enemies":"3 Shapes","floor":36,"turns":3},{"damage":4,"enemies":"Writhing Mass","floor":38,"turns":4},{"damage":0,"enemies":"3 Darklings","floor":39,"turns":2},{"damage":10,"enemies":"Reptomancer","floor":42,"turns":3},{"damage":7,"enemies":"Nemesis","floor":44,"turns":3},{"damage":12,"enemies":"Maw","floor":46,"turns":3},{"damage":0,"enemies":"Reptomancer","floor":47,"turns":2},{"damage":14,"enemies":"Replay:Hell Engine","floor":50,"turns":3},{"damage":0,"enemies":"Shield and Spear","floor":54,"turns":2},{"damage":55,"enemies":"The Heart","floor":55,"turns":5}],"seed_played":"6760110255798305055","potions_obtained":[{"floor":1.0,"key":"PowerPotion"},{"floor":11.0,"key":"SmokeBomb"},{"floor":13.0,"key":"Adrenaline Potion"},{"floor":14.0,"key":"sneckomod:MuddlingPotion"},{"floor":16.0,"key":"Death Potion"},{"floor":19.0,"key":"Milkshake"},{"floor":21.0,"key":"BlessingOfTheForge"},{"floor":28.0,"key":"Weak Potion"},{"floor":31.0,"key":"Venom Potion"},{"floor":36,"key":"champ:CounterPotion"},{"floor":38,"key":"SkillPotion"},{"floor":39,"key":"Toxic Potion"}],"is_trial":false,"path_per_floor":["M","$","M","?","?","E","M","$","T","R","E","R","M","M","R","B",null,"M","M","$","?","T","E","R","E","T","R","M","M","E","M","R","B",null,"M","M","$","M","M","R","$","E","T","E","$","M","E","?","R","B",null,"R","$","E","B",null],"character_chosen":"THE_SILENT","items_purchased":["Accuracy","Prepared+1","Infinite Blades+1","BargainBundle","ReplayTheSpireMod:Scrap Shanks","Gremlin Horn","Omamori","hexamod:EctoCoolerPotion","Strength Potion","MerchantsRug","Accuracy","PowerPotion","HollowMod:LifeEnderRelic"],"campfire_rested":3,"item_purchase_floors":[2,8,20,37,37,37,37,37,37,45,45,45,53],"current_hp_per_floor":[70,70,70,70,70,58,58,58,58,58,2,25,25,25,48,22,77,74,73,73,63,63,39,39,37,37,37,26,19,9,9,32,24,77,77,77,77,73,73,73,73,63,63,70,70,58,58,58,58,44,91,91,91,91,36],"gold":43,"neow_bonus":"TEN_PERCENT_HP_BONUS","is_daily":false,"chose_seed":false,"campfire_upgraded":5,"win_rate":0.0,"timestamp":1610513442,"path_taken":["M","$","M","?","?","E","M","$","T","R","E","R","M","M","R","BOSS","M","M","$","?","?","E","R","E","T","R","M","?","E","M","R","BOSS","M","M","$","M","?","R","$","E","T","E","$","M","E","?","R","BOSS","R","$","E","BOSS"],"items_purchased_type":["Card","Card","Card","Relic","Card","Relic","Relic","Potion","Potion","Relic","Card","Potion","Relic"],"build_version":"2020-12-22","purchased_purges":4,"victory":true,"max_hp_per_floor":[77,77,77,77,77,77,77,77,77,77,77,77,77,77,77,77,77,77,77,77,77,77,77,77,77,77,77,77,77,77,77,77,77,77,77,77,77,77,77,77,77,77,77,91,91,91,91,91,91,91,91,91,91,91,91],"card_choices":[{"not_picked":["Caltrops","Dagger Spray"],"picked":"Hidden Blade","floor":1.0},{"not_picked":["Flying Knee","Dagger Spray","Bane"],"picked":"SKIP","floor":3.0},{"not_picked":["Toxin Wave+1","Dagger Spray"],"picked":"Deflect+1","floor":6.0},{"not_picked":["Catalyst+1","Sneak Up+1"],"picked":"Concentrate+1","floor":7.0},{"not_picked":["Endless Agony","Slice"],"picked":"Adrenaline+1","floor":11.0},{"not_picked":["Footwork","Bane","Predator","Flying Knee"],"picked":"SKIP","floor":13.0},{"not_picked":["Hidden Blade+1","Dodge and Roll+1","Flechettes"],"picked":"Blade Dance+1","floor":14.0},{"not_picked":["Leg Sweep+1","PiercingWail+1","Dodge and Roll+1"],"picked":"Calculated Gamble+1","floor":18.0},{"not_picked":["Flying Knee","Deflect+1","Bane+1"],"picked":"Quick Slash","floor":19.0},{"not_picked":["Masterful Stab+1","Choke","Dagger Spray"],"picked":"All Out Attack","floor":21.0},{"not_picked":["Well Laid Plans","ReplayTheSpireMod:From All Sides","PiercingWail+1"],"picked":"Acrobatics+1","floor":23.0},{"not_picked":["Leg Sweep+1","Deflect+1","Dagger Throw"],"picked":"Cloak And Dagger+1","floor":25.0},{"not_picked":["Endless Agony+1","Crippling Poison+1","Slice+1"],"picked":"Backstab+1","floor":28.0},{"not_picked":["All Out Attack+1","Poisoned Stab+1","Quick Slash+1","Acrobatics+1"],"picked":"SKIP","floor":28.0},{"not_picked":["Bane","Dagger Spray","Backflip+1","Distraction+1"],"picked":"SKIP","floor":29.0},{"not_picked":["Finisher","Sneak Up+1","ReplayTheSpireMod:Tripwire+1","Terror+1"],"picked":"SKIP","floor":29.0},{"not_picked":["Escape Plan+1","Sucker Punch","Atom Bomb"],"picked":"Blade Dance+1","floor":30.0},{"not_picked":["ReplayTheSpireMod:Tripwire+1","Choke+1","Deflect+1","Outmaneuver+1"],"picked":"SKIP","floor":31.0},{"not_picked":["Poisoned Stab","Prepared+1","Flying Knee+1","Sucker Punch"],"picked":"SKIP","floor":31.0},{"not_picked":["Hidden Blade+1","Caltrops+1","Expertise+1"],"picked":"Deflect+1","floor":35},{"not_picked":["Eviscerate","Deadly Poison+1","Dash+1","Crippling Poison+1"],"picked":"SKIP","floor":35},{"not_picked":["Deflect+1","Replay:Poison Smokescreen+1","Dagger Throw+1"],"picked":"Escape Plan+1","floor":36},{"not_picked":["Footwork+1","Backflip+1","Deadly Poison+1"],"picked":"Reflex+1","floor":36},{"not_picked":["PiercingWail+1","Poisoned Stab+1","Dagger Throw+1"],"picked":"Blade Dance+1","floor":38},{"not_picked":["Prepared+1","Leg Sweep+1","Deadly Poison+1","Sucker Punch"],"picked":"SKIP","floor":38},{"not_picked":["PiercingWail+1","Endless Agony","Slice+1"],"picked":"ReplayTheSpireMod:Shiv Toss+1","floor":39},{"not_picked":["Masterful Stab","Finisher+1","Night Terror+1","Quick Slash"],"picked":"SKIP","floor":39},{"not_picked":["Masterful Stab","Finisher+1","Night Terror+1","Quick Slash"],"picked":"SKIP","floor":39},{"not_picked":["Deadly Poison+1","Skewer","Noxious Fumes","Infinite Blades"],"picked":"SKIP","floor":42},{"not_picked":["Catalyst+1","Bane+1","Eviscerate","Blade Dance+1"],"picked":"SKIP","floor":44},{"not_picked":["Cloak And Dagger+1","PiercingWail+1","Flying Knee+1","Acrobatics+1"],"picked":"SKIP","floor":46},{"not_picked":["Acrobatics+1","Bane","Underhanded Strike+1","Quick Slash"],"picked":"SKIP","floor":46},{"not_picked":["Distraction+1","Flying Knee+1","Outmaneuver+1"],"picked":"A Thousand Cuts","floor":47},{"not_picked":["Cloak And Dagger+1","Backflip+1","Dodge and Roll+1"],"picked":"SKIP","floor":54}],"player_experience":211727,"relics_obtained":[{"floor":6.0,"key":"Toxic Egg 2"},{"floor":9.0,"key":"The Courier"},{"floor":11.0,"key":"Question Card"},{"floor":21.0,"key":"Red Mask"},{"floor":22.0,"key":"Shuriken"},{"floor":23.0,"key":"Kunai"},{"floor":25.0,"key":"Prayer Wheel"},{"floor":30.0,"key":"Gremlin Food"},{"floor":42,"key":"Bottled Tornado"},{"floor":42,"key":"Snake Skull"},{"floor":43,"key":"Replay:Ringing Soul"},{"floor":44,"key":"HollowMod:StagPassRelic"},{"floor":44,"key":"Mango"},{"floor":47,"key":"MealTicket"},{"floor":47,"key":"HornCleat"},{"floor":54,"key":"Bronze Scales"},{"floor":54,"key":"Pocketwatch"}],"event_choices":[{"damage_healed":0.0,"max_hp_gain":0.0,"max_hp_loss":0.0,"gold_gain":175.0,"event_name":"Liars Game","player_choice":"AGREE","floor":4.0,"gold_loss":0.0,"damage_taken":0.0,"cards_obtained":["Doubt"]},{"cards_removed":["Doubt"],"damage_healed":0.0,"max_hp_gain":0.0,"max_hp_loss":0.0,"gold_gain":0.0,"event_name":"Living Wall","player_choice":"Forget","floor":5.0,"gold_loss":0.0,"damage_taken":0.0},{"damage_healed":0.0,"max_hp_gain":0.0,"max_hp_loss":0.0,"gold_gain":0.0,"event_name":"Masked Bandits","player_choice":"Fought Bandits","floor":21.0,"gold_loss":0.0,"damage_taken":0.0},{"damage_healed":0,"gold_gain":0,"player_choice":"Upgraded","damage_taken":0,"max_hp_gain":0,"max_hp_loss":0,"event_name":"Upgrade Shrine","floor":48,"gold_loss":0,"cards_upgraded":["A Thousand Cuts"]}],"is_beta":false,"boss_relics":[{"not_picked":["Sozu","Ring of the Serpent"],"picked":"HoveringKite"},{"not_picked":["Fusion Hammer","Empty Cage"],"picked":"Black Star"}],"items_purged_floors":[8,20,37,45],"is_endless":false,"potions_floor_spawned":[1,11,13,14,16,19,21,28,31,36,38,39,46,54],"ascension_level":3}}