{"host":"h4390p13uu6iw1q5","time":1610580316,"event":{"mods":["BaseMod","Colored Map","Minty Spire (QoL Compilation)"],"gold_per_floor":[114,1,1,13,32,32,59,11,11,11,39,39,59,59,59,179,179,179,179,179,179,179,179],"floor_reached":22,"language":"ENG","playtime":912,"items_purged":[],"score":404,"play_id":"aa88ac89-2d8e-4c94-94ee-5edb458c7224","local_time":"20210113182516","is_ascension_mode":true,"campfire_choices":[{"data":"Fusion","floor":6,"key":"SMITH"},{"data":"Buffer","floor":10,"key":"SMITH"},{"data":"Coolheaded","floor":12,"key":"SMITH"},{"data":"Darkness","floor":15,"key":"SMITH"}],"circlet_count":0,"master_deck":["AscendersBane","Strike_B","Strike_B","Strike_B","Strike_B","Defend_B","Defend_B","Defend_B","Defend_B","Zap","Dualcast","Rip and Tear","Loop","Darkness+1","Conserve Battery","Fusion+1","Buffer+1","Sweeping Beam","Coolheaded+1","Beam Cell","Echo Form","White Noise+1","Buffer+1","Ball Lightning"],"relics":["Cracked Core","Dead Branch","Art of War","Pantograph","Vajra","Golden Idol","Ectoplasm"],"acts_visited":["Exordium","TheCity"],"potions_floor_usage":[3,7,7,7,18,21,22],"damage_taken":[{"damage":2,"enemies":"Jaw Worm","floor":1,"turns":4},{"damage":0,"enemies":"Cultist","floor":4,"turns":3},{"damage":0,"enemies":"Small Slimes","floor":5,"turns":2},{"damage":33,"enemies":"3 Sentries","floor":7,"turns":6},{"damage":0,"enemies":"Lagavulin","floor":11,"turns":5},{"damage":4,"enemies":"Blue Slaver","floor":13,"turns":5},{"damage":0,"enemies":"Slime Boss","floor":16,"turns":6},{"damage":12,"enemies":"3 Byrds","floor":18,"turns":4},{"damage":5,"enemies":"Chosen","floor":20,"turns":5},{"damage":16,"enemies":"3 Cultists","floor":21,"turns":5},{"damage":36,"enemies":"Snake Plant","floor":22,"turns":2}],"seed_played":"6154607220662744249","potions_obtained":[{"floor":1,"key":"Swift Potion"},{"floor":3,"key":"Fruit Juice"},{"floor":3,"key":"Regen Potion"},{"floor":3,"key":"AttackPotion"},{"floor":11,"key":"GamblersBrew"},{"floor":13,"key":"PowerPotion"},{"floor":18,"key":"Regen Potion"},{"floor":21,"key":"PowerPotion"}],"is_trial":false,"path_per_floor":["M","$","?","M","M","R","E","$","T","R","E","R","M","?","R","B",null,"M","?","M","M","M"],"character_chosen":"DEFECT","items_purchased":["Loop","Darkness","Sweeping Beam"],"campfire_rested":0,"item_purchase_floors":[2,2,8],"current_hp_per_floor":[48,48,53,53,53,53,34,34,34,34,34,34,30,30,30,55,69,57,57,52,36,0,0],"gold":179,"neow_bonus":"ONE_RARE_RELIC","is_daily":false,"chose_seed":false,"campfire_upgraded":4,"win_rate":0.0,"timestamp":1610580316,"path_taken":["M","$","?","?","M","R","E","?","T","R","E","R","?","?","R","BOSS","M","?","M","?","M"],"items_purchased_type":["Card","Card","Card"],"build_version":"2020-12-22","purchased_purges":0,"victory":false,"max_hp_per_floor":[75,75,80,80,80,80,80,80,80,80,80,80,80,74,74,74,74,74,74,74,74,74,74],"card_choices":[{"not_picked":["Conserve Battery","Redo"],"picked":"Rip and Tear","floor":1},{"not_picked":["Gash","Glacier"],"picked":"Conserve Battery","floor":4},{"not_picked":["Sweeping Beam","Blizzard"],"picked":"Fusion","floor":5},{"not_picked":["Force Field","Hyperbeam"],"picked":"Buffer","floor":7},{"not_picked":["Hello World","Lockon"],"picked":"Coolheaded","floor":11},{"not_picked":["Streamline","Rip and Tear"],"picked":"Beam Cell","floor":13},{"not_picked":["Buffer","Seek"],"picked":"Echo Form","floor":16},{"not_picked":["Redo","Turbo"],"picked":"White Noise+1","floor":18},{"not_picked":["Steam","Leap"],"picked":"Ball Lightning","floor":20},{"not_picked":["Hello World+1","Rip and Tear","Conserve Battery"],"picked":"SKIP","floor":21}],"player_experience":2451174,"relics_obtained":[{"floor":7,"key":"Art of War"},{"floor":9,"key":"Pantograph"},{"floor":11,"key":"Vajra"}],"event_choices":[{"damage_healed":0,"gold_gain":0,"player_choice":"Got Potions","damage_taken":0,"max_hp_gain":0,"max_hp_loss":0,"event_name":"Lab","floor":3,"gold_loss":0},{"damage_healed":0,"gold_gain":0,"player_choice":"Lose Max HP","damage_taken":0,"relics_obtained":["Golden Idol"],"max_hp_gain":0,"max_hp_loss":6,"event_name":"Golden Idol","floor":14,"gold_loss":0},{"damage_healed":0,"gold_gain":0,"player_choice":"Copied","damage_taken":0,"max_hp_gain":0,"max_hp_loss":0,"event_name":"Duplicator","floor":19,"gold_loss":0,"cards_obtained":["Buffer"]}],"is_beta":false,"boss_relics":[{"not_picked":["FrozenCore","Velvet Choker"],"picked":"Ectoplasm"}],"items_purged_floors":[],"is_endless":false,"potions_floor_spawned":[1,4,11,13,18,21],"killed_by":"Snake Plant","ascension_level":10}}