{"host":"jpol0bbzretdyr3c","time":1610528729,"event":{"mods":["100% Spire Juice","Act Like it!","BaseMod","Colored Map","Downfall","Gensokyo","Googly Eyes","Hallownest","Koishi","Marisa????????","Minty Spire (QoL Compilation)","Remilia??????","Replay The Spire","StSLib","The Jungle","The Servant 0.9.4","Yuyuko"],"gold_per_floor":[109,129,109,109,125,35,35,15,15,28,48,68,84,97,97,202,82,94,94,112,144,154,60,75,86,86,115,115,129,8,26,26,122,122,142,152,169,169,187,187,204,204,204,218,218,237,237,255,255,255,255],"floor_reached":50,"language":"ENG","playtime":4493,"items_purged":[],"score":546,"play_id":"8d75788a-b599-49c1-a142-94e33079e44e","local_time":"20210113010529","is_ascension_mode":false,"campfire_choices":[{"floor":7.0,"key":"REST"},{"data":"Moonworks:RagingMadness","floor":15.0,"key":"SMITH"},{"data":"Moonworks:x16BigRocket","floor":28.0,"key":"SMITH"},{"data":"Moonworks:x16BigRocket+1","floor":32.0,"key":"SMITH"},{"data":"Moonworks:x16BigRocket+2","floor":40,"key":"SMITH"},{"data":"Moonworks:x16BigRocket+3","floor":42,"key":"SMITH"},{"data":"Moonworks:x16BigRocket+4","floor":45,"key":"SMITH"},{"data":"Moonworks:x16BigRocket+5","floor":47,"key":"SMITH"},{"data":"Moonworks:x16BigRocket+6","floor":49,"key":"SMITH"}],"circlet_count":0,"master_deck":["Moonworks:Strike","Moonworks:Strike","Moonworks:Strike","Moonworks:Strike","Moonworks:Defend","Moonworks:Defend","Moonworks:Defend+1","Moonworks:Defend","Moonworks:Ambush","Moonworks:LongDistanceShot","Moonworks:SakisCookie","Moonworks:StiffCrystal","Moonworks:RagingMadness+1","Moonworks:DevilHand","Moonworks:ExtendedPhotonRifle","Moonworks:MiracleRedBeanIceCream","Moonworks:TacticalRetreat","Moonworks:x16BigRocket+7","Moonworks:EvilSpyWorkPreparation","Moonworks:RedAndBlue","Moonworks:Bloodlust","Moonworks:CookingTime","Moonworks:GoAway","Moonworks:SakisCookie+1","Moonworks:EvilSpyWorkPreparation","Moonworks:TreasureThief","Moonworks:JonathanRush","Moonworks:LuckyCharm","Moonworks:DeployBits","Moonworks:AngelHand","Moonworks:Dinner","Moonworks:ImOnFire+1","Moonworks:CloudOfSeagulls","Moonworks:AwakeningOfTalent","Moonworks:EvilSpyWorkPreparation","Moonworks:Dinner","Moonworks:SinkOrSwim","Moonworks:EvilSpyWorkPreparation+1","Moonworks:DeployBits+1","Moonworks:EvilSpyWorkPreparation+1","Moonworks:SealedMemories+1","Moonworks:DeployBits+1","Moonworks:EvilSpyWorkPreparation+1","Moonworks:LulusLuckyEgg+1"],"relics":["Moonworks:BrokenBomb","Moonworks:Homemark","Vajra","Quantum Egg","ChewingGum","Red Mask","Centennial Puzzle","Mummified Hand","Iron Hammer","Coffee Dripper","Question Card"],"acts_visited":["Exordium","TheCity","Gensokyo:Gensokyoest"],"potions_floor_usage":[46,48,50],"damage_taken":[{"damage":1.0,"enemies":"Cultist","floor":1.0,"turns":3.0},{"damage":9.0,"enemies":"2 Louse","floor":2.0,"turns":3.0},{"damage":5.0,"enemies":"Small Slimes","floor":5.0,"turns":4.0},{"damage":31.0,"enemies":"Lagavulin","floor":6.0,"turns":8.0},{"damage":3.0,"enemies":"Looter","floor":10.0,"turns":3.0},{"damage":7.0,"enemies":"Red Slaver","floor":11.0,"turns":4.0},{"damage":0.0,"enemies":"2 Fungi Beasts","floor":12.0,"turns":4.0},{"damage":6.0,"enemies":"Looter","floor":13.0,"turns":3.0},{"damage":19.0,"enemies":"Red Slaver","floor":14.0,"turns":4.0},{"damage":46.0,"enemies":"Hexaghost","floor":16.0,"turns":5.0},{"damage":23.0,"enemies":"Spheric Guardian","floor":18.0,"turns":5.0},{"damage":19.0,"enemies":"3 Byrds","floor":20.0,"turns":2.0},{"damage":18.0,"enemies":"Masked Bandits","floor":21.0,"turns":4.0},{"damage":43.0,"enemies":"3 Cultists","floor":22.0,"turns":4.0},{"damage":18.0,"enemies":"Gremlin Leader","floor":23.0,"turns":5.0},{"damage":19.0,"enemies":"Shelled Parasite and Fungi","floor":24.0,"turns":4.0},{"damage":4.0,"enemies":"Snake Plant","floor":25.0,"turns":5.0},{"damage":11.0,"enemies":"Slavers","floor":27.0,"turns":3.0},{"damage":15.0,"enemies":"Centurion and Healer","floor":29.0,"turns":4.0},{"damage":25.0,"enemies":"Cultist and Chosen","floor":31.0,"turns":6.0},{"damage":32.0,"enemies":"Collector","floor":33.0,"turns":6.0},{"damage":24.0,"enemies":"Gensokyo:3_Boulders","floor":35.0,"turns":6.0},{"damage":12,"enemies":"Gensokyo:AncientGuardian","floor":36,"turns":4},{"damage":5,"enemies":"Gensokyo:Dusk_and_Dawn","floor":37,"turns":4},{"damage":21,"enemies":"Gensokyo:3_Boulders","floor":39,"turns":6},{"damage":23,"enemies":"Gensokyo:SeedOfUnknown","floor":41,"turns":6},{"damage":7,"enemies":"Gensokyo:4_Bats","floor":44,"turns":5},{"damage":40,"enemies":"Gensokyo:3_Boulders","floor":46,"turns":5},{"damage":18,"enemies":"Gensokyo:AtlasGolem","floor":48,"turns":5},{"damage":9,"enemies":"Gensokyo:Yuyuko","floor":50,"turns":5}],"seed_played":"-8726632970431717380","potions_obtained":[{"floor":1.0,"key":"SpeedPotion"},{"floor":6.0,"key":"Explosive Potion"},{"floor":13.0,"key":"sneckomod:MuddlingPotion"},{"floor":14.0,"key":"Regen Potion"},{"floor":20.0,"key":"Venom Potion"},{"floor":23.0,"key":"Strength Potion"},{"floor":31.0,"key":"Swift Potion"},{"floor":35.0,"key":"Fruit Juice"},{"floor":37,"key":"SpeedPotion"},{"floor":44,"key":"Strength Potion"},{"floor":46,"key":"Fruit Juice"}],"is_trial":false,"path_per_floor":["M","M","?","?","M","E","R","?","T","M","M","M","M","M","R","B",null,"M","?","M","?","M","E","M","M","T","E","R","M","$","M","R","B",null,"M","M","M","$","M","R","M","R","T","M","R","M","R","M","R","B"],"character_chosen":"THE_STARBREAKER","items_purchased":["Moonworks:AwakeningOfTalent","Moonworks:EvilSpyWorkPreparation"],"campfire_rested":1,"item_purchase_floors":[30,30],"current_hp_per_floor":[65,58,42,42,37,13,32,32,32,34,32,37,36,36,36,29,66,54,54,44,42,21,31,29,41,41,40,40,50,50,48,48,45,66,65,67,71,71,54,54,52,52,52,56,56,44,44,40,40,0,0],"gold":255,"neow_bonus":"TEN_PERCENT_HP_BONUS","is_daily":false,"chose_seed":false,"campfire_upgraded":8,"win_rate":0.0,"timestamp":1610528729,"path_taken":["M","M","?","?","M","E","R","?","T","M","M","M","M","?","R","BOSS","M","?","M","?","M","E","M","M","T","E","R","M","$","M","R","BOSS","M","M","M","$","M","R","M","R","T","M","R","M","R","M","R","BOSS"],"items_purchased_type":["Card","Card"],"build_version":"2020-12-22","purchased_purges":0,"victory":false,"max_hp_per_floor":[66,66,66,66,66,66,66,66,66,66,66,66,66,66,66,66,66,66,66,66,66,66,66,66,66,66,66,66,66,66,66,66,66,66,71,71,71,71,71,71,71,71,71,71,71,76,76,76,76,4,4],"card_choices":[{"not_picked":["Moonworks:x16BigRocket","Moonworks:LulusLuckyEgg"],"picked":"Moonworks:SakisCookie","floor":1.0},{"not_picked":["Moonworks:Assault","Moonworks:LulusLuckyEgg"],"picked":"Moonworks:StiffCrystal","floor":2.0},{"not_picked":["Moonworks:BigMagnum","Moonworks:Dinner"],"picked":"Moonworks:RagingMadness","floor":3.0},{"not_picked":["Moonworks:LulusLuckyEgg","Moonworks:ImOnFire"],"picked":"Moonworks:DevilHand","floor":3.0},{"not_picked":["Moonworks:BigMagnum","Moonworks:IndiscriminateFireSupport"],"picked":"Moonworks:ExtendedPhotonRifle","floor":3.0},{"not_picked":["Moonworks:DeployBits","Moonworks:ImOnFire"],"picked":"Moonworks:MiracleRedBeanIceCream","floor":5.0},{"not_picked":["Moonworks:IndiscriminateFireSupport","Moonworks:BigMagnum"],"picked":"Moonworks:TacticalRetreat","floor":6.0},{"not_picked":["Moonworks:NicePresent","Moonworks:Heat300Percent"],"picked":"Moonworks:x16BigRocket","floor":10.0},{"not_picked":["Moonworks:IndiscriminateFireSupport","Moonworks:ExtendedPhotonRifle"],"picked":"Moonworks:EvilSpyWorkPreparation","floor":11.0},{"not_picked":["Moonworks:BackdoorTrade","Moonworks:DeployBits"],"picked":"Moonworks:RedAndBlue","floor":12.0},{"not_picked":["Moonworks:CloudOfSeagulls","Moonworks:IndiscriminateFireSupport"],"picked":"Moonworks:Bloodlust","floor":13.0},{"not_picked":["Moonworks:AngelHand","Moonworks:FinalSurgery"],"picked":"Moonworks:CookingTime","floor":14.0},{"not_picked":["Moonworks:ReflectiveShell","Moonworks:FinalBattle"],"picked":"Moonworks:GoAway","floor":16.0},{"not_picked":["Moonworks:ForcedRevival","Moonworks:NicePresent+1"],"picked":"Moonworks:SakisCookie+1","floor":18.0},{"not_picked":["Moonworks:NicePresent","Moonworks:Assault+1"],"picked":"Moonworks:TreasureThief","floor":20.0},{"not_picked":["Moonworks:UnluckyCharm","Moonworks:LulusLuckyEgg"],"picked":"Moonworks:JonathanRush","floor":21.0},{"not_picked":["Moonworks:ExtendedPhotonRifle+1","Moonworks:Heat300Percent+1"],"picked":"Moonworks:LuckyCharm","floor":22.0},{"not_picked":["Moonworks:SakisCookie","Moonworks:Bloodlust"],"picked":"Moonworks:DeployBits","floor":23.0},{"not_picked":["Moonworks:x16BigRocket","Moonworks:NicePresent"],"picked":"Moonworks:AngelHand","floor":24.0},{"not_picked":["Moonworks:AwakeningOfTalent","Moonworks:BigMagnum"],"picked":"Moonworks:Dinner","floor":25.0},{"not_picked":["Moonworks:BeyondHell","Moonworks:BigMagnum"],"picked":"Moonworks:ImOnFire+1","floor":27.0},{"not_picked":["Moonworks:ImOnFire","Moonworks:StiffCrystal+1"],"picked":"Moonworks:CloudOfSeagulls","floor":29.0},{"not_picked":["Moonworks:Assault","Moonworks:ImOnFire+1"],"picked":"Moonworks:Dinner","floor":31.0},{"not_picked":["Moonworks:FinalBattle","Moonworks:SubspaceTunnel"],"picked":"Moonworks:SinkOrSwim","floor":33.0},{"not_picked":["Moonworks:LulusLuckyEgg","Moonworks:TacticalRetreat"],"picked":"Moonworks:EvilSpyWorkPreparation+1","floor":35.0},{"not_picked":["Moonworks:IndiscriminateFireSupport+1","Moonworks:BackdoorTrade+1"],"picked":"Moonworks:DeployBits+1","floor":36},{"not_picked":["Moonworks:BigMagnum+1","Moonworks:LulusLuckyEgg+1"],"picked":"Moonworks:EvilSpyWorkPreparation+1","floor":37},{"not_picked":["Moonworks:Dinner+1","Moonworks:LulusLuckyEgg+1"],"picked":"Moonworks:SealedMemories+1","floor":39},{"not_picked":["Moonworks:SakisCookie+1","Moonworks:MiracleRedBeanIceCream"],"picked":"Moonworks:DeployBits+1","floor":41},{"not_picked":["Moonworks:FinalSurgery+1","Moonworks:JonathanRush","Moonworks:NicePresent+1"],"picked":"Moonworks:EvilSpyWorkPreparation+1","floor":44},{"not_picked":["Moonworks:Assault+1","Moonworks:MixPhenomenon+1","Moonworks:SakisCookie","Moonworks:BigMagnum"],"picked":"SKIP","floor":46},{"not_picked":["Moonworks:WindyEnchantment","Moonworks:MiracleWalker","Moonworks:Dinner"],"picked":"Moonworks:LulusLuckyEgg+1","floor":48}],"player_experience":431065,"relics_obtained":[{"floor":6.0,"key":"Vajra"},{"floor":9.0,"key":"Quantum Egg"},{"floor":21.0,"key":"Red Mask"},{"floor":23.0,"key":"Centennial Puzzle"},{"floor":26.0,"key":"Mummified Hand"},{"floor":27.0,"key":"Iron Hammer"},{"floor":43,"key":"Question Card"}],"event_choices":[{"damage_healed":0.0,"max_hp_gain":0.0,"max_hp_loss":0.0,"gold_gain":100.0,"event_name":"Golden Shrine","player_choice":"Pray","floor":8.0,"gold_loss":0.0,"damage_taken":0.0},{"damage_healed":0.0,"max_hp_gain":0.0,"max_hp_loss":0.0,"gold_gain":0.0,"event_name":"The Library","player_choice":"Read","floor":19.0,"gold_loss":0.0,"damage_taken":0.0,"cards_obtained":["Moonworks:EvilSpyWorkPreparation"]},{"damage_healed":0.0,"max_hp_gain":0.0,"max_hp_loss":0.0,"gold_gain":0.0,"event_name":"Masked Bandits","player_choice":"Fought Bandits","floor":21.0,"gold_loss":0.0,"damage_taken":0.0}],"is_beta":false,"boss_relics":[{"not_picked":["Moonworks:SBBomb","Replay:Wanted Poster"],"picked":"ChewingGum"},{"not_picked":["Replay:Bronze Core","SlaversCollar"],"picked":"Coffee Dripper"}],"items_purged_floors":[],"is_endless":false,"potions_floor_spawned":[1,6,13,14,20,23,31,33,35,37,44,46],"killed_by":"Gensokyo:Yuyuko","ascension_level":0}}