{"host":"r6da5kb9dzaaglw2","time":1610557122,"event":{"mods":["AchievementEnabler","BaseMod","Colored Powertips","Duelist Mod","GifTheSpireLib","Minty Spire (QoL Compilation)","StSLib"],"gold_per_floor":[135,149,149,74,97,138,138,182,182,203,203,203],"floor_reached":11,"language":"ENG","playtime":606,"items_purged":["theDuelist:ToonWorld"],"score":112,"play_id":"d43d4fd1-4ed8-40c7-a42a-52448d07691a","local_time":"20210113175842","is_ascension_mode":true,"campfire_choices":[{"data":"theDuelist:ToonSummonedSkull","floor":7,"key":"SMITH"}],"circlet_count":0,"master_deck":["theDuelist:CastleWalls","theDuelist:CastleWalls","theDuelist:MangaRyuRan","theDuelist:Sparks","theDuelist:Sparks","theDuelist:Sparks","theDuelist:ToonAncientGear","theDuelist:ToonMermaid","theDuelist:ToonSummonedSkull+1","theDuelist:MangaRyuRan","Master of Strategy","theDuelist:HeartUnderdog+1"],"relics":["theDuelist:MillenniumPuzzle","theDuelist:CardPoolRelic","theDuelist:CardPoolBasicRelic","theDuelist:BoosterPackPoolRelic","theDuelist:CardPoolAddRelic","theDuelist:CardPoolMinusRelic","theDuelist:CardPoolSaveRelic","theDuelist:CardPoolOptionsRelic","NeowsBlessing","Golden Idol","Nunchaku","Peace Pipe"],"acts_visited":["Exordium"],"potions_floor_usage":[11,11],"damage_taken":[{"damage":0,"enemies":"Jaw Worm","floor":1,"turns":1},{"damage":0,"enemies":"Small Slimes","floor":2,"turns":1},{"damage":0,"enemies":"Cultist","floor":5,"turns":1},{"damage":20,"enemies":"3 Sentries","floor":6,"turns":7},{"damage":23,"enemies":"Lagavulin","floor":8,"turns":6},{"damage":5,"enemies":"2 Fungi Beasts","floor":10,"turns":3},{"damage":4,"enemies":"3 Sentries","floor":11,"turns":2}],"seed_played":"8260237893428112030","potions_obtained":[{"floor":2,"key":"Ancient Potion"},{"floor":6,"key":"Swift Potion"},{"floor":8,"key":"theDuelist:VampireVial"}],"is_trial":false,"path_per_floor":["M","M","?","$","M","E","R","E","T","M","E"],"character_chosen":"THE_DUELIST","items_purchased":[],"campfire_rested":0,"item_purchase_floors":[],"current_hp_per_floor":[72,72,52,52,52,32,32,9,9,4,0,0],"gold":203,"neow_bonus":"THREE_ENEMY_KILL","is_daily":false,"chose_seed":false,"campfire_upgraded":1,"win_rate":0.0,"timestamp":1610557122,"path_taken":["M","M","?","$","M","E","R","E","T","M","E"],"items_purchased_type":[],"build_version":"2020-12-22","purchased_purges":1,"victory":false,"max_hp_per_floor":[80,80,80,80,80,80,80,80,80,80,80,80],"card_choices":[{"not_picked":["theDuelist:DokiDoki","theDuelist:ValkMagnet","theDuelist:GammaMagnet","theDuelist:BetaMagnet","theDuelist:AlphaMagnet"],"picked":"SKIP","floor":1},{"not_picked":["theDuelist:NinjaGrandmaster","theDuelist:AfterTheStorm","theDuelist:ExodiaLL","theDuelist:MagiciansRod","theDuelist:MagicalBlast"],"picked":"SKIP","floor":2},{"not_picked":["theDuelist:ExodiaRL","theDuelist:OjamaKnight","theDuelist:DarkCrusader","theDuelist:DarkGrepher"],"picked":"theDuelist:MangaRyuRan","floor":5},{"not_picked":["The Bomb","Thinking Ahead","Trip"],"picked":"Master of Strategy","floor":6},{"not_picked":["theDuelist:BlizzardWarrior","theDuelist:LegendaryBlackBelt","theDuelist:ComboFighter","theDuelist:CubicKarma","theDuelist:OjamaDeltaHurricane"],"picked":"SKIP","floor":8},{"not_picked":["theDuelist:TimeWizard+1","theDuelist:ElectromagneticShield+1","theDuelist:ToonWorld+1","theDuelist:WeaponChange+1"],"picked":"theDuelist:HeartUnderdog+1","floor":10}],"player_experience":523655,"relics_obtained":[{"floor":6,"key":"Nunchaku"},{"floor":8,"key":"Peace Pipe"}],"event_choices":[{"damage_healed":0,"gold_gain":0,"player_choice":"Take Damage","damage_taken":20,"relics_obtained":["Golden Idol"],"max_hp_gain":0,"max_hp_loss":0,"event_name":"Golden Idol","floor":3,"gold_loss":0}],"is_beta":false,"boss_relics":[],"items_purged_floors":[4],"is_endless":false,"potions_floor_spawned":[2,6,8],"killed_by":"3 Sentries","ascension_level":7}}