{"host":"bavnrlhi49015oee","time":1610500140,"event":{"mods":["BaseMod","Become a monster ∞Ÿ±‰π÷","Colored Powertips","Lobotomy","LobotomyExtend","Minty Spire (QoL Compilation)","Quick Restart","Ryuuou¡˙Õı","StSLib","Uncapped"],"gold_per_floor":[111,111,138,138,313,313,326,345,345,380,398,398,425,445,445,569,569,569,668,684,684,624,406,406,406,406],"floor_reached":25,"language":"ZHS","playtime":575,"items_purged":[],"score":242,"play_id":"969cf0dd-34c5-4fa6-9ffa-1181dda00f0e","local_time":"20210113090900","is_ascension_mode":false,"campfire_choices":[],"circlet_count":0,"master_deck":["Apo_Pray","Apo_SoulSlash","Apo_Charge","Apo_Charge","Apo_Charge","Apo_Beam","Apo_Beam","Apo_Beam","Apo_Execute","Apo_Slash","Apo_Slash","Apo_SoulSlash","Freischutz","Diffraction","Secret Weapon","SpecialBullet","QueenOfHatred"],"relics":["CogitoBucket","NeowsBlessing","LetterFromLob","Smiling Mask","Golden Idol","Matryoshka","InkBottle","MealTicket","Centennial Puzzle","HellTrain","Runic Pyramid","ApostleMask","Strawberry"],"acts_visited":["Exordium","TheCity"],"potions_floor_usage":[25],"damage_taken":[{"damage":0,"enemies":"Small Slimes","floor":1,"turns":1},{"damage":0,"enemies":"Jaw Worm","floor":7,"turns":1},{"damage":0,"enemies":"2 Louse","floor":8,"turns":1},{"damage":50,"enemies":"Gremlin Nob","floor":10,"turns":5},{"damage":9,"enemies":"Blue Slaver","floor":11,"turns":2},{"damage":18,"enemies":"Gremlin Gang","floor":14,"turns":2},{"damage":62,"enemies":"Slime Boss","floor":16,"turns":5},{"damage":0,"enemies":"Spheric Guardian","floor":20,"turns":2},{"damage":0,"enemies":"Gremlin Leader","floor":23,"turns":2},{"damage":36,"enemies":"3 Byrds","floor":25,"turns":3}],"seed_played":"1192514284402764378","potions_obtained":[{"floor":7,"key":"SkillPotion"},{"floor":8,"key":"LiquidMemories"},{"floor":10,"key":"FairyPotion"},{"floor":16,"key":"BlessingOfTheForge"},{"floor":20,"key":"ColorlessPotion"}],"is_trial":false,"path_per_floor":["M","?","T","?","?","R","M","M","T","E","M","R","T","M","R","B",null,"M","?","M","?","?","E","R","M"],"character_chosen":"Angela","items_purchased":[],"campfire_rested":0,"item_purchase_floors":[],"current_hp_per_floor":[70,70,70,70,70,70,70,70,70,34,41,41,41,37,37,35,35,35,35,35,35,35,35,35,0,0],"gold":406,"neow_bonus":"THREE_ENEMY_KILL","is_daily":false,"chose_seed":false,"campfire_upgraded":0,"win_rate":0.0,"timestamp":1610500140,"path_taken":["M","?","?","?","?","R","?","M","T","E","?","R","?","M","R","BOSS","M","?","M","?","?","E","R","?"],"items_purchased_type":[],"build_version":"2020-12-22","purchased_purges":0,"victory":false,"max_hp_per_floor":[70,70,70,70,70,70,70,70,70,70,70,70,70,70,70,70,70,70,70,70,70,70,77,77,77,77],"card_choices":[{"not_picked":["Regret_ego"],"picked":"Spore","floor":1},{"not_picked":["Scorched","HeroicMonk"],"picked":"RedShoes","floor":7},{"not_picked":["BloodyDesire","SolemnVow"],"picked":"SKIP","floor":7},{"not_picked":["ShyLook","CherryBlossoms"],"picked":"OSAHOGD","floor":8},{"not_picked":["Noise","Horn"],"picked":"SKIP","floor":8},{"not_picked":["Alriune","QueenBee"],"picked":"Scorched","floor":10},{"not_picked":["Soda"],"picked":"WristCuter","floor":10},{"not_picked":["PunishingBird","CherryBlossoms"],"picked":"LittleHelper","floor":11},{"not_picked":["Tough"],"picked":"Gaze","floor":11},{"not_picked":["OldLady","SpiderBud"],"picked":"BlackArmy","floor":14},{"not_picked":["CherryBlossom"],"picked":"Wingbeat","floor":14},{"not_picked":["BeautyBeast","BigBird"],"picked":"WhiteNight","floor":16},{"not_picked":["Mimicry"],"picked":"CENSORED_ego","floor":16},{"not_picked":["GalaxyChild","SingingMachine"],"picked":"Freischutz","floor":20},{"not_picked":["CherryBlossom"],"picked":"Harmony","floor":20},{"not_picked":["UniverseFragment","LittleHelper"],"picked":"QueenOfHatred","floor":23},{"not_picked":["Christmas","Pleasure"],"picked":"SKIP","floor":23}],"player_experience":123842,"relics_obtained":[{"floor":1,"key":"LetterFromLob"},{"floor":3,"key":"Smiling Mask"},{"floor":9,"key":"Matryoshka"},{"floor":10,"key":"InkBottle"},{"floor":13,"key":"MealTicket"},{"floor":13,"key":"Centennial Puzzle"},{"floor":23,"key":"Strawberry"}],"event_choices":[{"damage_healed":0,"gold_gain":0,"player_choice":"Grow","damage_taken":0,"max_hp_gain":0,"max_hp_loss":0,"event_name":"Living Wall","floor":2,"gold_loss":0,"cards_upgraded":["Spore"]},{"damage_healed":0,"gold_gain":0,"player_choice":"Take Wound","damage_taken":0,"relics_obtained":["Golden Idol"],"max_hp_gain":0,"max_hp_loss":0,"event_name":"Golden Idol","floor":4,"gold_loss":0,"cards_obtained":["Injury"]},{"damage_healed":0,"gold_gain":175,"player_choice":"AGREE","damage_taken":0,"max_hp_gain":0,"max_hp_loss":0,"event_name":"Liars Game","floor":5,"gold_loss":0,"cards_obtained":["Doubt"]},{"damage_healed":0,"gold_gain":99,"player_choice":"Stole From Cult","damage_taken":0,"max_hp_gain":0,"max_hp_loss":0,"event_name":"Nest","floor":19,"gold_loss":0},{"damage_healed":0,"gold_gain":0,"player_choice":"Ignored","damage_taken":0,"max_hp_gain":0,"max_hp_loss":0,"event_name":"Vampires","floor":21,"gold_loss":0},{"damage_healed":0,"gold_gain":0,"cards_transformed":["Harmony","Apo_Charge"],"player_choice":"Transformed Cards","damage_taken":0,"max_hp_gain":0,"max_hp_loss":0,"event_name":"Designer","floor":22,"gold_loss":60,"cards_obtained":["Diffraction","Secret Weapon"]}],"is_beta":false,"boss_relics":[{"not_picked":["Busted Crown","Coffee Dripper"],"picked":"Runic Pyramid"}],"items_purged_floors":[],"is_endless":false,"potions_floor_spawned":[7,8,10,16,20],"killed_by":"3 Byrds","ascension_level":0}}