{"host":"6p0attdrtjqaih7v","time":1610565101,"event":{"mods":["2.2 Compatiblity","AchievementEnabler","Bard","BaseMod","Better Skull","Better Third Choice","Colored Powertips","Hermit","Highlight Path","Jorbs\u0027s Wanderer Trilogy","Key Reminder","Minty Spire (QoL Compilation)","Permanent Neow","Quick Restart","Random Character Button","Relic Stats","Replay The Spire","Robot Space Explorer","StSLib"],"gold_per_floor":[117,117,128,128,140,140,153,186,186,202,84,84,84,99,99,194,194,209,230,230,315,315,351,351,365,365,399,420,43,43,43],"floor_reached":30,"language":"ENG","playtime":1604,"items_purged":["bard:Strike"],"score":561,"play_id":"3e270ffb-e7f2-4e83-866b-09a36644b98a","local_time":"20210113141141","is_ascension_mode":true,"campfire_choices":[{"data":"bard:Inspire","floor":6,"key":"SMITH"},{"floor":13,"key":"REST"},{"data":"bard:OffKey","floor":15,"key":"SMITH"},{"floor":24,"key":"REST"}],"circlet_count":0,"master_deck":["AscendersBane","bard:Strike+1","bard:Strike+1","bard:Defend+1","bard:Defend+1","bard:Defend+1","bard:Defend+1","bard:Inspire+1","bard:EchoEcho","bard:ThickOfTheFight+1","bard:SixFourTime","bard:ViciousMockery","bard:Flourish","bard:OffKey+1","bard:Thunderwave+1","bard:Focused","bard:Gamble+1","bard:GlyphOfWarding","bard:Doot","bard:Fermata","Decay","bard:Thunderwave+1","bard:FirstStrike","Dark Shackles+1"],"relics":["bard:PitchPipe","bard:BagPipes","Anchor","Garlic","Sundial","Golden Idol","Black Star","Replay:Bottled Eggs","Replay:Bottled Snecko","Golden Egg","Art of War","Shuriken","Kunai"],"acts_visited":["Exordium","TheCity"],"potions_floor_usage":[13,19,23,23,25],"damage_taken":[{"damage":2,"enemies":"Jaw Worm","floor":1,"turns":4},{"damage":0,"enemies":"Small Slimes","floor":3,"turns":2},{"damage":5,"enemies":"Cultist","floor":5,"turns":4},{"damage":0,"enemies":"Exordium Wildlife","floor":7,"turns":2},{"damage":22,"enemies":"3 Sentries","floor":8,"turns":9},{"damage":3,"enemies":"Large Slime","floor":10,"turns":4},{"damage":0,"enemies":"2 Fungi Beasts","floor":14,"turns":2},{"damage":9,"enemies":"Slime Boss","floor":16,"turns":7},{"damage":4,"enemies":"Chosen","floor":18,"turns":7},{"damage":15,"enemies":"Spheric Guardian","floor":19,"turns":5},{"damage":0,"enemies":"Replay:Snechameleon","floor":23,"turns":8},{"damage":12,"enemies":"Cultist and Chosen","floor":25,"turns":5},{"damage":17,"enemies":"Gremlin Leader","floor":27,"turns":6},{"damage":6,"enemies":"Centurion and Healer","floor":28,"turns":6},{"damage":4,"enemies":"Snake Plant","floor":30,"turns":2}],"seed_played":"-7364519122283371051","potions_obtained":[{"floor":1,"key":"Fruit Juice"},{"floor":3,"key":"Milkshake"},{"floor":18,"key":"Block Potion"},{"floor":19,"key":"SkillPotion"},{"floor":23,"key":"Block Potion"}],"is_trial":false,"path_per_floor":["M","?","M","?","M","R","M","E","T","M","$","?","R","M","R","B",null,"M","M","?","?","?","E","R","M","T","E","M","$","M"],"character_chosen":"BARD","items_purchased":["bard:OffKey","Kunai","Dark Shackles"],"campfire_rested":2,"item_purchase_floors":[11,29,29],"current_hp_per_floor":[57,57,57,57,52,52,52,30,30,27,27,27,51,51,51,42,59,55,40,40,19,19,19,38,26,26,9,3,3,0,0],"gold":43,"neow_bonus":"RANDOM_COMMON_RELIC","is_daily":false,"chose_seed":false,"campfire_upgraded":2,"win_rate":0.0,"timestamp":1610565101,"path_taken":["M","?","M","?","M","R","?","E","T","M","$","?","R","M","R","BOSS","M","M","?","?","?","E","R","?","T","E","M","$","M"],"items_purchased_type":["Card","Relic","Card"],"build_version":"2020-12-22","purchased_purges":1,"victory":false,"max_hp_per_floor":[66,66,66,66,66,66,66,66,66,66,66,60,65,65,65,65,65,65,65,65,65,65,65,65,65,65,65,65,65,65,65],"relic_stats":{"counters":[15,73],"Sundial":[6],"Golden Idol":67,"Shuriken":[3],"Black Star":2,"Art of War":[0],"Kunai":[1],"obtain_stats":[{"bard:BagPipes":0,"Golden Egg":26,"bard:PitchPipe":0,"Golden Idol":12,"Anchor":0,"Sundial":9,"Shuriken":27,"Garlic":8,"Black Star":17,"Art of War":27,"Replay:Bottled Snecko":23,"Kunai":29,"Replay:Bottled Eggs":23},{"bard:BagPipes":0,"Golden Egg":12,"bard:PitchPipe":0,"Golden Idol":6,"Anchor":0,"Sundial":5,"Shuriken":13,"Garlic":5,"Black Star":8,"Art of War":13,"Replay:Bottled Snecko":11,"Kunai":14,"Replay:Bottled Eggs":11},{"bard:BagPipes":0,"Golden Egg":59,"bard:PitchPipe":0,"Golden Idol":25,"Anchor":0,"Sundial":21,"Shuriken":65,"Garlic":21,"Black Star":34,"Art of War":65,"Replay:Bottled Snecko":54,"Kunai":71,"Replay:Bottled Eggs":54}]},"card_choices":[{"not_picked":["bard:MantleOfInspiration","bard:FaerieFire"],"picked":"bard:EchoEcho","floor":1},{"not_picked":["bard:QuickSong","bard:EnGarde"],"picked":"bard:SixFourTime","floor":3},{"not_picked":["bard:Greatness","bard:Sift"],"picked":"bard:ViciousMockery","floor":5},{"not_picked":["bard:FeastOnFear","bard:Accelerando","bard:BucklerBash"],"picked":"SKIP","floor":7},{"not_picked":["bard:Shifting","bard:SixFourTime"],"picked":"bard:Flourish","floor":8},{"not_picked":["bard:Aphasia","bard:PhantasmalForce","bard:StudiedStrike"],"picked":"SKIP","floor":10},{"not_picked":["bard:FeastOnFear","bard:Shout"],"picked":"bard:Thunderwave","floor":14},{"not_picked":["bard:FingerOfDeath","bard:Encore"],"picked":"bard:Focused","floor":16},{"not_picked":["bard:MantleOfInspiration","bard:PrismaticSpray"],"picked":"bard:Gamble+1","floor":18},{"not_picked":["bard:FeastOnFear","bard:Demoralize+1"],"picked":"bard:GlyphOfWarding","floor":19},{"not_picked":["bard:ThickOfTheFight","bard:CuttingWords"],"picked":"bard:Doot","floor":21},{"not_picked":["bard:Gamble+1","bard:Accelerando"],"picked":"bard:Fermata","floor":21},{"not_picked":["bard:Accelerando","bard:StudiedStrike"],"picked":"bard:Thunderwave","floor":23},{"not_picked":["bard:Fermata","bard:Sift"],"picked":"bard:FirstStrike","floor":25},{"not_picked":["bard:StudiedStrike","bard:Silence","bard:Rhapsody"],"picked":"SKIP","floor":27},{"not_picked":["bard:Rest","bard:InspiringSong","bard:StudiedStrike"],"picked":"SKIP","floor":28}],"player_experience":823995,"relics_obtained":[{"floor":8,"key":"Garlic"},{"floor":9,"key":"Sundial"},{"floor":23,"key":"Replay:Bottled Eggs"},{"floor":23,"key":"Replay:Bottled Snecko"},{"floor":26,"key":"Golden Egg"},{"floor":27,"key":"Art of War"},{"floor":27,"key":"Shuriken"}],"event_choices":[{"cards_removed":["bard:Strike"],"damage_healed":0,"gold_gain":0,"player_choice":"Purged","damage_taken":0,"max_hp_gain":0,"max_hp_loss":0,"event_name":"Purifier","floor":4,"gold_loss":0},{"damage_healed":0,"gold_gain":0,"player_choice":"Lose Max HP","damage_taken":0,"relics_obtained":["Golden Idol"],"max_hp_gain":0,"max_hp_loss":6,"event_name":"Golden Idol","floor":12,"gold_loss":0},{"damage_healed":0,"gold_gain":0,"player_choice":"Simplicity","damage_taken":0,"max_hp_gain":0,"max_hp_loss":0,"event_name":"Back to Basics","floor":20,"gold_loss":0,"cards_upgraded":["bard:Strike","bard:Strike","bard:Defend","bard:Defend","bard:Defend","bard:Defend"]},{"damage_healed":0,"gold_gain":0,"player_choice":"Cursed","damage_taken":0,"max_hp_gain":0,"max_hp_loss":0,"event_name":"Wheel of Change","floor":22,"gold_loss":0,"cards_obtained":["Decay"]}],"is_beta":false,"boss_relics":[{"not_picked":["Empty Cage","Tiny House"],"picked":"Black Star"}],"items_purged_floors":[11],"is_endless":false,"potions_floor_spawned":[1,3,7,8,18,19,23],"killed_by":"Snake Plant","ascension_level":18}}