{"host":"i0avyit1s6jb1siw","time":1610564022,"event":{"mods":["BaseMod","DeckTracker","Dota2Spire","Highlight Path","Minty Spire (QoL Compilation)","Quick Restart","StSLib","SuperFastMode"],"gold_per_floor":[15,32,32,32,32,32,67,67,67,102,102,147,72,93,93,189,189,189,189,189],"floor_reached":19,"language":"ENG","playtime":392,"items_purged":["Strike_R"],"score":350,"play_id":"f8de421b-c67d-492e-8cab-a33a922bda79","local_time":"20210113195342","is_ascension_mode":true,"campfire_choices":[{"data":"Bash","floor":6,"key":"SMITH"},{"floor":8,"key":"REST"},{"data":"Rupture","floor":11,"key":"SMITH"},{"data":"Inflame","floor":15,"key":"SMITH"}],"circlet_count":0,"master_deck":["AscendersBane","Strike_R","Strike_R","Strike_R","Defend_R","Defend_R","Defend_R","Defend_R","Bash+1","Transmutation+1","Reckless Charge","Battle Trance","Rupture+1","Sentinel","Hemokinesis","Armaments","Inflame+1","Corruption"],"relics":["Burning Blood","Golden Idol","Pen Nib","Dota2Spire:MonkeyKingBar","Dota2Spire:Vanguard","Ectoplasm"],"acts_visited":["Exordium","TheCity"],"potions_floor_usage":[10],"damage_taken":[{"damage":14,"enemies":"Jaw Worm","floor":1,"turns":4},{"damage":6,"enemies":"Cultist","floor":2,"turns":4},{"damage":49,"enemies":"3 Sentries","floor":7,"turns":8},{"damage":10,"enemies":"Lagavulin","floor":10,"turns":5},{"damage":0,"enemies":"Small Slimes","floor":12,"turns":2},{"damage":14,"enemies":"3 Louse","floor":14,"turns":3},{"damage":17,"enemies":"The Guardian","floor":16,"turns":8},{"damage":39,"enemies":"Shell Parasite","floor":18,"turns":6},{"damage":23,"enemies":"3 Byrds","floor":19,"turns":2}],"seed_played":"4397396411077974463","potions_obtained":[{"floor":2,"key":"LiquidMemories"},{"floor":7,"key":"Weak Potion"},{"floor":10,"key":"Strength Potion"}],"is_trial":false,"path_per_floor":["M","M","?","?","?","R","E","R","T","E","R","M","$","M","R","B",null,"M","M"],"character_chosen":"IRONCLAD","items_purchased":[],"campfire_rested":1,"item_purchase_floors":[],"current_hp_per_floor":[60,60,60,60,60,60,17,37,37,33,33,39,39,31,31,20,56,23,0,0],"gold":189,"neow_bonus":"RANDOM_COLORLESS_2","is_daily":false,"chose_seed":false,"campfire_upgraded":3,"win_rate":0.0,"timestamp":1610564022,"path_taken":["M","M","?","?","?","R","E","R","T","E","R","M","$","?","R","BOSS","M","?"],"items_purchased_type":[],"build_version":"2020-12-22","purchased_purges":1,"victory":false,"max_hp_per_floor":[75,75,75,68,68,68,68,68,68,68,68,68,68,68,68,68,68,68,68,68],"card_choices":[{"not_picked":["Sadistic Nature","Panache"],"picked":"Transmutation","floor":0},{"not_picked":["Cleave","Infernal Blade"],"picked":"Reckless Charge","floor":1},{"not_picked":["Burning Pact","Twin Strike"],"picked":"Battle Trance","floor":2},{"not_picked":["Intimidate","Thunderclap"],"picked":"Sentinel","floor":7},{"not_picked":["Limit Break","Thunderclap"],"picked":"Hemokinesis","floor":10},{"not_picked":["Pommel Strike","Thunderclap"],"picked":"Armaments","floor":12},{"not_picked":["Perfected Strike","Searing Blow"],"picked":"Inflame","floor":14},{"not_picked":["Juggernaut","Limit Break"],"picked":"Corruption","floor":16},{"not_picked":["Wild Strike","Heavy Blade","Cleave"],"picked":"SKIP","floor":18}],"player_experience":2228436,"relics_obtained":[{"floor":7,"key":"Pen Nib"},{"floor":9,"key":"Dota2Spire:MonkeyKingBar"},{"floor":10,"key":"Dota2Spire:Vanguard"}],"event_choices":[{"damage_healed":0,"gold_gain":0,"player_choice":"Grow","damage_taken":0,"max_hp_gain":0,"max_hp_loss":0,"event_name":"Living Wall","floor":3,"gold_loss":0,"cards_upgraded":["Transmutation"]},{"damage_healed":0,"gold_gain":0,"player_choice":"Lose Max HP","damage_taken":0,"relics_obtained":["Golden Idol"],"max_hp_gain":0,"max_hp_loss":7,"event_name":"Golden Idol","floor":4,"gold_loss":0},{"damage_healed":0,"gold_gain":0,"cards_transformed":["Strike_R"],"player_choice":"Transformed","damage_taken":0,"max_hp_gain":0,"max_hp_loss":0,"event_name":"Transmorgrifier","floor":5,"gold_loss":0,"cards_obtained":["Rupture"]}],"is_beta":false,"boss_relics":[{"not_picked":["Busted Crown","Runic Cube"],"picked":"Ectoplasm"}],"items_purged_floors":[13],"is_endless":false,"potions_floor_spawned":[2,7,10,16],"killed_by":"3 Byrds","ascension_level":20}}