{"host":"m6aaltr68g9tvoay","time":1610517599,"event":{"mods":["AchievementEnabler","BaseMod","Colored Map","Downfall","Minty Spire (QoL Compilation)","StSLib"],"gold_per_floor":[99,117,137,152,165,165,165,179,196,196,222,232,132,146,158,253,253,253,273,273,291,310,325,373,373,223,241,26,26,44,44,64,166,166,166,180,180,199,211,211,288,302,302,302],"floor_reached":43,"language":"ENG","playtime":3600,"items_purged":[],"score":507,"play_id":"dace6ee5-ff3c-4f86-bc8c-bb9dad25918a","local_time":"20210112215959","is_ascension_mode":true,"campfire_choices":[{"floor":1,"key":"RECALL"},{"floor":10,"key":"REST"},{"floor":13,"key":"REST"},{"data":"bronze:InfiniteBeams","floor":18,"key":"SMITH"},{"floor":25,"key":"REST"},{"floor":29,"key":"REST"},{"data":"bronze:ItsAFeature","floor":35,"key":"SMITH"},{"floor":40,"key":"REST"}],"circlet_count":0,"master_deck":["bronze:Strike","bronze:Strike","bronze:Strike","bronze:Defend","bronze:Defend","bronze:Defend","bronze:Defend","bronze:Replicate","bronze:Goto","bronze:Separator","bronze:Flail","bronze:Boost","bronze:Shield","bronze:BuggyMess","bronze:WildBeam+1","bronze:InfiniteBeams+1","bronze:DelayedSlice","bronze:Branch+1","bronze:Deprecate","bronze:FineTuning","bronze:Terminator","bronze:RecursiveStrike","bronze:HardenedForm","bronze:ChosenStrike","bronze:CloningBeam","bronze:Optimize","Parasite","bronze:Overload","bronze:InfiniteLoop","bronze:Frontload+1","Normality","bronze:ItsAFeature+1","bronze:CleanCode","bronze:DigitalCarnage+1","bronze:FineTuning+1","downfall:Bewildered"],"relics":["bronze:PlatinumCore","Shuriken","The Courier","downfall:HeartBlessingRed","Cursed Key","Whetstone","Regal Pillow","bronze:SilverBullet","HornCleat"],"acts_visited":["Exordium","TheCity","TheBeyond"],"potions_floor_usage":[16,16,23,27,28,32,33,39],"damage_taken":[{"damage":18,"enemies":"Jaw Worm","floor":2,"turns":4},{"damage":0,"enemies":"Small Slimes","floor":3,"turns":3},{"damage":0,"enemies":"Cultist","floor":4,"turns":2},{"damage":0,"enemies":"Red Slaver","floor":5,"turns":4},{"damage":16,"enemies":"Lots of Slimes","floor":8,"turns":4},{"damage":14,"enemies":"Exordium Thugs","floor":9,"turns":3},{"damage":17,"enemies":"3 Sentries","floor":11,"turns":4},{"damage":5,"enemies":"Blue Slaver","floor":12,"turns":2},{"damage":6,"enemies":"3 Louse","floor":14,"turns":2},{"damage":9,"enemies":"Exordium Wildlife","floor":15,"turns":3},{"damage":17,"enemies":"downfall:Defect","floor":16,"turns":11},{"damage":0,"enemies":"Spheric Guardian","floor":19,"turns":1},{"damage":12,"enemies":"Chosen","floor":21,"turns":4},{"damage":9,"enemies":"Sentry and Sphere","floor":22,"turns":4},{"damage":11,"enemies":"Centurion and Healer","floor":23,"turns":6},{"damage":39,"enemies":"Shelled Parasite and Fungi","floor":27,"turns":4},{"damage":5,"enemies":"downfall:FleeingMerchant","floor":28,"turns":4},{"damage":7,"enemies":"Chosen and Byrds","floor":30,"turns":3},{"damage":0,"enemies":"Snecko","floor":32,"turns":4},{"damage":63,"enemies":"downfall:Silent","floor":33,"turns":9},{"damage":27,"enemies":"3 Darklings","floor":36,"turns":5},{"damage":6,"enemies":"Orb Walker","floor":38,"turns":3},{"damage":27,"enemies":"4 Shapes","floor":39,"turns":5},{"damage":34,"enemies":"Maw","floor":42,"turns":7},{"damage":31,"enemies":"Sphere and 2 Shapes","floor":43,"turns":7}],"seed_played":"4786285950039191419","potions_obtained":[{"floor":2,"key":"GamblersBrew"},{"floor":5,"key":"Explosive Potion"},{"floor":9,"key":"champ:CounterPotion"},{"floor":11,"key":"Guardian:BlockOnCardUsePotion"},{"floor":16,"key":"Energy Potion"},{"floor":19,"key":"SteroidPotion"},{"floor":23,"key":"EntropicBrew"},{"floor":30,"key":"Guardian:BlockOnCardUsePotion"},{"floor":32,"key":"SpeedPotion"},{"floor":36,"key":"Fire Potion"}],"is_trial":false,"path_per_floor":["R","M","M","M","M","?","T","M","M","R","E","M","R","M","M","B",null,"R","M","?","M","M","M","T","R","?","M","$","R","M","T","M","B",null,"R","M","?","M","M","R","T","M","M"],"character_chosen":"THE_AUTOMATON","items_purchased":["Regal Pillow","Fruit Juice"],"campfire_rested":5,"item_purchase_floors":[28,28],"current_hp_per_floor":[70,52,52,52,52,52,52,36,22,43,26,21,42,36,27,10,70,70,70,70,58,49,38,38,59,80,41,41,81,74,74,74,11,85,85,58,58,52,25,65,65,31,0,0],"gold":302,"neow_bonus":"THREE_CARDS","is_daily":false,"chose_seed":false,"campfire_upgraded":2,"win_rate":0.0,"timestamp":1610517599,"path_taken":["R","M","M","M","M","?","T","M","M","R","E","M","R","M","M","BOSS","R","M","?","M","M","?","T","R","?","?","?","R","?","?","M","BOSS","R","M","?","M","M","R","T","M","M"],"items_purchased_type":["Relic","Potion"],"build_version":"2020-12-22","purchased_purges":0,"victory":false,"max_hp_per_floor":[70,70,70,70,70,70,70,70,70,70,70,70,70,70,70,70,70,70,70,70,70,70,70,70,70,80,80,85,85,85,85,85,85,85,85,85,85,85,85,85,85,85,85,85],"card_choices":[{"not_picked":["bronze:ForceShield","bronze:DigitalCarnage"],"picked":"bronze:Separator","floor":0},{"not_picked":["bronze:BronzeArmor","bronze:BitShift"],"picked":"bronze:Flail","floor":2},{"not_picked":["bronze:Separator","bronze:Shell"],"picked":"bronze:Boost","floor":3},{"not_picked":["bronze:Constructor","bronze:DelayedGuard"],"picked":"bronze:Shield","floor":4},{"not_picked":["bronze:Constructor","bronze:NullPointer"],"picked":"bronze:BuggyMess","floor":5},{"not_picked":["bronze:ChosenStrike","bronze:CloningBeam"],"picked":"bronze:InfiniteBeams","floor":8},{"not_picked":["bronze:Deprecate","bronze:Constructor"],"picked":"bronze:DelayedSlice","floor":9},{"not_picked":["bronze:Turbo","bronze:CloningBeam"],"picked":"bronze:Branch","floor":11},{"not_picked":["bronze:WildBeam","bronze:Break"],"picked":"bronze:Deprecate","floor":12},{"not_picked":["bronze:Backtrace","bronze:DelayedGuard"],"picked":"bronze:FineTuning","floor":14},{"not_picked":["bronze:OilSpill","bronze:Repulsor"],"picked":"bronze:Terminator","floor":15},{"not_picked":["bronze:InfiniteLoop","bronze:Assembly"],"picked":"bronze:RecursiveStrike","floor":16},{"not_picked":["bronze:FineTuning","bronze:Iterate","bronze:CutThrough"],"picked":"SKIP","floor":19},{"not_picked":["bronze:Turbo","bronze:Allocate"],"picked":"bronze:ChosenStrike","floor":21},{"not_picked":["bronze:FollowUp+1","bronze:DarkDash"],"picked":"bronze:CloningBeam","floor":22},{"not_picked":["bronze:GetLatest","bronze:Turbo"],"picked":"bronze:Optimize","floor":23},{"not_picked":["bronze:BuggyMess","bronze:WildBeam"],"picked":"bronze:Overload","floor":27},{"not_picked":["bronze:GetLatest","bronze:DigitalCarnage"],"picked":"bronze:InfiniteLoop","floor":28},{"not_picked":["bronze:Constructor+1","bronze:ItsAFeature"],"picked":"bronze:Frontload+1","floor":30},{"not_picked":["bronze:NullPointer","bronze:Backtrace"],"picked":"bronze:ItsAFeature","floor":32},{"not_picked":["bronze:Format","bronze:HyperBeam"],"picked":"bronze:CleanCode","floor":33},{"not_picked":["bronze:BugBarrage","bronze:WildBeam"],"picked":"bronze:DigitalCarnage+1","floor":36},{"not_picked":["bronze:ChildClass+1","bronze:BuggyMess+1","bronze:Deprecate"],"picked":"SKIP","floor":38},{"not_picked":["bronze:FollowUp+1","bronze:ForLoop+1"],"picked":"bronze:FineTuning+1","floor":39},{"not_picked":["bronze:Deprecate","bronze:Overload+1","bronze:OilSpill"],"picked":"SKIP","floor":42}],"player_experience":1779601,"relics_obtained":[{"floor":7,"key":"Shuriken"},{"floor":11,"key":"The Courier"},{"floor":24,"key":"Whetstone"},{"floor":31,"key":"bronze:SilverBullet"},{"floor":41,"key":"HornCleat"}],"event_choices":[],"is_beta":false,"boss_relics":[{"not_picked":["Busted Crown","bronze:MakeshiftBattery"],"picked":"Cursed Key"},{"not_picked":["Astrolabe","Pandora\u0027s Box"],"picked":"bronze:PlatinumCore"}],"items_purged_floors":[],"is_endless":false,"potions_floor_spawned":[2,5,9,11,16,19,23,30,32,36],"killed_by":"Sphere and 2 Shapes","ascension_level":2}}