{"host":"l2dnabsh5e0fsksb","time":1610513172,"event":{"mods":["2.2 Compatiblity","BaseMod","Downfall","Minty Spire (QoL Compilation)","Quick Restart","StSLib"],"gold_per_floor":[99,99,199,199,649,675,699,387,312,345,362,362,32,47,58,163,163,163,176,195,195,247,96,122,31,31,31,31],"floor_reached":26,"language":"ENG","playtime":1239,"items_purged":["Slimebound:Icky","Slimebound:Icky","Slimebound:Icky"],"score":336,"play_id":"973502ea-5e3c-48e0-a426-5130f443ed7a","local_time":"20210113151612","is_ascension_mode":true,"campfire_choices":[{"floor":1,"key":"RECALL"},{"data":"champ:IronFortress","floor":9,"key":"SMITH"},{"data":"champ:Taunt","floor":12,"key":"SMITH"},{"data":"champ:ViciousMockery","floor":18,"key":"SMITH"}],"circlet_count":0,"master_deck":["AscendersBane","champ:Strike","champ:Strike","champ:Strike","champ:Strike","champ:Defend+1","champ:Defend","champ:Defend","champ:Defend+1","champ:Execute","champ:Taunt+1","champ:BerserkerStyle","champ:Backstep","champ:AdrenalArmor","champ:SwordSigil","champ:Shatter","champ:IronFortress+1","champ:Circumvent","champ:PerfectedStrike","champ:StanceDance","champ:GladiatorStyle","champ:EndlessRage","champ:ViciousMockery+1","champ:CheapShot","champ:DeathBlow+1","champ:CrookedStrike","RitualDagger","champ:BerserkersShout","champ:BringItOn","champ:CrookedStrike"],"relics":["champ:ChampionCrown","downfall:HeartsMalice","CloakClasp","Akabeko","champ:DefensiveTrainingManual","Lee\u0027s Waffle","downfall:HeartBlessingRed","Smiling Mask","Membership Card","Omamori","Velvet Choker","Toolbox","MealTicket","War Paint"],"acts_visited":["Exordium","TheCity"],"potions_floor_usage":[6,10,16,25],"damage_taken":[{"damage":0,"enemies":"Jaw Worm","floor":2,"turns":1},{"damage":0,"enemies":"Jaw Worm","floor":3,"turns":1},{"damage":0,"enemies":"Cultist","floor":4,"turns":1},{"damage":64,"enemies":"3 Sentries","floor":6,"turns":12},{"damage":7,"enemies":"downfall:FleeingMerchant","floor":8,"turns":4},{"damage":28,"enemies":"Lagavulin","floor":10,"turns":7},{"damage":2,"enemies":"2 Louse","floor":11,"turns":3},{"damage":8,"enemies":"downfall:FleeingMerchant","floor":13,"turns":4},{"damage":11,"enemies":"Exordium Wildlife","floor":14,"turns":5},{"damage":24,"enemies":"Exordium Thugs","floor":15,"turns":5},{"damage":63,"enemies":"downfall:Watcher","floor":16,"turns":17},{"damage":12,"enemies":"Spheric Guardian","floor":19,"turns":5},{"damage":66,"enemies":"Cultist and Chosen","floor":20,"turns":9},{"damage":35,"enemies":"downfall:FleeingMerchant","floor":23,"turns":5},{"damage":48,"enemies":"downfall:FleeingMerchant","floor":25,"turns":5},{"damage":31,"enemies":"Book of Stabbing","floor":26,"turns":3}],"seed_played":"7627988463365654630","potions_obtained":[{"floor":3,"key":"SkillPotion"},{"floor":6,"key":"FearPotion"},{"floor":15,"key":"ColorlessPotion"},{"floor":16,"key":"FearPotion"},{"floor":19,"key":"LiquidMemories"},{"floor":20,"key":"LiquidBronze"}],"is_trial":false,"path_per_floor":["R","M","?","M","?","E","T","$","R","E","M","R","$","M","M","B",null,"R","M","M","?","T","$","T","$","E"],"character_chosen":"THE_CHAMP","items_purchased":["champ:IronFortress","Lee\u0027s Waffle","Membership Card","Omamori","champ:GladiatorStyle","champ:BringItOn","Toolbox","War Paint"],"campfire_rested":0,"item_purchase_floors":[8,8,13,13,13,23,23,25],"current_hp_per_floor":[81,81,81,81,81,56,56,97,97,95,95,95,95,86,69,45,84,84,79,42,36,36,24,24,28,0,0,0],"gold":31,"neow_bonus":"THREE_ENEMY_KILL","is_daily":false,"chose_seed":false,"campfire_upgraded":3,"win_rate":0.0,"timestamp":1610513172,"path_taken":["R","M","?","M","?","E","T","?","R","E","?","R","?","?","M","BOSS","R","M","?","?","?","$","T","$","E"],"items_purchased_type":["Card","Relic","Relic","Relic","Card","Card","Relic","Relic"],"build_version":"2020-12-22","purchased_purges":3,"victory":false,"max_hp_per_floor":[90,90,90,90,90,90,90,97,97,97,97,97,97,97,97,97,97,97,97,97,97,97,97,97,97,97,97,97],"card_choices":[{"not_picked":["champ:Encircle","champ:CrookedStrike"],"picked":"champ:BerserkerStyle","floor":2},{"not_picked":["champ:Aggression","champ:ShieldWall"],"picked":"champ:Backstep","floor":3},{"not_picked":["champ:FightOn","champ:GladiatorsShout"],"picked":"champ:AdrenalArmor","floor":4},{"not_picked":["champ:FocusedBerserking","champ:DefensiveShout"],"picked":"champ:SwordSigil","floor":6},{"not_picked":["champ:SteelEdge","champ:PreciseThrust"],"picked":"champ:Shatter","floor":8},{"not_picked":["champ:IgnorePain","champ:RageSigil"],"picked":"champ:Circumvent","floor":10},{"not_picked":["champ:ShieldSigil","champ:RapidStrikes"],"picked":"champ:PerfectedStrike","floor":11},{"not_picked":["champ:IgnorePain","champ:DefensiveShout"],"picked":"champ:StanceDance","floor":13},{"not_picked":["champ:BerserkerStyle","champ:AdrenalArmor"],"picked":"champ:EndlessRage","floor":14},{"not_picked":["champ:BladeFlurry","champ:CrookedStrike"],"picked":"champ:ViciousMockery","floor":15},{"not_picked":["champ:VampiricStrike","champ:ShieldThrow"],"picked":"champ:CheapShot","floor":16},{"not_picked":["champ:PerfectedStrike","champ:BringItOn"],"picked":"champ:DeathBlow+1","floor":19},{"not_picked":["champ:GladiatorsShout","champ:Circumvent"],"picked":"champ:CrookedStrike","floor":20},{"not_picked":["champ:FocusedDefense","champ:PerfectedStrike"],"picked":"champ:BerserkersShout","floor":23},{"not_picked":["champ:EnragedBash","champ:StanceDance"],"picked":"champ:CrookedStrike","floor":25}],"player_experience":1779167,"relics_obtained":[{"floor":3,"key":"CloakClasp"},{"floor":6,"key":"Akabeko"},{"floor":7,"key":"champ:DefensiveTrainingManual"},{"floor":10,"key":"Smiling Mask"},{"floor":24,"key":"MealTicket"}],"event_choices":[],"is_beta":false,"boss_relics":[{"not_picked":["Coffee Dripper","Fusion Hammer"],"picked":"Velvet Choker"}],"items_purged_floors":[8,13,23],"is_endless":false,"potions_floor_spawned":[3,6,15,16,19,20],"killed_by":"Book of Stabbing","ascension_level":12}}