{"host":"9tdk3zzhmpo6o3dg","time":1610535224,"event":{"mods":["BaseMod","Downfall","Marisa£®ÏF”Í°°ƒß¿Ì…≥£©","Minty Spire (QoL Compilation)","Shop Mod","StSLib","The Cursed","The Marked","The Servant 0.9.4"],"gold_per_floor":[99,99,99,99,109,109,185,185,196,215,232,232,250,66,81,81,81,81],"floor_reached":16,"language":"ZHS","playtime":1215,"items_purged":[],"score":92,"play_id":"feeaa241-081e-40da-a7b6-df65640578b3","local_time":"20210113185344","is_ascension_mode":false,"campfire_choices":[{"floor":1,"key":"RECALL"},{"data":"Slimebound:Split","floor":6,"key":"SMITH"}],"circlet_count":0,"master_deck":["Slimebound:Strike_Slimebound","Slimebound:Strike_Slimebound","Slimebound:Strike_Slimebound","Slimebound:Tackle","Slimebound:Defend_Slimebound","Slimebound:Defend_Slimebound","Slimebound:Defend_Slimebound","Slimebound:Defend_Slimebound","Slimebound:Split+1","Slimebound:CorrosiveSpit","Slimebound:Nibble","Slimebound:Schlurp","Slimebound:ViciousTackle","Slimebound:RejuvenatingLick","Slimebound:SamplingLick","Slimebound:SplitLeeching","Slimebound:LevelUp","Slimebound:ItLooksTasty","Slimebound:ItLooksTasty","Slimebound:Equalize","expansioncontent:BronzeBeam","Slimebound:LeechingTouch","Slimebound:SpikyOuterGoop"],"relics":["Slimebound:AbsorbEndCombat","downfall:HeartsMalice","Blue Candle","Gremlin Horn"],"acts_visited":["Exordium"],"potions_floor_usage":[10,10,10,11,13,14],"damage_taken":[{"damage":0,"enemies":"Cultist","floor":2,"turns":1},{"damage":0,"enemies":"2 Louse","floor":3,"turns":1},{"damage":0,"enemies":"Small Slimes","floor":4,"turns":1},{"damage":18,"enemies":"2 Fungi Beasts","floor":5,"turns":3},{"damage":33,"enemies":"3 Louse","floor":9,"turns":4},{"damage":0,"enemies":"Blue Slaver","floor":10,"turns":1},{"damage":24,"enemies":"Red Slaver","floor":11,"turns":3},{"damage":23,"enemies":"Exordium Thugs","floor":13,"turns":3},{"damage":20,"enemies":"downfall:FleeingMerchant","floor":14,"turns":4},{"damage":22,"enemies":"3 Louse","floor":15,"turns":2},{"damage":60,"enemies":"downfall:Ironclad","floor":16,"turns":9}],"seed_played":"-1603695437835956797","potions_obtained":[{"floor":5,"key":"PowerPotion"},{"floor":9,"key":"EntropicBrew"},{"floor":10,"key":"FairyPotion"},{"floor":11,"key":"SkillPotion"}],"is_trial":false,"path_per_floor":["R","M","M","M","M","R","T","?","M","M","M","T","M","$","M","B"],"character_chosen":"SLIMEBOUND","items_purchased":["Slimebound:Equalize","expansioncontent:BronzeBeam","Slimebound:LeechingTouch"],"campfire_rested":0,"item_purchase_floors":[14,14,14],"current_hp_per_floor":[60,60,60,60,51,51,51,51,34,38,26,26,21,21,17,0,0,0],"gold":81,"neow_bonus":"THREE_ENEMY_KILL","is_daily":false,"chose_seed":false,"campfire_upgraded":1,"win_rate":0.0,"timestamp":1610535224,"path_taken":["R","M","M","M","M","R","T","?","M","?","M","?","M","$","M","BOSS"],"items_purchased_type":["Card","Card","Card"],"build_version":"2020-12-22","purchased_purges":0,"victory":false,"max_hp_per_floor":[60,60,60,60,60,60,60,60,60,60,60,60,60,60,60,60,60,60],"card_choices":[{"not_picked":["Slimebound:SplitMire","Slimebound:LivingWall"],"picked":"Slimebound:Nibble","floor":2},{"not_picked":["Slimebound:TongueLash","Slimebound:PressTheAttack"],"picked":"Slimebound:Schlurp","floor":3},{"not_picked":["Slimebound:SlimeSpikes","Slimebound:LeechingTouch"],"picked":"Slimebound:ViciousTackle","floor":4},{"not_picked":["Slimebound:LeechingTouch","Slimebound:SlimeTap"],"picked":"Slimebound:RejuvenatingLick","floor":5},{"not_picked":["Slimebound:LivingWall","Slimebound:Schlurp"],"picked":"Slimebound:SamplingLick","floor":9},{"not_picked":["Slimebound:SlimeBrawl","Slimebound:Chomp"],"picked":"Slimebound:SplitLeeching","floor":10},{"not_picked":["Slimebound:SamplingLick","Slimebound:RollThrough"],"picked":"Slimebound:LevelUp","floor":11},{"not_picked":["Slimebound:SplitMire","Slimebound:PressTheAttack"],"picked":"Slimebound:ItLooksTasty","floor":13},{"not_picked":["Slimebound:GoopSpray","Slimebound:Grow"],"picked":"Slimebound:ItLooksTasty","floor":14},{"not_picked":["Slimebound:SplitMire","Slimebound:RollThrough"],"picked":"Slimebound:SpikyOuterGoop","floor":15}],"player_experience":98505,"relics_obtained":[{"floor":8,"key":"Blue Candle"},{"floor":12,"key":"Gremlin Horn"}],"event_choices":[{"damage_healed":0,"gold_gain":0,"player_choice":"Relic","damage_taken":0,"max_hp_gain":0,"max_hp_loss":0,"event_name":"Wheel of Change","floor":8,"gold_loss":0}],"is_beta":false,"boss_relics":[],"items_purged_floors":[],"is_endless":false,"potions_floor_spawned":[5,9,10,11],"killed_by":"downfall:Ironclad","ascension_level":0}}