{"host":"uzp1tn8qxn9571p9","time":1610568781,"event":{"mods":["BaseMod","Colored Powertips","Hermit","Minty Spire (QoL Compilation)","Robot Space Explorer","StSLib","The Blackbeard","The Hierophant","The Marked"],"gold_per_floor":[113,188,215,235,91,91,104,114,114,114,127,127,155,155,155,259,259,279,279,296,296,126,161,161,174,227,252,252,271,287,298,298,400,400,420,439,52,69,169,203,216,216,241,241,261,287,287,307,307,307,307,307,4,32,32],"floor_reached":56,"language":"ZHS","playtime":3469,"items_purged":["RobotSpaceExplorer:Strike","RobotSpaceExplorer:Strike","RobotSpaceExplorer:Strike"],"score":1374,"play_id":"c3f7ff03-97e7-43da-944e-0c365606eb20","local_time":"20210114041301","is_ascension_mode":false,"campfire_choices":[{"data":"RobotSpaceExplorer:DoubleFind","floor":6.0,"key":"SMITH"},{"data":"RobotSpaceExplorer:Calculate","floor":10.0,"key":"SMITH"},{"data":"RobotSpaceExplorer:PowerGlove","floor":12.0,"key":"SMITH"},{"data":"RobotSpaceExplorer:ImprovisedAttack","floor":15.0,"key":"SMITH"},{"data":"RobotSpaceExplorer:PowerGlove","floor":28,"key":"SMITH"},{"data":"RobotSpaceExplorer:MiniBoosters","floor":32,"key":"SMITH"},{"data":"RobotSpaceExplorer:MiniLasers","floor":42,"key":"SMITH"},{"floor":44,"key":"RECALL"},{"data":"RobotSpaceExplorer:ShovelStrike","floor":47,"key":"SMITH"},{"data":"RobotSpaceExplorer:Autoloader","floor":49,"key":"SMITH"},{"data":"RobotSpaceExplorer:Strike","floor":52,"key":"SMITH"}],"circlet_count":0,"master_deck":["RobotSpaceExplorer:Strike+1","RobotSpaceExplorer:Defend","RobotSpaceExplorer:Defend","RobotSpaceExplorer:Defend","RobotSpaceExplorer:Scan","RobotSpaceExplorer:MiniLasers+1","RobotSpaceExplorer:Probe","RobotSpaceExplorer:DoubleFind+1","RobotSpaceExplorer:PowerGlove+1","RobotSpaceExplorer:MiniDrones","RobotSpaceExplorer:Calculate+1","RobotSpaceExplorer:MetalStrike","RobotSpaceExplorer:ScrapShield","RobotSpaceExplorer:ImprovisedAttack+1","RobotSpaceExplorer:DroneSwarm","RobotSpaceExplorer:ScrapMissile+1","RobotSpaceExplorer:LuckyStrike","RobotSpaceExplorer:PowerGlove+1","RobotSpaceExplorer:Ammunition+1","RobotSpaceExplorer:DualCore+1","RobotSpaceExplorer:MiniBoosters+1","RobotSpaceExplorer:ShovelStrike+1","RobotSpaceExplorer:MiniBoosters+1","RobotSpaceExplorer:ImprovisedAttack+1","RobotSpaceExplorer:Counterblock+1","RobotSpaceExplorer:ScrapShield+1","RobotSpaceExplorer:FranticSearch+1","RobotSpaceExplorer:Autoloader+1"],"relics":["RobotSpaceExplorer:RoboCore","Ancient Tea Set","Strawberry","RobotSpaceExplorer:SearchSpecs","Dream Catcher","MutagenicStrength","InkBottle","Tiny Chest","Kunai","Singing Bowl","Coffee Dripper","Mummified Hand","Prayer Wheel","Lantern","Akabeko","Anchor","HandDrill","Blood Vial"],"acts_visited":["Exordium","TheCity","TheBeyond","TheEnding"],"potions_floor_usage":[23,30,30,50,55,55],"damage_taken":[{"damage":0.0,"enemies":"Jaw Worm","floor":1.0,"turns":5.0},{"damage":0.0,"enemies":"Small Slimes","floor":4.0,"turns":3.0},{"damage":0.0,"enemies":"Cultist","floor":7.0,"turns":2.0},{"damage":3.0,"enemies":"Lots of Slimes","floor":8.0,"turns":2.0},{"damage":0.0,"enemies":"Blue Slaver","floor":11.0,"turns":3.0},{"damage":0.0,"enemies":"Gremlin Nob","floor":13.0,"turns":3.0},{"damage":22.0,"enemies":"The Guardian","floor":16.0,"turns":8.0},{"damage":0,"enemies":"3 Byrds","floor":18,"turns":3},{"damage":0,"enemies":"Chosen","floor":20,"turns":2},{"damage":19,"enemies":"Slavers","floor":23,"turns":3},{"damage":4,"enemies":"3 Cultists","floor":25,"turns":3},{"damage":18,"enemies":"Gremlin Leader","floor":27,"turns":4},{"damage":2,"enemies":"Centurion and Healer","floor":29,"turns":2},{"damage":2,"enemies":"Sentry and Sphere","floor":30,"turns":5},{"damage":1,"enemies":"Cultist and Chosen","floor":31,"turns":4},{"damage":3,"enemies":"Champ","floor":33,"turns":5},{"damage":0,"enemies":"Orb Walker","floor":35,"turns":2},{"damage":0,"enemies":"3 Shapes","floor":36,"turns":1},{"damage":0,"enemies":"Sphere and 2 Shapes","floor":38,"turns":3},{"damage":0,"enemies":"Giant Head","floor":40,"turns":5},{"damage":11,"enemies":"4 Shapes","floor":41,"turns":3},{"damage":0,"enemies":"Spire Growth","floor":45,"turns":2},{"damage":0,"enemies":"Reptomancer","floor":46,"turns":4},{"damage":0,"enemies":"Transient","floor":48,"turns":5},{"damage":35,"enemies":"Time Eater","floor":50,"turns":5},{"damage":0,"enemies":"Shield and Spear","floor":54,"turns":4},{"damage":82,"enemies":"The Heart","floor":55,"turns":7}],"seed_played":"4553031448533196408","potions_obtained":[{"floor":4.0,"key":"SkillPotion"},{"floor":8.0,"key":"Block Potion"},{"floor":13.0,"key":"PowerPotion"},{"floor":33,"key":"BlessingOfTheForge"},{"floor":35,"key":"RobotSpaceExplorer:LiquidFusion"},{"floor":36,"key":"RobotSpaceExplorer:RecyclePotion"}],"is_trial":false,"path_per_floor":["M","?","T","M","$","R","M","M","T","R","M","R","E","?","R","B",null,"M","?","M","?","$","E","?","M","T","E","R","M","M","M","R","B",null,"M","M","$","M","?","E","M","R","T","R","M","E","R","M","R","B",null,"R","$","E","B",null],"character_chosen":"RobotSpaceExplorer","items_purchased":["RobotSpaceExplorer:PowerGlove","RobotSpaceExplorer:PowerGlove","Mummified Hand","Anchor","HandDrill"],"campfire_rested":0,"item_purchase_floors":[5,22,37,53,53],"current_hp_per_floor":[82,71,71,71,71,71,71,68,68,68,68,68,75,75,75,53,89,89,89,89,89,89,70,70,66,66,48,48,46,46,47,47,46,95,97,97,97,99,99,99,88,88,88,88,88,90,90,92,92,57,103,103,103,105,23],"gold":32,"neow_bonus":"TEN_PERCENT_HP_BONUS","is_daily":false,"chose_seed":false,"campfire_upgraded":10,"win_rate":0.0,"timestamp":1610568781,"path_taken":["M","?","?","M","?","R","M","M","T","R","M","R","E","?","R","BOSS","M","?","?","?","$","E","?","M","T","E","R","M","?","M","R","BOSS","M","M","$","M","?","E","M","R","T","R","M","E","R","?","R","BOSS","R","$","E","BOSS"],"items_purchased_type":["Card","Card","Relic","Relic","Relic"],"build_version":"2020-12-22","purchased_purges":3,"victory":true,"max_hp_per_floor":[82,82,82,82,82,82,82,82,82,82,82,82,89,89,89,89,89,89,89,89,89,89,89,89,89,89,89,89,89,91,93,93,95,95,97,97,97,99,99,99,99,99,99,99,99,101,101,103,103,103,103,103,103,105,105],"card_choices":[{"not_picked":["RobotSpaceExplorer:FreezeRay","RobotSpaceExplorer:FranticSearch"],"picked":"RobotSpaceExplorer:Probe","floor":1.0},{"not_picked":["RobotSpaceExplorer:ShovelStrike","RobotSpaceExplorer:ScrapToss"],"picked":"RobotSpaceExplorer:DoubleFind","floor":4.0},{"not_picked":["RobotSpaceExplorer:StunGrenade","RobotSpaceExplorer:Electroshield"],"picked":"RobotSpaceExplorer:MiniDrones","floor":7.0},{"not_picked":["RobotSpaceExplorer:SwiftStep","RobotSpaceExplorer:ShovelStrike"],"picked":"RobotSpaceExplorer:Calculate","floor":8.0},{"not_picked":["RobotSpaceExplorer:ScrapMissile","RobotSpaceExplorer:PlasmaMissile"],"picked":"RobotSpaceExplorer:MetalStrike","floor":11.0},{"not_picked":["RobotSpaceExplorer:BlastShield","RobotSpaceExplorer:GlueShot"],"picked":"RobotSpaceExplorer:ScrapShield","floor":13.0},{"not_picked":["RobotSpaceExplorer:Blaster","RobotSpaceExplorer:Comet"],"picked":"RobotSpaceExplorer:DroneSwarm","floor":16.0},{"not_picked":["RobotSpaceExplorer:SwiftStep","RobotSpaceExplorer:ShockKick"],"picked":"RobotSpaceExplorer:ScrapMissile+1","floor":18},{"not_picked":["RobotSpaceExplorer:SwiftStep","RobotSpaceExplorer:MiniDrones"],"picked":"RobotSpaceExplorer:LuckyStrike","floor":20},{"not_picked":["RobotSpaceExplorer:ExhaustFan","RobotSpaceExplorer:Autoloader"],"picked":"RobotSpaceExplorer:Exploration","floor":23},{"not_picked":["RobotSpaceExplorer:Counterblock","RobotSpaceExplorer:SlimeMissile"],"picked":"RobotSpaceExplorer:Ammunition+1","floor":25},{"not_picked":["RobotSpaceExplorer:FreezeRay","RobotSpaceExplorer:Asteroid"],"picked":"RobotSpaceExplorer:DualCore+1","floor":27},{"not_picked":["RobotSpaceExplorer:FranticSearch","RobotSpaceExplorer:MiniDrones"],"picked":"RobotSpaceExplorer:MiniBoosters","floor":29},{"not_picked":["RobotSpaceExplorer:IronShell","RobotSpaceExplorer:GlueSpray+1","RobotSpaceExplorer:ImprovisedAttack"],"picked":"Singing Bowl","floor":30},{"not_picked":["RobotSpaceExplorer:Jetpack+1","RobotSpaceExplorer:MiniDrones","RobotSpaceExplorer:ScrapMissile"],"picked":"Singing Bowl","floor":31},{"not_picked":["RobotSpaceExplorer:Explosion","RobotSpaceExplorer:DroneSwarm","RobotSpaceExplorer:Blaster"],"picked":"Singing Bowl","floor":33},{"not_picked":["RobotSpaceExplorer:PlasmaMissile","RobotSpaceExplorer:PowerCollector","RobotSpaceExplorer:Electropulse+1"],"picked":"Singing Bowl","floor":35},{"not_picked":["RobotSpaceExplorer:DoubleBlock+1","RobotSpaceExplorer:Pulsar"],"picked":"RobotSpaceExplorer:ShovelStrike","floor":36},{"not_picked":["RobotSpaceExplorer:DualCore","RobotSpaceExplorer:ToxicBomb+1","RobotSpaceExplorer:BigMissile"],"picked":"Singing Bowl","floor":38},{"not_picked":["RobotSpaceExplorer:PlasmaMissile","RobotSpaceExplorer:ShockKick+1"],"picked":"RobotSpaceExplorer:MiniBoosters+1","floor":40},{"not_picked":["RobotSpaceExplorer:Ammunition+1","RobotSpaceExplorer:Blitz"],"picked":"RobotSpaceExplorer:ImprovisedAttack+1","floor":41},{"not_picked":["RobotSpaceExplorer:SurgingShield+1","RobotSpaceExplorer:MetalStrike+1"],"picked":"RobotSpaceExplorer:Counterblock+1","floor":41},{"not_picked":["RobotSpaceExplorer:LuckyStrike+1","RobotSpaceExplorer:MakeshiftVolley"],"picked":"RobotSpaceExplorer:ScrapShield+1","floor":45},{"not_picked":["RobotSpaceExplorer:MakeshiftVolley","RobotSpaceExplorer:MiniDrones"],"picked":"RobotSpaceExplorer:FranticSearch+1","floor":45},{"not_picked":["RobotSpaceExplorer:Probe","RobotSpaceExplorer:IronShell+1","RobotSpaceExplorer:SwiftStep+1"],"picked":"Singing Bowl","floor":46},{"not_picked":["RobotSpaceExplorer:StunGrenade+1","RobotSpaceExplorer:SlimeMissile"],"picked":"RobotSpaceExplorer:Autoloader","floor":48},{"not_picked":["RobotSpaceExplorer:MiniDrones","RobotSpaceExplorer:FreezingShield","RobotSpaceExplorer:ScrapMissile+1"],"picked":"Singing Bowl","floor":48},{"not_picked":["RobotSpaceExplorer:FrostMissile+1","RobotSpaceExplorer:Fix","RobotSpaceExplorer:SwiftStep"],"picked":"Singing Bowl","floor":54}],"player_experience":341559,"relics_obtained":[{"floor":3.0,"key":"Ancient Tea Set"},{"floor":13.0,"key":"Strawberry"},{"floor":19,"key":"Dream Catcher"},{"floor":23,"key":"InkBottle"},{"floor":26,"key":"Tiny Chest"},{"floor":27,"key":"Kunai"},{"floor":27,"key":"Singing Bowl"},{"floor":40,"key":"Prayer Wheel"},{"floor":43,"key":"Lantern"},{"floor":46,"key":"Akabeko"},{"floor":54,"key":"Blood Vial"}],"event_choices":[{"damage_healed":0.0,"max_hp_gain":0.0,"max_hp_loss":0.0,"gold_gain":75.0,"event_name":"World of Goop","player_choice":"Gather Gold","floor":2.0,"gold_loss":0.0,"damage_taken":11.0},{"damage_healed":0.0,"max_hp_gain":0.0,"max_hp_loss":0.0,"gold_gain":0.0,"cards_transformed":["RobotSpaceExplorer:Defend"],"event_name":"Transmorgrifier","player_choice":"Transformed","floor":14.0,"gold_loss":0.0,"damage_taken":0.0,"cards_obtained":["RobotSpaceExplorer:ImprovisedAttack"]},{"damage_healed":0,"gold_gain":0,"player_choice":"Relic","damage_taken":0,"max_hp_gain":0,"max_hp_loss":0,"event_name":"Wheel of Change","floor":19,"gold_loss":0},{"damage_healed":0,"gold_gain":0,"player_choice":"Inject Mutagens","damage_taken":0,"relics_obtained":["MutagenicStrength"],"max_hp_gain":0,"max_hp_loss":0,"event_name":"Drug Dealer","floor":21,"gold_loss":0},{"damage_healed":0,"gold_gain":0,"player_choice":"Bought 0 Potions","damage_taken":0,"max_hp_gain":0,"max_hp_loss":0,"event_name":"The Woman in Blue","floor":24,"gold_loss":0},{"damage_healed":0,"gold_gain":100,"player_choice":"Pray","damage_taken":0,"max_hp_gain":0,"max_hp_loss":0,"event_name":"Golden Shrine","floor":39,"gold_loss":0}],"is_beta":false,"boss_relics":[{"not_picked":["Astrolabe","SlaversCollar"],"picked":"RobotSpaceExplorer:SearchSpecs"},{"not_picked":["Calling Bell","Cursed Key"],"picked":"Coffee Dripper"}],"items_purged_floors":[5,22,37],"is_endless":false,"potions_floor_spawned":[4,8,11,13,18,27,29,33,35,36,45,46],"ascension_level":0}}