{"host":"uy8b0cpr77u3s9v1","time":1610578078,"event":{"mods":["2.2 Compatiblity","Act Like it!","BaseMod","BetterRewards","Conspire","Defuse TimeMaze Blight","Downfall","Gensokyo","Hubris","Infinite Spire","KinomotoSakuraMod(ñÿîVñ{?)","Lobotomy","LobotomyExtend","MarisaÅiñ∂âJÅ@ñÇóùçπÅj","Minty Spire (QoL Compilation)","Pale of the Ancients","Replay The Spire","StSLib","Synergy Search","The Alterego","The Jungle","The Marked","The Senshi","UnlockEverythingMod","Wandering Minibosses"],"gold_per_floor":[99,113,133,163,163,163,213,213,227,227,60,75,87,72,90,190,190,190,206,226,243,243,274,300,300,70,85,170,155,155,56,76,177,177,177,196,208,208,218,228,228,228,228,228],"floor_reached":42,"language":"ENG","playtime":3214,"items_purged":[],"score":560,"play_id":"f7e499fa-70d0-43f9-9812-861158cf7180","local_time":"20210113164758","is_ascension_mode":false,"campfire_choices":[{"data":"Guardian:PiercingHide","floor":18,"key":"SMITH"},{"floor":25,"key":"REST"},{"floor":35,"key":"RECALL"}],"circlet_count":0,"master_deck":["Guardian:Strike_Guardian","Guardian:Strike_Guardian","Guardian:Strike_Guardian","Guardian:Strike_Guardian","Guardian:Defend_Guardian","Guardian:Defend_Guardian","Guardian:Defend_Guardian","Guardian:Defend_Guardian","Guardian:CurlUp","Guardian:TwinSlam+1","Guardian:Recover","Guardian:WalkerClaw","Guardian:PiercingHide+1","Guardian:ChargeUp","Guardian:ChargeCore","Guardian:ShieldSpikes","Guardian:RollAttack","Guardian:ChargeCore","Guardian:FloatingOrbs+1","Guardian:GuardianWhirl","Guardian:Reroute","Guardian:RevengeProtocol","Guardian:TemporalStrike","Guardian:DonusPower","Guardian:BronzeArmor","Guardian:AncientConstruct","Guardian:Harden","Guardian:PiercingHide","Guardian:Gem_Fragmented","Guardian:Gem_Cyan","Guardian:TimeCapacitor","Guardian:Gem_Purple","Guardian:Gem_Cyan","Guardian:SpikerProtocol","Guardian:PiercingHide","Guardian:StasisField","Guardian:PrismaticBarrier+1","Guardian:TemporalShield","Guardian:PiercingHide+1","Guardian:Incinerate+1","Guardian:Strike_Guardian","Guardian:Strike_Guardian","Guardian:Strike_Guardian","Guardian:Strike_Guardian","Guardian:Defend_Guardian","Guardian:Defend_Guardian","Guardian:Defend_Guardian","Guardian:Defend_Guardian","Guardian:CurlUp","Guardian:TwinSlam+1","Guardian:Recover","Guardian:WalkerClaw","Guardian:PiercingHide+1","Guardian:ChargeUp","Guardian:ChargeCore","Guardian:ShieldSpikes","Guardian:RollAttack","Guardian:ChargeCore","Guardian:FloatingOrbs+1","Guardian:GuardianWhirl","Guardian:Reroute","Guardian:RevengeProtocol","Guardian:TemporalStrike","Guardian:DonusPower","Guardian:BronzeArmor","Guardian:AncientConstruct","Guardian:Harden","Guardian:PiercingHide","Guardian:Gem_Fragmented","Guardian:Gem_Cyan","Guardian:TimeCapacitor","Guardian:Gem_Purple","Guardian:Gem_Cyan","Guardian:SpikerProtocol","Guardian:PiercingHide","Guardian:StasisField","Guardian:PrismaticBarrier+1","Guardian:TemporalShield","Guardian:PiercingHide+1","Guardian:Incinerate+1","Guardian:PiercingHide","Guardian:FloatingOrbs+1","Guardian:Gem_Orange"],"relics":["Guardian:ModeShifter","LetterFromLob","infinitespire:Lucky Rock","Guardian:StasisSlotReductionRelic","Regal Pillow","Simple Rune","Prayer Wheel","conspire:SpecialSausage"],"acts_visited":["Exordium","TheCity","TheBeyond"],"potions_floor_usage":[11,23,29,33,36,42],"damage_taken":[{"damage":1,"enemies":"Cultist","floor":2,"turns":3},{"damage":0,"enemies":"2 Louse","floor":3,"turns":3},{"damage":3,"enemies":"Small Slimes","floor":9,"turns":4},{"damage":5,"enemies":"downfall:FleeingMerchant","floor":11,"turns":4},{"damage":7,"enemies":"2 Fungi Beasts","floor":12,"turns":3},{"damage":12,"enemies":"Blue Slaver","floor":13,"turns":3},{"damage":0,"enemies":"downfall:FleeingMerchant","floor":14,"turns":4},{"damage":0,"enemies":"3 Louse","floor":15,"turns":2},{"damage":10,"enemies":"downfall:Silent","floor":16,"turns":9},{"damage":0,"enemies":"3 Byrds","floor":19,"turns":3},{"damage":0,"enemies":"Chosen","floor":20,"turns":3},{"damage":12,"enemies":"3 Cultists","floor":21,"turns":4},{"damage":19,"enemies":"Book of Stabbing","floor":23,"turns":6},{"damage":6,"enemies":"downfall:FleeingMerchant","floor":26,"turns":4},{"damage":10,"enemies":"Shelled Parasite and Fungi","floor":27,"turns":5},{"damage":5,"enemies":"downfall:FleeingMerchant","floor":29,"turns":4},{"damage":0,"enemies":"downfall:FleeingMerchant","floor":31,"turns":1},{"damage":7,"enemies":"Cultist and Chosen","floor":32,"turns":6},{"damage":40,"enemies":"downfall:Ironclad","floor":33,"turns":10},{"damage":13,"enemies":"3 Darklings","floor":36,"turns":3},{"damage":15,"enemies":"3 Shapes","floor":37,"turns":2},{"damage":19,"enemies":"3 Darklings","floor":39,"turns":4},{"damage":24,"enemies":"Jaw Worm Horde","floor":40,"turns":7},{"damage":9,"enemies":"Sphere and 2 Shapes","floor":42,"turns":3}],"seed_played":"2110588029395113601","potions_obtained":[{"floor":9,"key":"AttackPotion"},{"floor":21,"key":"Guardian:BlockOnCardUsePotion"},{"floor":27,"key":"Block Potion"},{"floor":32,"key":"conspire:TimeTravelPotion"},{"floor":33,"key":"Explosive Potion"},{"floor":37,"key":"Strength Potion"}],"is_trial":false,"path_per_floor":["R","M","M","?","?","?","T","?","M","?","$","M","M","$","M","B",null,"R","M","M","M","?","E","T","R","$","M","?","$","?","$","M","B",null,"R","M","M","?","M","M","T","M"],"character_chosen":"GUARDIAN","items_purchased":["Guardian:RollAttack","Guardian:ChargeCore","Guardian:FloatingOrbs+1","Guardian:AncientConstruct","Guardian:Harden","Guardian:TimeCapacitor","Guardian:Gem_Purple","Guardian:Gem_Cyan","Prayer Wheel"],"campfire_rested":1,"item_purchase_floors":[11,11,11,26,26,31,31,31,31],"current_hp_per_floor":[80,79,79,79,61,61,61,61,58,80,75,68,56,56,56,46,80,80,80,80,68,68,49,49,80,74,64,48,43,43,43,36,1,80,80,67,52,52,33,9,9,0,0,0],"gold":228,"neow_bonus":"UPGRADE_CARD","is_daily":false,"chose_seed":false,"campfire_upgraded":1,"win_rate":0.0,"timestamp":1610578078,"path_taken":["R","M","M","?","?","?","T","?","M","?","?","M","?","$","M","BOSS","R","M","M","?","?","E","T","R","$","M","?","$","?","?","M","BOSS","R","M","M","?","?","M","T","M"],"items_purchased_type":["Card","Card","Card","Card","Card","Card","Card","Card","Relic"],"build_version":"2020-12-22","purchased_purges":0,"victory":false,"max_hp_per_floor":[80,80,80,80,80,80,80,80,80,80,80,80,80,80,80,80,80,80,80,80,80,80,80,80,80,80,80,80,80,80,80,80,80,80,80,80,80,80,80,80,80,80,80,80],"card_choices":[{"not_picked":["Guardian:PrimingBeam","Guardian:DecasProtection"],"picked":"Guardian:Recover","floor":2},{"not_picked":["Guardian:WalkerClaw","Guardian:Incinerate"],"picked":"Guardian:Gem_Blue","floor":3},{"not_picked":["Guardian:CrystalBeam","Guardian:Gem_Green"],"picked":"Guardian:Gem_Red","floor":9},{"not_picked":["Guardian:Reroute","Guardian:TemporalShield"],"picked":"Guardian:ShieldSpikes","floor":11},{"not_picked":["Guardian:Gem_White","Guardian:Planning"],"picked":"Guardian:Gem_Orange","floor":12},{"not_picked":["Guardian:Reroute","Guardian:Gem_Lightblue"],"picked":"Guardian:GuardianWhirl","floor":13},{"not_picked":["Guardian:Gem_Blue","Guardian:PrimingBeam","Guardian:PrismaticBeam"],"picked":"SKIP","floor":14},{"not_picked":["Guardian:PrimingBeam","Guardian:Incinerate"],"picked":"Guardian:Reroute","floor":15},{"not_picked":["Guardian:Gem_Orange","Guardian:BaubleBeam"],"picked":"Guardian:RevengeProtocol","floor":16},{"not_picked":["Guardian:FloatingOrbs","Guardian:CrystalBeam"],"picked":"Guardian:TemporalStrike","floor":19},{"not_picked":["Guardian:SphericShield","Guardian:Reroute"],"picked":"Guardian:DonusPower","floor":20},{"not_picked":["Guardian:ShieldCharger","Guardian:GuardianWhirl","Guardian:Emergency"],"picked":"SKIP","floor":21},{"not_picked":["Guardian:Planning","Guardian:TimeBomb+1","Guardian:SentryBeam"],"picked":"SKIP","floor":23},{"not_picked":["Guardian:VentSteam","Guardian:Gem_Lightblue"],"picked":"Guardian:BronzeArmor","floor":26},{"not_picked":["Guardian:Recover","Guardian:Reroute"],"picked":"Guardian:PiercingHide","floor":27},{"not_picked":["Guardian:RollAttack","Guardian:ExploitGems"],"picked":"Guardian:Gem_Fragmented","floor":29},{"not_picked":["Guardian:BronzeOrb","Guardian:Emergency"],"picked":"Guardian:Gem_Cyan","floor":31},{"not_picked":["Guardian:Gem_Fragmented","Guardian:DecasProtection"],"picked":"Guardian:SpikerProtocol","floor":32},{"not_picked":["Guardian:Harden","Guardian:Gem_White"],"picked":"Guardian:PiercingHide","floor":32},{"not_picked":["Guardian:AncientConstruct","Guardian:BaubleBeam"],"picked":"Guardian:StasisField","floor":33},{"not_picked":["Guardian:Gem_Cyan","Guardian:Preprogram"],"picked":"Guardian:PrismaticBarrier+1","floor":36},{"not_picked":["Guardian:WalkerClaw","Guardian:Planning"],"picked":"Guardian:TemporalShield","floor":36},{"not_picked":["Guardian:Gem_Purple","Guardian:Gem_Lightblue"],"picked":"Guardian:PiercingHide+1","floor":37},{"not_picked":["Guardian:ShieldCharger","Guardian:Gem_Green"],"picked":"Guardian:Incinerate+1","floor":37},{"not_picked":["Guardian:Gem_White","Guardian:Recover+1"],"picked":"Guardian:PiercingHide","floor":39},{"not_picked":["Guardian:TimeBomb","Guardian:ShieldCharger","Guardian:Gem_Red"],"picked":"SKIP","floor":39},{"not_picked":["Guardian:Repulse+1","Guardian:SentryBeam+1"],"picked":"Guardian:FloatingOrbs+1","floor":40},{"not_picked":["Guardian:ChargeCore+1","Guardian:WalkerClaw"],"picked":"Guardian:Gem_Orange","floor":40}],"player_experience":536101,"relics_obtained":[{"floor":2,"key":"LetterFromLob"},{"floor":7,"key":"infinitespire:Lucky Rock"},{"floor":23,"key":"Regal Pillow"},{"floor":24,"key":"Simple Rune"}],"event_choices":[{"damage_healed":26,"gold_gain":0,"player_choice":"Banana","damage_taken":0,"max_hp_gain":0,"max_hp_loss":0,"event_name":"Big Fish","floor":10,"gold_loss":0},{"damage_healed":0,"gold_gain":0,"player_choice":"Ignored","damage_taken":0,"max_hp_gain":0,"max_hp_loss":0,"event_name":"Vampires","floor":30,"gold_loss":0}],"is_beta":false,"boss_relics":[{"not_picked":["hubris:CrackedHourglass","Snecko Eye"],"picked":"Guardian:StasisSlotReductionRelic"},{"not_picked":["infinitespire:Cupcake","Painkiller Herb"],"picked":"conspire:SpecialSausage"}],"items_purged_floors":[],"is_endless":false,"potions_floor_spawned":[2,3,9,16,21,27,32,33,37],"killed_by":"Sphere and 2 Shapes","ascension_level":0}}