{"host":"3a1ypf1irl30q4k8","time":1610562893,"event":{"mods":["AchievementEnabler","BaseMod","Bestiary","Colored Map","Minty Spire (QoL Compilation)","Relic Stats"],"gold_per_floor":[114,129,141,158,168,196,196,206,277,302,316,341,341,372,372,471,471,483,496,508,527,539,567,567,567,567,567,579,579,120,140,140,245,245,259,314,314,328,348,348,40,40,63,63,98,98,98,0,0,0,0],"floor_reached":50,"language":"ENG","playtime":2485,"items_purged":["Defend_R"],"score":716,"play_id":"8ba38c02-6594-4d3a-9690-0348bb613e07","local_time":"20210113183453","is_ascension_mode":true,"campfire_choices":[{"data":"Second Wind","floor":7.0,"key":"SMITH"},{"data":"Clash","floor":15.0,"key":"SMITH"},{"floor":25,"key":"REST"},{"floor":27,"key":"REST"},{"floor":29,"key":"REST"},{"data":"Wild Strike","floor":32,"key":"SMITH"},{"floor":40,"key":"REST"},{"floor":42,"key":"RECALL"},{"data":"Corruption","floor":44,"key":"SMITH"},{"data":"Impervious","floor":46,"key":"SMITH"},{"floor":49,"key":"REST"}],"circlet_count":0,"master_deck":["Strike_R","Strike_R","Strike_R","Strike_R","Strike_R","Defend_R+1","Defend_R","Defend_R+1","Bash","Clash","Second Wind+1","Cleave","Hemokinesis","Bludgeon","Clash+1","Wild Strike+1","Thunderclap","Juggernaut","Iron Wave","Impervious+1","Clash+1","Demon Form","Warcry","Clash+1","Ghostly Armor","Decay","Swift Strike","Corruption+1","True Grit+1","Intimidate+1","Anger+1"],"relics":["Black Blood","FossilizedHelix","War Paint","Paper Frog","Kunai","Unceasing Top","Strawberry","Philosopher\u0027s Stone","Akabeko","Pen Nib","Mango","Prayer Wheel","Ornamental Fan","Dream Catcher","Bird Faced Urn","Red Mask"],"acts_visited":["Exordium","TheCity","TheBeyond"],"potions_floor_usage":[21,22,39,39,45,47],"damage_taken":[{"damage":4.0,"enemies":"Jaw Worm","floor":1.0,"turns":4.0},{"damage":5.0,"enemies":"Cultist","floor":2.0,"turns":4.0},{"damage":0.0,"enemies":"Small Slimes","floor":3.0,"turns":3.0},{"damage":0.0,"enemies":"3 Louse","floor":4.0,"turns":2.0},{"damage":10.0,"enemies":"2 Fungi Beasts","floor":5.0,"turns":3.0},{"damage":0.0,"enemies":"Gremlin Nob","floor":6.0,"turns":2.0},{"damage":2.0,"enemies":"Exordium Thugs","floor":8.0,"turns":2.0},{"damage":5.0,"enemies":"3 Sentries","floor":10.0,"turns":4.0},{"damage":11.0,"enemies":"Looter","floor":11.0,"turns":2.0},{"damage":23.0,"enemies":"Lagavulin","floor":12.0,"turns":5.0},{"damage":11.0,"enemies":"3 Sentries","floor":14.0,"turns":6.0},{"damage":36.0,"enemies":"The Guardian","floor":16.0,"turns":11.0},{"damage":12.0,"enemies":"Shell Parasite","floor":18.0,"turns":4.0},{"damage":11.0,"enemies":"3 Byrds","floor":19.0,"turns":4.0},{"damage":11.0,"enemies":"Centurion and Healer","floor":20.0,"turns":5.0},{"damage":5,"enemies":"Cultist and Chosen","floor":21,"turns":5},{"damage":24,"enemies":"Shelled Parasite and Fungi","floor":22,"turns":6},{"damage":42,"enemies":"Book of Stabbing","floor":23,"turns":4},{"damage":25,"enemies":"Snecko","floor":28,"turns":4},{"damage":0,"enemies":"Centurion and Healer","floor":31,"turns":3},{"damage":73,"enemies":"Automaton","floor":33,"turns":9},{"damage":34,"enemies":"3 Shapes","floor":35,"turns":3},{"damage":40,"enemies":"2 Orb Walkers","floor":36,"turns":5},{"damage":17,"enemies":"3 Darklings","floor":38,"turns":5},{"damage":13,"enemies":"Writhing Mass","floor":39,"turns":3},{"damage":23,"enemies":"Giant Head","floor":45,"turns":6},{"damage":10,"enemies":"Reptomancer","floor":47,"turns":2},{"damage":106,"enemies":"Time Eater","floor":50,"turns":7}],"seed_played":"-5020628626447540692","potions_obtained":[{"floor":1.0,"key":"Fire Potion"},{"floor":3.0,"key":"FearPotion"},{"floor":6.0,"key":"DuplicationPotion"},{"floor":11.0,"key":"Block Potion"},{"floor":12.0,"key":"SkillPotion"},{"floor":20,"key":"Ancient Potion"},{"floor":21,"key":"PowerPotion"},{"floor":28,"key":"Ancient Potion"},{"floor":33,"key":"FearPotion"},{"floor":36,"key":"EssenceOfSteel"},{"floor":39,"key":"SmokeBomb"}],"is_trial":false,"path_per_floor":["M","M","M","M","M","E","R","M","T","E","M","E","?","E","R","B",null,"M","M","M","M","M","E","?","R","T","R","M","R","$","M","R","B",null,"M","?","T","M","M","R","$","R","T","R","E","R","E","?","R","B"],"character_chosen":"IRONCLAD","items_purchased":["Mango","Swift Strike","Ornamental Fan","Block Potion"],"campfire_rested":5,"item_purchase_floors":[30,30,41,41],"current_hp_per_floor":[58,59,65,71,67,73,73,77,77,78,73,56,56,58,58,28,87,81,76,71,72,54,18,18,44,44,70,51,77,91,97,97,30,101,79,51,51,46,45,75,75,75,75,75,64,64,66,66,96,0,0],"gold":0,"neow_bonus":"ONE_RARE_RELIC","is_daily":false,"chose_seed":false,"campfire_upgraded":5,"win_rate":0.0,"timestamp":1610562893,"path_taken":["M","M","M","M","M","E","R","M","T","E","M","E","?","E","R","BOSS","M","?","M","M","M","E","?","R","T","R","M","R","$","M","R","BOSS","M","?","?","M","M","R","$","R","T","R","E","R","E","?","R","BOSS"],"items_purchased_type":["Relic","Card","Relic","Potion"],"build_version":"2020-12-22","purchased_purges":1,"victory":false,"max_hp_per_floor":[80,80,80,80,80,80,80,80,80,80,80,80,80,87,87,87,87,87,87,87,87,87,87,87,87,87,87,87,87,101,101,101,101,101,101,101,101,101,101,101,101,101,101,101,101,101,101,101,101,101,101],"relic_stats":{"Dream Catcher":1,"counters":[28,123],"Ornamental Fan":[20],"Bird Faced Urn":[6],"Black Blood":198,"Prayer Wheel":2,"Pen Nib":[10],"Kunai":[36],"War Paint":["Defend_R","Defend_R"],"obtain_stats":[{"Black Blood":34,"Mango":30,"Pen Nib":26,"War Paint":6,"Burning Blood":0,"Akabeko":23,"Dream Catcher":43,"Ornamental Fan":41,"Strawberry":14,"Bird Faced Urn":45,"Philosopher\u0027s Stone":17,"Prayer Wheel":36,"Red Mask":48,"Kunai":10,"FossilizedHelix":0,"Unceasing Top":12,"Paper Frog":9},{"Black Blood":21,"Mango":19,"Pen Nib":18,"War Paint":6,"Burning Blood":0,"Akabeko":18,"Dream Catcher":25,"Ornamental Fan":25,"Strawberry":11,"Bird Faced Urn":26,"Philosopher\u0027s Stone":12,"Prayer Wheel":23,"Red Mask":27,"Kunai":8,"FossilizedHelix":0,"Unceasing Top":10,"Paper Frog":7},{"Black Blood":92,"Mango":80,"Pen Nib":76,"War Paint":18,"Burning Blood":0,"Akabeko":76,"Dream Catcher":108,"Ornamental Fan":108,"Strawberry":37,"Bird Faced Urn":114,"Philosopher\u0027s Stone":48,"Prayer Wheel":100,"Red Mask":116,"Kunai":24,"FossilizedHelix":0,"Unceasing Top":31,"Paper Frog":20}],"Unceasing Top":[38]},"card_choices":[{"not_picked":["Power Through","Flex"],"picked":"Clash","floor":1.0},{"not_picked":["Twin Strike","Warcry"],"picked":"Second Wind","floor":2.0},{"not_picked":["Metallicize","Pommel Strike"],"picked":"Cleave","floor":3.0},{"not_picked":["Flame Barrier","Searing Blow"],"picked":"Hemokinesis","floor":4.0},{"not_picked":["Flex","Warcry"],"picked":"Bludgeon","floor":5.0},{"not_picked":["Disarm","Rage"],"picked":"Clash","floor":6.0},{"not_picked":["Combust","Blood for Blood"],"picked":"Wild Strike","floor":8.0},{"not_picked":["Twin Strike","Reckless Charge","Hemokinesis"],"picked":"SKIP","floor":10.0},{"not_picked":["Headbutt","Armaments"],"picked":"Thunderclap","floor":11.0},{"not_picked":["Thunderclap","Perfected Strike","Pommel Strike"],"picked":"SKIP","floor":12.0},{"not_picked":["Thunderclap","Battle Trance"],"picked":"Iron Wave","floor":14.0},{"not_picked":["Brutality","Reaper"],"picked":"Impervious","floor":16.0},{"not_picked":["Iron Wave+1","Dropkick"],"picked":"Clash+1","floor":18.0},{"not_picked":["Flex+1","Pommel Strike+1"],"picked":"Demon Form","floor":19.0},{"not_picked":["Dark Embrace","Sentinel"],"picked":"Warcry","floor":20},{"not_picked":["Wild Strike+1","Iron Wave+1"],"picked":"Clash+1","floor":21},{"not_picked":["Cleave","Armaments+1","Battle Trance"],"picked":"SKIP","floor":22},{"not_picked":["Warcry","Battle Trance+1"],"picked":"Ghostly Armor","floor":23},{"not_picked":["Rupture","Armaments","Power Through+1"],"picked":"SKIP","floor":28},{"not_picked":["Pommel Strike","Bloodletting","Double Tap"],"picked":"SKIP","floor":31},{"not_picked":["Feed","Barricade"],"picked":"Corruption","floor":33},{"not_picked":["Heavy Blade+1","Evolve","Iron Wave"],"picked":"SKIP","floor":35},{"not_picked":["Perfected Strike+1","Searing Blow"],"picked":"True Grit+1","floor":36},{"not_picked":["Body Slam+1","Sword Boomerang"],"picked":"Intimidate+1","floor":38},{"not_picked":["Shockwave","Cleave","Hemokinesis+1"],"picked":"SKIP","floor":38},{"not_picked":["Perfected Strike","Pommel Strike"],"picked":"Anger+1","floor":39},{"not_picked":["Twin Strike","Combust+1","Headbutt"],"picked":"SKIP","floor":39},{"not_picked":["Anger","Dropkick+1","Whirlwind+1"],"picked":"SKIP","floor":45}],"player_experience":1047250,"relics_obtained":[{"floor":6.0,"key":"War Paint"},{"floor":9.0,"key":"Paper Frog"},{"floor":10.0,"key":"Kunai"},{"floor":12.0,"key":"Unceasing Top"},{"floor":14.0,"key":"Strawberry"},{"floor":23,"key":"Akabeko"},{"floor":26,"key":"Pen Nib"},{"floor":36,"key":"Prayer Wheel"},{"floor":43,"key":"Dream Catcher"},{"floor":45,"key":"Bird Faced Urn"}],"event_choices":[{"damage_healed":0.0,"max_hp_gain":0.0,"max_hp_loss":0.0,"gold_gain":0.0,"event_name":"Match and Keep!","player_choice":"1 cards matched","floor":13.0,"gold_loss":0.0,"damage_taken":0.0,"cards_obtained":["Juggernaut"]},{"damage_healed":0,"gold_gain":0,"player_choice":"Smashed Altar","damage_taken":0,"max_hp_gain":0,"max_hp_loss":0,"event_name":"Forgotten Altar","floor":24,"gold_loss":0,"cards_obtained":["Decay"]},{"damage_healed":0,"gold_gain":0,"player_choice":"Fight","damage_taken":0,"max_hp_gain":0,"max_hp_loss":0,"event_name":"Mysterious Sphere","floor":36,"gold_loss":0},{"damage_healed":0,"gold_gain":0,"player_choice":"Paid","damage_taken":0,"relics_obtained":["Red Mask"],"max_hp_gain":0,"max_hp_loss":0,"event_name":"Tomb of Lord Red Mask","floor":48,"gold_loss":98}],"is_beta":false,"boss_relics":[{"not_picked":["Snecko Eye","Calling Bell"],"picked":"Philosopher\u0027s Stone"},{"not_picked":["Velvet Choker","Tiny House"],"picked":"Black Blood"}],"items_purged_floors":[30],"is_endless":false,"potions_floor_spawned":[1,3,6,11,12,20,21,28,33,36,38,39],"killed_by":"Time Eater","ascension_level":3}}