{"host":"lzzv50t0ea3gz1kk","time":1610526180,"event":{"mods":["Act Like it!","BaseMod","Downfall","Gensokyo","Hallownest","Hermit","Marisa£®ÏF”Í°°ƒß¿Ì…≥£©","Minty Spire (QoL Compilation)","Replay The Spire","StSLib","The Animator","The Bug Knight","The Marked"],"gold_per_floor":[109,124,124,124,143,143,155,155,181,181,181,181,181,181],"floor_reached":13,"language":"ZHS","playtime":490,"items_purged":[],"score":73,"play_id":"196f6979-2490-4e3b-8a9f-b184d965bcb0","local_time":"20210113162300","is_ascension_mode":false,"campfire_choices":[{"data":"hermit:Combo","floor":6,"key":"SMITH"},{"data":"hermit:Snapshot","floor":10,"key":"SMITH"},{"floor":12,"key":"REST"}],"circlet_count":0,"master_deck":["hermit:Strike_Hermit","hermit:Strike_Hermit","hermit:Strike_Hermit","hermit:Strike_Hermit","hermit:Defend_Hermit","hermit:Defend_Hermit","hermit:Defend_Hermit+1","hermit:Defend_Hermit+1","hermit:Snapshot+1","hermit:Covet","hermit:Combo+1","hermit:Dive"],"relics":["hermit:Momento","Hallownest:DreamNailRelic","War Paint"],"acts_visited":["Hallownest:Greenpath"],"potions_floor_usage":[],"damage_taken":[{"damage":0.0,"enemies":"Hallownest:2_Baldur","floor":1.0,"turns":5.0},{"damage":2.0,"enemies":"Hallownest:monsterHuskGuard","floor":2.0,"turns":3.0},{"damage":2.0,"enemies":"Hallownest:2_MossCreeps","floor":5.0,"turns":7.0},{"damage":14,"enemies":"Hallownest:Wandering_and_Horned","floor":7,"turns":7},{"damage":76,"enemies":"Hallownest:eliteMossKnight","floor":13,"turns":11}],"seed_played":"2134289706583673541","potions_obtained":[{"floor":1.0,"key":"Fire Potion"}],"is_trial":false,"path_per_floor":["M","M","?","$","M","R","M","?","T","R","?","R","E"],"character_chosen":"HERMIT","items_purchased":[],"campfire_rested":1,"item_purchase_floors":[],"current_hp_per_floor":[82,80,80,80,78,78,64,64,64,64,55,79,3,3],"gold":181,"neow_bonus":"TEN_PERCENT_HP_BONUS","is_daily":false,"chose_seed":false,"campfire_upgraded":2,"win_rate":0.0,"timestamp":1610526180,"path_taken":["M","M","?","$","?","R","M","?","T","R","?","R","E"],"items_purchased_type":[],"build_version":"2020-12-22","purchased_purges":0,"victory":false,"max_hp_per_floor":[82,82,82,82,82,82,82,82,82,82,82,82,82,82],"card_choices":[{"not_picked":["hermit:Feint","hermit:FlashPowder"],"picked":"hermit:Combo","floor":1.0},{"not_picked":["hermit:HighCaliber","hermit:WideOpen","hermit:Snipe"],"picked":"SKIP","floor":2.0},{"not_picked":["hermit:Roulette","hermit:ItchyTrigger"],"picked":"hermit:Dive","floor":5.0},{"not_picked":["hermit:FullyLoaded","hermit:Malice","hermit:Midnight"],"picked":"SKIP","floor":7}],"player_experience":412707,"relics_obtained":[{"floor":9,"key":"War Paint"}],"event_choices":[],"is_beta":false,"boss_relics":[],"items_purged_floors":[],"is_endless":false,"potions_floor_spawned":[1],"killed_by":"Hallownest:eliteMossKnight","ascension_level":0}}