{"host":"lgow17wc5wawziz1","time":1610554515,"event":{"mods":["Act Like it!","Aspiration","BaseMod","Hubris","Minty Spire (QoL Compilation)","MostiFishMod","Quick Restart","Replay The Spire","StSLib","¡¼?Úª?ø«¡½REMEMod"],"gold_per_floor":[111,125,139,139,139,139,171,171,171,171,197,15,62,89,89,202,302,323,323,342,112,136,166,166],"floor_reached":23,"language":"KOR","playtime":881,"items_purged":["Strike_B"],"score":277,"play_id":"4b9a43e9-5805-43e7-a58a-fbd616b5db83","local_time":"20210114011515","is_ascension_mode":true,"campfire_choices":[{"data":"Ragnarok","floor":6.0,"key":"SMITH"},{"data":"Double Energy","floor":8.0,"key":"SMITH"},{"data":"Turbo","floor":10.0,"key":"SMITH"},{"floor":15.0,"key":"DIG"}],"circlet_count":0,"master_deck":["Strike_B","Strike_B","Strike_B","Defend_B","Defend_B","Defend_B","Defend_B","Zap","Dualcast","Ragnarok+1","Turbo+1","Double Energy+1","Echo Form","Hologram","Crystallizer","Leap","MostiFishMod:DawningShadow+1","Leap","Auto Shields","BasicCrystalCard","MostiFishMod:OneDayCity","Defragment","MostiFishMod:Prepare"],"relics":["Cracked Core","DaveBox","REME_ComplimentaryCards","SynthV:TestCard","hubris:Icosahedron","CeramicFish","Replay:Bottled Flurry","Membership Card","hubris:BallOfYels","Cables","Replay:Wanted Poster","ReplayTheSpireMod:TigerMarble"],"acts_visited":["Exordium","TheCity"],"potions_floor_usage":[16,23,23],"damage_taken":[{"damage":3.0,"enemies":"Small Slimes","floor":1.0,"turns":4.0},{"damage":12.0,"enemies":"Jaw Worm","floor":2.0,"turns":2.0},{"damage":0.0,"enemies":"Cultist","floor":3.0,"turns":3.0},{"damage":20.0,"enemies":"Lagavulin","floor":7.0,"turns":6.0},{"damage":13.0,"enemies":"Blue Slaver","floor":11.0,"turns":2.0},{"damage":9.0,"enemies":"Exordium Thugs","floor":14.0,"turns":3.0},{"damage":8,"enemies":"Slime Boss","floor":16,"turns":8},{"damage":0,"enemies":"Spheric Guardian","floor":18,"turns":3},{"damage":14,"enemies":"Shell Parasite","floor":20,"turns":5},{"damage":30,"enemies":"Snake Plant","floor":22,"turns":4},{"damage":30,"enemies":"REME_1_Revenger","floor":23,"turns":3}],"seed_played":"1901893798935288050","potions_obtained":[{"floor":2.0,"key":"Energy Potion"},{"floor":7.0,"key":"FocusPotion"},{"floor":14.0,"key":"Weak Potion"},{"floor":18,"key":"REME_GoldPotion"}],"is_trial":false,"path_per_floor":["M","M","M","?","?","R","E","R","T","R","M","$","T","M","R","B",null,"M","?","M","$","M","E"],"character_chosen":"DEFECT","items_purchased":["Membership Card","Crystallizer","ReplayTheSpireMod:TigerMarble","BasicCrystalCard","MostiFishMod:OneDayCity","Defragment"],"campfire_rested":0,"item_purchase_floors":[12,12,21,21,21,21],"current_hp_per_floor":[72,60,60,65,65,65,45,45,45,45,32,32,32,23,23,15,69,69,69,55,55,25,0,0],"gold":166,"neow_bonus":"TEN_PERCENT_HP_BONUS","is_daily":false,"chose_seed":false,"campfire_upgraded":3,"win_rate":0.0,"timestamp":1610554515,"path_taken":["M","M","M","?","?","R","E","R","T","R","M","$","?","?","R","BOSS","M","?","M","$","M","E"],"items_purchased_type":["Relic","Card","Relic","Card","Card","Card"],"build_version":"2020-12-22","purchased_purges":1,"victory":false,"max_hp_per_floor":[82,82,82,87,87,87,87,87,87,87,87,87,87,87,87,87,87,87,87,87,87,87,87,87],"card_choices":[{"not_picked":["Coolheaded","Force Field"],"picked":"Turbo","floor":1.0},{"not_picked":["Leap","Sweeping Beam","Ball Lightning","Steam"],"picked":"Double Energy","floor":2.0},{"not_picked":["Streamline","Sweeping Beam","Melter","Capacitor"],"picked":"Echo Form","floor":3.0},{"not_picked":["Barrage","Thunder Strike","Compile Driver","Steam","MostiFishMod:PushDownKick"],"picked":"SKIP","floor":7.0},{"not_picked":["MostiFishMod:PushDownKick","Doom and Gloom","Capacitor","Cold Snap"],"picked":"Hologram","floor":11.0},{"not_picked":["Reprogram","Conserve Battery","Compile Driver","Ball Lightning"],"picked":"Leap","floor":14.0},{"not_picked":["MostiFishMod:Distribution","REME_ForAll","MostiFishMod:StarOceanB","MostiFishMod:IceShield"],"picked":"MostiFishMod:DawningShadow","floor":16},{"not_picked":["MostiFishMod:PushDownKick+1","Gash","Go for the Eyes+1","MostiFishMod:FluxCapactior"],"picked":"Leap","floor":18},{"not_picked":["ReplayTheSpireMod:GoodbyeWorld","Leap","Melter","Go for the Eyes"],"picked":"Auto Shields","floor":20},{"not_picked":["Conserve Battery","Panic Button","Cold Snap+1","Hologram+1"],"picked":"MostiFishMod:Prepare","floor":22}],"player_experience":315378,"relics_obtained":[{"floor":1.0,"key":"SynthV:TestCard"},{"floor":7.0,"key":"CeramicFish"},{"floor":9.0,"key":"Replay:Bottled Flurry"},{"floor":13.0,"key":"hubris:BallOfYels"},{"floor":15.0,"key":"Cables"}],"event_choices":[{"damage_healed":0.0,"max_hp_gain":5.0,"max_hp_loss":0.0,"gold_gain":0.0,"event_name":"Big Fish","player_choice":"Donut","floor":4.0,"gold_loss":0.0,"damage_taken":0.0}],"is_beta":false,"boss_relics":[{"not_picked":["TimeKeys","REME_ChargedStone"],"picked":"Replay:Wanted Poster"}],"items_purged_floors":[21],"is_endless":false,"potions_floor_spawned":[2,7,14,18,22],"killed_by":"REME_1_Revenger","ascension_level":9}}