{"host":"uy3vg6glkp8m6iit","time":1610539936,"event":{"mods":["AchievementEnabler","BaseMod","Colored Map","DeckTracker","Highlight Path","Keyboard Shortcuts","Minty Spire (QoL Compilation)","Quick Restart","Random Character Button","Rare Cards Sparkle","Relic Stats","StSLib","everything is the same but u backflip on backflip"],"gold_per_floor":[113,127,137,117,117,117,145,145,145,145,157,55,88,107,107,205,205,216,74,88,88,106,106,122,122,167,197,211,211,237,256,256,358,358,369,379,126,140,154,183,183,217,244,244,82,110,129,129,129,129,129,129,50,81,81,81],"floor_reached":55,"language":"KOR","playtime":1739,"items_purged":["Strike_G","Strike_G+1","Strike_G+1"],"score":1451,"play_id":"e84d3d00-445e-442e-b2a7-7020b9c8a1d3","local_time":"20210113211216","is_ascension_mode":true,"campfire_choices":[{"data":"Cloak And Dagger","floor":6.0,"key":"SMITH"},{"data":"1","floor":8.0,"key":"LIFT"},{"data":"2","floor":10.0,"key":"LIFT"},{"floor":15.0,"key":"REST"},{"data":"3","floor":23.0,"key":"LIFT"},{"data":"Cloak And Dagger","floor":29.0,"key":"SMITH"},{"data":"Blade Dance","floor":32.0,"key":"SMITH"},{"floor":41.0,"key":"RECALL"},{"data":"Calculated Gamble","floor":44.0,"key":"SMITH"},{"data":"Calculated Gamble","floor":49.0,"key":"SMITH"},{"data":"Acrobatics","floor":52.0,"key":"SMITH"}],"circlet_count":0,"master_deck":["AscendersBane","Strike_G+1","Strike_G+1","Defend_G+1","Defend_G+1","Defend_G+1","Defend_G+1","Defend_G+1","Survivor","Neutralize","Cloak And Dagger+1","Well Laid Plans","Endless Agony","Terror","PiercingWail","Acrobatics","Phantasmal Killer","Blade Dance+1","Dramatic Entrance","Cloak And Dagger+1","Corpse Explosion","Footwork+1","Blade Dance+1","Backflip","Calculated Gamble+1","Calculated Gamble+1","Accuracy","Acrobatics+1","Accuracy","Tactician"],"relics":["WristBlade","Girya","Sundial","Coffee Dripper","Vajra","Anchor","Gremlin Horn","SlaversCollar","MealTicket","Bag of Marbles","Tingsha","Snake Skull","Eternal Feather","InkBottle"],"acts_visited":["Exordium","TheCity","TheBeyond","TheEnding"],"potions_floor_usage":[54],"damage_taken":[{"damage":11.0,"enemies":"Jaw Worm","floor":1.0,"turns":7.0},{"damage":0.0,"enemies":"2 Louse","floor":2.0,"turns":3.0},{"damage":8.0,"enemies":"Small Slimes","floor":3.0,"turns":4.0},{"damage":15.0,"enemies":"Lagavulin","floor":7.0,"turns":5.0},{"damage":14.0,"enemies":"Red Slaver","floor":11.0,"turns":2.0},{"damage":0.0,"enemies":"Gremlin Nob","floor":13.0,"turns":2.0},{"damage":4.0,"enemies":"2 Fungi Beasts","floor":14.0,"turns":2.0},{"damage":3.0,"enemies":"The Guardian","floor":16.0,"turns":10.0},{"damage":4.0,"enemies":"Shell Parasite","floor":18.0,"turns":4.0},{"damage":4.0,"enemies":"3 Byrds","floor":20.0,"turns":3.0},{"damage":0.0,"enemies":"Snake Plant","floor":22.0,"turns":4.0},{"damage":0.0,"enemies":"Centurion and Healer","floor":24.0,"turns":4.0},{"damage":16.0,"enemies":"Slavers","floor":27.0,"turns":3.0},{"damage":0.0,"enemies":"Cultist and Chosen","floor":28.0,"turns":3.0},{"damage":0.0,"enemies":"Gremlin Leader","floor":30.0,"turns":4.0},{"damage":0.0,"enemies":"Snake Plant","floor":31.0,"turns":2.0},{"damage":0.0,"enemies":"Automaton","floor":33.0,"turns":6.0},{"damage":3.0,"enemies":"3 Shapes","floor":35.0,"turns":5.0},{"damage":0.0,"enemies":"Orb Walker","floor":36.0,"turns":2.0},{"damage":12.0,"enemies":"Maw","floor":38.0,"turns":5.0},{"damage":0.0,"enemies":"Transient","floor":39.0,"turns":5.0},{"damage":1.0,"enemies":"Giant Head","floor":40.0,"turns":4.0},{"damage":0.0,"enemies":"Reptomancer","floor":42.0,"turns":2.0},{"damage":26.0,"enemies":"Nemesis","floor":46.0,"turns":5.0},{"damage":0.0,"enemies":"Spire Growth","floor":47.0,"turns":3.0},{"damage":46.0,"enemies":"Awakened One","floor":50.0,"turns":8.0},{"damage":72,"enemies":"Shield and Spear","floor":54,"turns":6},{"damage":4,"enemies":"The Heart","floor":55,"turns":2}],"seed_played":"7234781681603129262","potions_obtained":[{"floor":3.0,"key":"SkillPotion"},{"floor":7.0,"key":"CunningPotion"},{"floor":14.0,"key":"AttackPotion"},{"floor":16.0,"key":"PowerPotion"},{"floor":20.0,"key":"SpeedPotion"},{"floor":22.0,"key":"Fire Potion"},{"floor":31.0,"key":"CunningPotion"},{"floor":47.0,"key":"BlessingOfTheForge"}],"is_trial":false,"path_per_floor":["M","M","M","?","?","R","E","R","T","R","M","$","E","M","R","B",null,"M","$","M","?","M","R","M","?","T","E","M","R","E","M","R","B",null,"M","M","$","M","M","E","R","E","T","R","$","E","M","?","R","B",null,"R","$","E","B"],"character_chosen":"THE_SILENT","items_purchased":["PiercingWail","Dramatic Entrance","Cloak And Dagger","MealTicket","Accuracy","Tactician"],"campfire_rested":1,"item_purchase_floors":[12,19,19,37,45,53],"current_hp_per_floor":[52,52,44,44,49,49,34,34,34,34,20,20,20,16,38,35,65,61,61,57,75,75,75,75,75,75,59,59,59,59,59,59,59,71,68,68,68,56,56,55,55,55,55,55,70,44,44,44,59,13,60,75,75,3,0,0],"gold":81,"neow_bonus":"BOSS_RELIC","is_daily":false,"chose_seed":false,"campfire_upgraded":6,"win_rate":0.0,"timestamp":1610539936,"path_taken":["M","M","M","?","?","R","E","R","T","R","M","$","E","M","R","BOSS","M","$","M","?","?","R","M","?","T","E","M","R","E","M","R","BOSS","M","M","$","M","M","E","R","E","T","R","$","E","M","?","R","BOSS","R","$","E","BOSS"],"items_purchased_type":["Card","Card","Card","Relic","Card","Card"],"build_version":"2020-12-22","purchased_purges":3,"victory":false,"max_hp_per_floor":[70,70,70,70,75,75,75,75,75,75,75,75,75,75,75,75,75,75,75,75,75,75,75,75,75,75,75,75,75,75,75,75,75,75,75,75,75,75,75,75,75,75,75,75,75,75,75,75,75,75,75,75,75,75,75,75],"relic_stats":{"Gremlin Horn":[10,10],"counters":[28,115],"Sundial":[8],"MealTicket":15,"Tingsha":[79],"Eternal Feather":30,"Snake Skull":[1],"obtain_stats":[{"Girya":7,"Gremlin Horn":30,"Vajra":26,"Tingsha":42,"Eternal Feather":46,"Snake Skull":43,"SlaversCollar":34,"Anchor":27,"WristBlade":0,"Sundial":13,"MealTicket":37,"Coffee Dripper":17,"Bag of Marbles":40,"InkBottle":54,"Ring of the Snake":0},{"Girya":4,"Gremlin Horn":15,"Vajra":12,"Tingsha":23,"Eternal Feather":24,"Snake Skull":23,"SlaversCollar":17,"Anchor":13,"WristBlade":0,"Sundial":6,"MealTicket":19,"Coffee Dripper":8,"Bag of Marbles":22,"InkBottle":27,"Ring of the Snake":0},{"Girya":19,"Gremlin Horn":60,"Vajra":50,"Tingsha":91,"Eternal Feather":96,"Snake Skull":91,"SlaversCollar":68,"Anchor":53,"WristBlade":0,"Sundial":23,"MealTicket":75,"Coffee Dripper":35,"Bag of Marbles":89,"InkBottle":113,"Ring of the Snake":0}],"InkBottle":[1]},"card_choices":[{"not_picked":["Prepared","Distraction"],"picked":"Cloak And Dagger","floor":1.0},{"not_picked":["Deflect","Prepared"],"picked":"Well Laid Plans","floor":2.0},{"not_picked":["Flying Knee","Prepared"],"picked":"Dash","floor":3.0},{"not_picked":["Wraith Form v2","Heel Hook"],"picked":"Endless Agony","floor":7.0},{"not_picked":["Deadly Poison","Slice"],"picked":"Terror","floor":11.0},{"not_picked":["Heel Hook","Poisoned Stab","Distraction"],"picked":"SKIP","floor":13.0},{"not_picked":["Escape Plan","Deadly Poison"],"picked":"Acrobatics","floor":14.0},{"not_picked":["Bullet Time","Venomology"],"picked":"Phantasmal Killer","floor":16.0},{"not_picked":["Riddle With Holes","Reflex"],"picked":"Blade Dance","floor":18.0},{"not_picked":["Dagger Throw","Flying Knee","Poisoned Stab"],"picked":"SKIP","floor":20.0},{"not_picked":["PiercingWail","Outmaneuver"],"picked":"Corpse Explosion","floor":22.0},{"not_picked":["Dodge and Roll+1","Calculated Gamble"],"picked":"Footwork+1","floor":24.0},{"not_picked":["Dagger Throw","Calculated Gamble"],"picked":"Blade Dance+1","floor":27.0},{"not_picked":["Skewer","Catalyst","Concentrate+1"],"picked":"SKIP","floor":28.0},{"not_picked":["Skewer","Catalyst","Concentrate+1"],"picked":"SKIP","floor":28.0},{"not_picked":["Flying Knee+1","Flechettes","Prepared"],"picked":"SKIP","floor":30.0},{"not_picked":["Slice+1","Flying Knee+1"],"picked":"Backflip","floor":31.0},{"not_picked":["Prepared","Expertise","Sucker Punch+1"],"picked":"SKIP","floor":35.0},{"not_picked":["Flechettes","Blur","Bane+1"],"picked":"SKIP","floor":36.0},{"not_picked":["Flying Knee","Underhanded Strike"],"picked":"Calculated Gamble","floor":38.0},{"not_picked":["Expertise","Prepared","Heel Hook"],"picked":"SKIP","floor":39.0},{"not_picked":["Footwork","Dagger Throw"],"picked":"Calculated Gamble","floor":40.0},{"not_picked":["Slice","Sucker Punch+1","Night Terror"],"picked":"SKIP","floor":42.0},{"not_picked":["Noxious Fumes","Bane"],"picked":"Acrobatics","floor":46.0},{"not_picked":["Prepared","Slice"],"picked":"Accuracy","floor":47.0},{"not_picked":["Prepared","Caltrops","All Out Attack"],"picked":"SKIP","floor":54}],"player_experience":1473043,"relics_obtained":[{"floor":7.0,"key":"Girya"},{"floor":13.0,"key":"Sundial"},{"floor":26.0,"key":"Vajra"},{"floor":27.0,"key":"Anchor"},{"floor":30.0,"key":"Gremlin Horn"},{"floor":40.0,"key":"Bag of Marbles"},{"floor":42.0,"key":"Tingsha"},{"floor":43.0,"key":"Snake Skull"},{"floor":46.0,"key":"Eternal Feather"},{"floor":54,"key":"InkBottle"}],"event_choices":[{"damage_healed":0.0,"max_hp_gain":0.0,"max_hp_loss":0.0,"gold_gain":0.0,"event_name":"World of Goop","player_choice":"Left Gold","floor":4.0,"gold_loss":20.0,"damage_taken":0.0},{"damage_healed":0.0,"max_hp_gain":5.0,"max_hp_loss":0.0,"gold_gain":0.0,"event_name":"Big Fish","player_choice":"Donut","floor":5.0,"gold_loss":0.0,"damage_taken":0.0},{"cards_removed":["Dash"],"damage_healed":18.0,"max_hp_gain":0.0,"max_hp_loss":0.0,"gold_gain":0.0,"event_name":"Bonfire Elementals","player_choice":"Offered Uncommon","floor":21.0,"gold_loss":0.0,"damage_taken":0.0},{"damage_healed":0.0,"max_hp_gain":0.0,"max_hp_loss":0.0,"gold_gain":0.0,"event_name":"Back to Basics","player_choice":"Simplicity","floor":25.0,"gold_loss":0.0,"damage_taken":0.0,"cards_upgraded":["Strike_G","Strike_G","Strike_G","Strike_G","Defend_G","Defend_G","Defend_G","Defend_G","Defend_G"]},{"damage_healed":0.0,"max_hp_gain":0.0,"max_hp_loss":0.0,"gold_gain":0.0,"event_name":"SensoryStone","player_choice":"Memory 1","floor":48.0,"gold_loss":0.0,"damage_taken":0.0}],"is_beta":false,"boss_relics":[{"not_picked":["Snecko Eye","Sozu"],"picked":"Coffee Dripper"},{"not_picked":["Astrolabe","Cursed Key"],"picked":"SlaversCollar"}],"items_purged_floors":[12,37,45],"is_endless":false,"potions_floor_spawned":[3,7,14,16,20,22,31,33,36,40,47],"killed_by":"The Heart","ascension_level":12}}