{"host":"3x36qx7z3zqcvkt0","time":1610535736,"event":{"mods":["Act Like it!","Arknights The Spire","BaseMod","Colored Map","Colored Powertips","Downfall","Friendly Minions","Gensokyo","Koishi","LagranYue(拉格朗・月)","Marisa（F雨　魔理沙）","Minty Spire (QoL Compilation)","Prisma Mod","Replay The Spire","Shop Mod","StSLib","The Cursed","The Servant 0.9.4","Yuyuko","【功能Mod】聪明的最终Boss"],"gold_per_floor":[215,225,31,31,5,41,41,41,86,141,141,141],"floor_reached":11,"language":"ZHS","playtime":468,"items_purged":[],"score":69,"play_id":"5ba2db63-a397-4df4-afc8-3906dac385b1","local_time":"20210113190216","is_ascension_mode":false,"campfire_choices":[{"data":"ats:Thorns","floor":7,"key":"SMITH"}],"circlet_count":0,"master_deck":["ats:Strike C","ats:Strike G","ats:Strike S","ats:Strike V","ats:Armor Crushing Shot","ats:Defend","ats:Defend","ats:Defend","ats:Defend","ats:Emotion Absorption","ats:Soul Absorption","ats:Thorns+1","ats:Healing Drone","ats:Poison Spread","ats:Assault Order","Pot Of Greed","Pot Of Greed","ats:Flexible Camouflage","ats:Cat Scratch"],"relics":["ats:Sanity","LagranYue:RandomDrawCardRelic","ats:Ability Aura","Golden Idol","ats:Originium","Quantum Egg","Grinning Jar","Darkstone Periapt"],"acts_visited":["Exordium"],"potions_floor_usage":[6,6],"damage_taken":[{"damage":1,"enemies":"Cultist","floor":1,"turns":4},{"damage":4,"enemies":"Small Slimes","floor":2,"turns":3},{"damage":36,"enemies":"Lagavulin","floor":6,"turns":11},{"damage":29,"enemies":"Gremlin Nob","floor":11,"turns":4}],"seed_played":"-2290792081859855331","potions_obtained":[{"floor":1,"key":"SkillPotion"},{"floor":2,"key":"LifebloodPotion"}],"is_trial":false,"path_per_floor":["M","M","$","?","$","E","R","?","T","?","E"],"character_chosen":"DOCTOR_CLASS","items_purchased":["ats:Healing Drone","ats:Ability Aura","ats:Poison Spread"],"campfire_rested":0,"item_purchase_floors":[3,3,5],"current_hp_per_floor":[71,67,67,67,67,46,46,39,39,21,0,0],"gold":141,"neow_bonus":"HUNDRED_GOLD","is_daily":false,"chose_seed":false,"campfire_upgraded":1,"win_rate":0.0,"timestamp":1610535736,"path_taken":["M","M","$","?","$","E","R","?","T","?","E"],"items_purchased_type":["Card","Relic","Card"],"build_version":"2020-12-22","purchased_purges":0,"victory":false,"max_hp_per_floor":[72,72,72,72,72,72,72,72,72,72,72,72],"card_choices":[{"not_picked":["ats:Shadow Raid","ats:Collapsing Strike"],"picked":"ats:Soul Absorption","floor":1},{"not_picked":["ats:Revitalization","ats:Powerful Strike"],"picked":"ats:Thorns","floor":2},{"not_picked":["ats:Guardian Obelisk","ats:Apocalypse"],"picked":"ats:Assault Order","floor":6},{"not_picked":["ats:Closed Bolt Burst Fire","ats:Shell Defense"],"picked":"ats:Flexible Camouflage","floor":10},{"not_picked":["ats:Closed Bolt Burst Fire","ats:Assault Order"],"picked":"ats:Cat Scratch","floor":10}],"player_experience":262393,"relics_obtained":[{"floor":6,"key":"ats:Originium"},{"floor":6,"key":"Quantum Egg"},{"floor":9,"key":"Grinning Jar"},{"floor":10,"key":"Darkstone Periapt"}],"event_choices":[{"damage_healed":0,"gold_gain":0,"player_choice":"Take Wound","damage_taken":0,"relics_obtained":["Golden Idol"],"max_hp_gain":0,"max_hp_loss":0,"event_name":"Golden Idol","floor":4,"gold_loss":0,"cards_obtained":["Injury"]},{"cards_removed":["Injury"],"damage_healed":0,"gold_gain":0,"player_choice":"Card Removal","damage_taken":7,"max_hp_gain":0,"max_hp_loss":0,"event_name":"Golden Wing","floor":8,"gold_loss":0}],"is_beta":false,"boss_relics":[],"items_purged_floors":[],"is_endless":false,"potions_floor_spawned":[1,2],"killed_by":"Gremlin Nob","ascension_level":0}}