{"host":"sum4dy402bbv9y4o","time":1610565246,"event":{"mods":["Aspiration","BaseMod","Conspire","Highlight Path","Minty Spire (QoL Compilation)","StSLib"],"gold_per_floor":[115,40,5,21,48,77,77,90,90,121,140,140,140,6,6,79,79,89,105,118,118,393,418,0,0,0,0,19,49,49,78,78,78,78],"floor_reached":33,"language":"ENG","playtime":1352,"items_purged":["Defend_P","Regret"],"score":622,"play_id":"2d7fbd6c-754b-4161-ae25-4a9f0df8eeee","local_time":"20210113221406","is_ascension_mode":true,"campfire_choices":[{"data":"Eruption","floor":7,"key":"SMITH"},{"floor":13,"key":"REST"},{"data":"Wallop","floor":15,"key":"SMITH"},{"floor":25,"key":"REST"},{"data":"SashWhip","floor":27,"key":"SMITH"},{"data":"MentalFortress","floor":30,"key":"SMITH"},{"floor":32,"key":"REST"}],"circlet_count":0,"master_deck":["AscendersBane","Strike_P","Strike_P","Strike_P+1","Strike_P","Defend_P","Defend_P","Defend_P","Eruption+1","Vigilance","ClearTheMind+1","Halt+1","SashWhip+1","EmptyFist","EmptyBody","EmptyBody","EmptyBody","Wallop+1","SashWhip","Scrawl","Beam Cell+1","Ball Lightning","Streamline","Writhe","FearNoEvil","FlurryOfBlows","Swift Strike","Ball Lightning","MentalFortress+1"],"relics":["PureWater","Anchor","aspiration:AnachronicSnailShell","White Beast Statue","PreservedInsect","aspiration:DefectSkillbook","CloakClasp","Meat on the Bone","Bronze Scales","War Paint","Whetstone","Toy Ornithopter"],"acts_visited":["Exordium","TheCity"],"potions_floor_usage":[6,16,16,18,20,20,23,29,31,33,33],"damage_taken":[{"damage":0,"enemies":"2 Louse","floor":1,"turns":2},{"damage":14,"enemies":"Jaw Worm","floor":4,"turns":4},{"damage":17,"enemies":"Gremlin Nob","floor":6,"turns":4},{"damage":0,"enemies":"Small Slimes","floor":8,"turns":3},{"damage":22,"enemies":"Lagavulin","floor":10,"turns":9},{"damage":4,"enemies":"Looter","floor":11,"turns":4},{"damage":9,"enemies":"The Guardian","floor":16,"turns":15},{"damage":2,"enemies":"2 Thieves","floor":18,"turns":4},{"damage":5,"enemies":"Chosen","floor":19,"turns":7},{"damage":8,"enemies":"3 Cultists","floor":20,"turns":6},{"damage":18,"enemies":"Gremlin Leader","floor":23,"turns":7},{"damage":0,"enemies":"Centurion and Healer","floor":28,"turns":5},{"damage":1,"enemies":"Book of Stabbing","floor":29,"turns":4},{"damage":2,"enemies":"Slavers","floor":31,"turns":4},{"damage":81,"enemies":"Collector","floor":33,"turns":11}],"seed_played":"-2971963513077570322","potions_obtained":[{"floor":1,"key":"LiquidMemories"},{"floor":10,"key":"StancePotion"},{"floor":11,"key":"LiquidBronze"},{"floor":16,"key":"AttackPotion"},{"floor":18,"key":"Explosive Potion"},{"floor":19,"key":"SpeedPotion"},{"floor":20,"key":"SkillPotion"},{"floor":23,"key":"DuplicationPotion"},{"floor":28,"key":"GamblersBrew"},{"floor":29,"key":"AttackPotion"},{"floor":31,"key":"BlessingOfTheForge"}],"is_trial":false,"path_per_floor":["M","$","?","M","T","E","R","M","T","E","M","?","R","$","R","B",null,"M","M","M","?","?","E","$","R","T","R","M","E","R","E","R","B"],"character_chosen":"WATCHER","items_purchased":["Wallop","SashWhip","FlurryOfBlows","Swift Strike","Bronze Scales"],"campfire_rested":3,"item_purchase_floors":[14,14,24,24,24],"current_hp_per_floor":[61,61,68,54,54,37,37,37,37,15,11,11,31,31,31,22,57,55,50,42,42,42,24,24,44,44,44,44,43,43,41,61,0,0],"gold":78,"neow_bonus":"THREE_CARDS","is_daily":false,"chose_seed":false,"campfire_upgraded":4,"win_rate":0.0,"timestamp":1610565246,"path_taken":["M","$","?","M","?","E","R","M","T","E","M","?","R","?","R","BOSS","M","M","M","?","?","E","$","R","T","R","?","E","R","E","R","BOSS"],"items_purchased_type":["Card","Card","Card","Card","Relic"],"build_version":"2020-12-22","purchased_purges":2,"victory":false,"max_hp_per_floor":[68,68,68,68,68,68,68,68,68,68,68,68,68,68,68,68,68,68,68,68,68,68,68,68,68,68,68,68,68,68,68,68,68,68],"card_choices":[{"not_picked":["Evaluate","Pray"],"picked":"ClearTheMind","floor":0},{"not_picked":["Wireheading","Sanctity"],"picked":"Halt","floor":1},{"not_picked":["ThirdEye","WreathOfFlame"],"picked":"SashWhip","floor":4},{"not_picked":["Worship","WaveOfTheHand"],"picked":"EmptyFist","floor":6},{"not_picked":["Devotion","ThirdEye"],"picked":"EmptyBody","floor":8},{"not_picked":["Wireheading","SpiritShield"],"picked":"EmptyBody","floor":10},{"not_picked":["JustLucky","FlyingSleeves"],"picked":"EmptyBody","floor":11},{"not_picked":["Establishment","Vault"],"picked":"Scrawl","floor":16},{"not_picked":["CrushJoints","InnerPeace","Steam"],"picked":"Beam Cell","floor":18},{"not_picked":["Beam Cell","Loop","Chill"],"picked":"Ball Lightning","floor":19},{"not_picked":["PathToVictory+1","Halt","Prostrate"],"picked":"Streamline","floor":20},{"not_picked":["FTL","Beam Cell","Ball Lightning"],"picked":"FearNoEvil","floor":23},{"not_picked":["Echo Form","Redo","LikeWater"],"picked":"Ball Lightning","floor":28},{"not_picked":["SandsOfTime","Beam Cell","ConjureBlade"],"picked":"MentalFortress","floor":29},{"not_picked":["Capacitor+1","FTL","Hello World+1","WaveOfTheHand"],"picked":"SKIP","floor":31}],"player_experience":2938837,"relics_obtained":[{"floor":5,"key":"Anchor"},{"floor":6,"key":"aspiration:AnachronicSnailShell"},{"floor":9,"key":"White Beast Statue"},{"floor":10,"key":"PreservedInsect"},{"floor":23,"key":"Meat on the Bone"},{"floor":26,"key":"War Paint"},{"floor":29,"key":"Whetstone"},{"floor":31,"key":"Toy Ornithopter"}],"event_choices":[{"damage_healed":17,"gold_gain":0,"player_choice":"Healed","damage_taken":0,"max_hp_gain":0,"max_hp_loss":0,"event_name":"The Cleric","floor":3,"gold_loss":35},{"damage_healed":0,"gold_gain":0,"player_choice":"Opened","damage_taken":0,"relics_obtained":["CloakClasp"],"max_hp_gain":0,"max_hp_loss":0,"event_name":"The Mausoleum","floor":21,"gold_loss":0,"cards_obtained":["Writhe"]},{"damage_healed":0,"gold_gain":275,"player_choice":"Desecrate","damage_taken":0,"max_hp_gain":0,"max_hp_loss":0,"event_name":"Golden Shrine","floor":22,"gold_loss":0,"cards_obtained":["Regret"]}],"is_beta":false,"boss_relics":[{"not_picked":["HolyWater","Coffee Dripper"],"picked":"aspiration:DefectSkillbook"}],"items_purged_floors":[2,24],"is_endless":false,"potions_floor_spawned":[1,10,11,16,18,19,20,23,28,29,31],"killed_by":"Collector","ascension_level":20}}