{"host":"grli52lbdph2722t","time":1610547340,"event":{"mods":["AchievementEnabler","BaseMod","Downfall","Minty Spire (QoL Compilation)","Quick Restart","StSLib"],"gold_per_floor":[99,111,141,141,158,190,190,225,239,239,265,165,185,217,237,237,237,237],"floor_reached":16,"language":"ENG","playtime":597,"items_purged":[],"score":189,"play_id":"2bfb0893-2c53-4f27-a1ff-ffce24421cdb","local_time":"20210113151540","is_ascension_mode":true,"campfire_choices":[{"data":"Master of Strategy","floor":1,"key":"SMITH"},{"floor":10,"key":"REST"},{"floor":12,"key":"REST"}],"circlet_count":0,"master_deck":["Guardian:Strike_Guardian","Guardian:Strike_Guardian","Guardian:Strike_Guardian","Guardian:Strike_Guardian","Guardian:Defend_Guardian","Guardian:Defend_Guardian","Guardian:Defend_Guardian","Guardian:Defend_Guardian","Guardian:CurlUp","Guardian:TwinSlam","Normality","Master of Strategy+1","Guardian:TimeBomb","Guardian:PrismaticBeam","Guardian:BronzeOrb","Guardian:BronzeOrb","Guardian:FloatingOrbs","Guardian:GatlingBeam","Guardian:Planning","Guardian:Orbwalk","Guardian:Gem_White"],"relics":["Guardian:ModeShifter","Mercury Hourglass","Guardian:PocketSentry","Ornamental Fan","HornCleat","Bag of Preparation","Question Card","downfall:HeartBlessingGreen","Bag of Marbles"],"acts_visited":["Exordium"],"potions_floor_usage":[8,14],"damage_taken":[{"damage":18,"enemies":"Jaw Worm","floor":2,"turns":6},{"damage":0,"enemies":"Small Slimes","floor":5,"turns":2},{"damage":22,"enemies":"Gremlin Nob","floor":6,"turns":5},{"damage":9,"enemies":"Lagavulin","floor":8,"turns":7},{"damage":0,"enemies":"2 Louse","floor":9,"turns":2},{"damage":13,"enemies":"Gremlin Nob","floor":11,"turns":4},{"damage":0,"enemies":"Exordium Wildlife","floor":13,"turns":3},{"damage":4,"enemies":"Lagavulin","floor":14,"turns":6},{"damage":2,"enemies":"Large Slime","floor":15,"turns":4},{"damage":46,"enemies":"downfall:Watcher","floor":16,"turns":10}],"seed_played":"-4201153201474764312","potions_obtained":[{"floor":6,"key":"EssenceOfSteel"},{"floor":8,"key":"Ancient Potion"},{"floor":13,"key":"Guardian:BlockOnCardUsePotion"}],"is_trial":false,"path_per_floor":["R","M","?","?","M","E","T","E","M","R","E","R","M","E","M","B"],"character_chosen":"GUARDIAN","items_purchased":[],"campfire_rested":2,"item_purchase_floors":[],"current_hp_per_floor":[72,54,54,42,42,20,20,11,11,35,22,46,46,42,40,0,0,0],"gold":237,"neow_bonus":"RANDOM_COLORLESS_2","is_daily":false,"chose_seed":false,"campfire_upgraded":1,"win_rate":0.0,"timestamp":1610547340,"path_taken":["R","M","?","?","M","E","T","E","M","R","E","R","?","E","M","BOSS"],"items_purchased_type":[],"build_version":"2020-12-22","purchased_purges":0,"victory":false,"max_hp_per_floor":[80,80,80,80,80,80,80,80,80,80,80,80,80,80,80,80,80,80],"card_choices":[{"not_picked":["Secret Weapon","Violence"],"picked":"Master of Strategy","floor":0},{"not_picked":["Guardian:Recover","Guardian:VentSteam"],"picked":"Guardian:TimeBomb","floor":2},{"not_picked":["Guardian:PiercingHide","Guardian:Suspension"],"picked":"Guardian:PrismaticBeam","floor":5},{"not_picked":["Guardian:PolyBeam","Guardian:ShieldCharger"],"picked":"Guardian:BronzeOrb","floor":6},{"not_picked":["Guardian:Suspension","Guardian:Planning"],"picked":"Guardian:BronzeOrb","floor":8},{"not_picked":["Guardian:VentSteam","Guardian:PrimingBeam"],"picked":"Guardian:FloatingOrbs","floor":9},{"not_picked":["Guardian:PiercingHide","Guardian:Gem_Cyan"],"picked":"Guardian:GatlingBeam","floor":11},{"not_picked":["Guardian:Recover","Guardian:PiercingHide","Guardian:BodySlam"],"picked":"Guardian:Planning","floor":13},{"not_picked":["Guardian:Gem_Red","Guardian:ArmoredProtocol","Guardian:BodySlam"],"picked":"Guardian:Orbwalk","floor":14},{"not_picked":["Guardian:ShieldCharger","Guardian:TemporalStrike","Guardian:Repulse"],"picked":"Guardian:Gem_White","floor":15}],"player_experience":4977586,"relics_obtained":[{"floor":6,"key":"Ornamental Fan"},{"floor":7,"key":"HornCleat"},{"floor":8,"key":"Bag of Preparation"},{"floor":11,"key":"Question Card"},{"floor":14,"key":"Bag of Marbles"}],"event_choices":[{"damage_healed":0,"gold_gain":0,"player_choice":"Success","damage_taken":12,"relics_obtained":["Guardian:PocketSentry"],"max_hp_gain":0,"max_hp_loss":0,"event_name":"Scrap Ooze","floor":4,"gold_loss":0}],"is_beta":false,"boss_relics":[],"items_purged_floors":[],"is_endless":false,"potions_floor_spawned":[6,8,13],"killed_by":"downfall:Watcher","ascension_level":9}}