{"host":"5uokajoawb3dos2b","time":1610561497,"event":{"mods":["ATMod(∞¢Ë™Mod)","Act Like it!","BaseMod","Curses Come First","Decade(Õı–°√˜)","Downfall","Gensokyo","KinomotoSakuraMod(ƒæ÷Æ±æ”£)","Minty Spire (QoL Compilation)","Reimu£®≤©¿ˆ¡È√Œ£©","Shop Mod","Spicy Shops","StSLib","Waifu the Spire","WarShipGirlsR/’ΩΩ¢…Ÿ≈ÆR mod","Youmu£®ªÍ∆«—˝√Œ£©","vexMod","°æ“≈ŒÔø®≈∆°øREMEMod"],"gold_per_floor":[110,120,47,47,65,76,93,128,128,145,163,180,26,44,44,144,144,158,170,183,183,183,183,196,196,196,196,50,50,22,22,22,121,121,131,131,149,1148,756,756,736,736,811,801,820,625,625,625,625],"floor_reached":48,"language":"ZHS","playtime":3495,"items_purged":[],"score":565,"play_id":"dee2e5dd-36bc-4e62-af6b-29674d8fa168","local_time":"20210114021137","is_ascension_mode":false,"campfire_choices":[{"data":"KamenRide","floor":15.0,"key":"SMITH"},{"floor":23.0,"key":"REST"},{"floor":25.0,"key":"REST"},{"data":"KamenRideFaiz","floor":27.0,"key":"SMITH"},{"data":"AttackRide","floor":32.0,"key":"SMITH"},{"floor":40.0,"key":"REST"},{"data":"PhotonAcceleration","floor":42.0,"key":"SMITH"}],"circlet_count":1,"master_deck":["Decade_Attack","Decade_Attack","Decade_Attack","Decade_Attack","KamenRide+1","Decade_SpecialSkill","Decade_Defend","Decade_Defend","Decade_Defend","Decade_Defend","KyokaiOfKami:ReiMu","RideBooker","FormRideBasshaa","DragShield","KamenRideAgito","PhotonAcceleration+1","Hibiki_Attack2","FormRidePegasus","FormRideDogga","KamenRideDecade","Decade_Defend2","DenO_Climax","DenO_Ax","DragClaw","UnarmedAttack1","Blade_Kick","Kuuga_Rising","Kuuga_Rising","CurseOfTheBell","Hibiki_Attack1+1","Blade_Beat","DragShield","KamenRideRyuki","Kiva_Eat","KamenRideFaiz+1","Gensokyo:FourOfAKind","Gensokyo:FourOfAKind","Gensokyo:FourOfAKind","Gensokyo:FourOfAKind","KamenRideBlade+1","AttackRide+1","DenO_Climax","FormRideAxel","AT_EmpoweredMortalDraw","FormRidePegasus","KamenRideDecade+1","Normality","Normality","Blade_Metal+1","DenO_Climax","Decade_Invisible+1","FormRideDogga"],"relics":["Decadriver","TOEIDeficitBill","AT_ATBox","Circlet","REME_ComplimentaryCards","NeowsBlessing","ClockworkSouvenir","Nunchaku","vexMod:FocusSash","PreservedInsect","vexMod:Spyglass","Calling Bell","Orichalcum","Eternal Feather","Ginger","Mercury Hourglass","REME_OnlineShoppingPlatform","AT_MortalBlade","The Courier"],"acts_visited":["Exordium","Gensokyo:Gensokyoer","TheBeyond"],"potions_floor_usage":[],"damage_taken":[{"damage":0.0,"enemies":"Cultist","floor":1.0,"turns":1.0},{"damage":0.0,"enemies":"Jaw Worm","floor":2.0,"turns":1.0},{"damage":0.0,"enemies":"Small Slimes","floor":5.0,"turns":1.0},{"damage":34.0,"enemies":"Gremlin Gang","floor":6.0,"turns":6.0},{"damage":0.0,"enemies":"2 Fungi Beasts","floor":7.0,"turns":3.0},{"damage":23.0,"enemies":"3 Sentries","floor":8.0,"turns":8.0},{"damage":20.0,"enemies":"Looter","floor":10.0,"turns":5.0},{"damage":7.0,"enemies":"3 Louse","floor":11.0,"turns":4.0},{"damage":11.0,"enemies":"Large Slime","floor":12.0,"turns":8.0},{"damage":11.0,"enemies":"Exordium Thugs","floor":14.0,"turns":5.0},{"damage":34.0,"enemies":"Slime Boss","floor":16.0,"turns":8.0},{"damage":31.0,"enemies":"Gensokyo:AngelMirror","floor":18.0,"turns":5.0},{"damage":0.0,"enemies":"Gensokyo:2_Gloops","floor":19.0,"turns":6.0},{"damage":44.0,"enemies":"Gensokyo:Monolith_and_Dog","floor":20.0,"turns":10.0},{"damage":12.0,"enemies":"Gensokyo:Wraith","floor":24.0,"turns":6.0},{"damage":10.0,"enemies":"Gensokyo:Swordslinger","floor":30.0,"turns":3.0},{"damage":43.0,"enemies":"Gensokyo:Eternal_Rivals","floor":33.0,"turns":11.0},{"damage":34.0,"enemies":"3 Shapes","floor":35.0,"turns":2.0},{"damage":15.0,"enemies":"Orb Walker","floor":37.0,"turns":3.0},{"damage":1.0,"enemies":"Maw","floor":39.0,"turns":6.0},{"damage":0.0,"enemies":"Transient","floor":41.0,"turns":1.0},{"damage":39.0,"enemies":"Sphere and 2 Shapes","floor":45.0,"turns":3.0},{"damage":19.0,"enemies":"Maw","floor":46.0,"turns":6.0},{"damage":12,"enemies":"Reptomancer","floor":48,"turns":1}],"seed_played":"1329155487313190408","potions_obtained":[{"floor":1.0,"key":"Swift Potion"},{"floor":2.0,"key":"BlessingOfTheForge"},{"floor":6.0,"key":"hexamod:EctoCoolerPotion"},{"floor":11.0,"key":"EssenceOfSteel"},{"floor":12.0,"key":"Fire Potion"},{"floor":18.0,"key":"Dexterity Potion"},{"floor":24.0,"key":"GrandPatriotsElixir:ReiMu"}],"is_trial":false,"path_per_floor":["M","M","$","?","M","M","M","E","T","M","M","M","$","M","R","B",null,"M","M","M","$","?","R","M","R","T","R","$","$","M","?","R","B",null,"M","$","M","?","M","R","M","R","T","?","M","M","?","E"],"character_chosen":"Decade","items_purchased":["ClockworkSouvenir","vexMod:Spyglass","REME_OnlineShoppingPlatform"],"campfire_rested":3,"item_purchase_floors":[3,13,28],"current_hp_per_floor":[70,70,70,70,70,36,46,23,23,3,65,69,69,58,58,24,82,51,51,7,7,7,45,33,58,58,58,58,58,48,48,58,55,58,24,24,9,9,28,63,63,63,63,63,24,5,5,0,0],"gold":625,"neow_bonus":"THREE_ENEMY_KILL","is_daily":false,"chose_seed":false,"campfire_upgraded":4,"win_rate":0.0,"timestamp":1610561497,"path_taken":["M","?","?","?","M","M","?","E","T","M","M","M","$","M","R","BOSS","M","M","?","?","?","R","?","R","T","R","?","$","M","?","R","BOSS","M","$","M","?","?","R","?","R","T","?","M","M","?","E"],"items_purchased_type":["Relic","Relic","Relic"],"build_version":"2020-12-22","purchased_purges":0,"victory":false,"max_hp_per_floor":[70,70,70,70,70,70,70,70,70,70,72,78,78,82,82,82,82,82,82,82,82,58,58,58,58,58,58,58,58,58,58,58,58,58,58,58,58,58,63,63,63,63,63,63,63,63,63,63,63],"card_choices":[{"not_picked":["DenO_Ax","DenO_Gun"],"picked":"RideBooker","floor":1.0},{"not_picked":["Blade_Mach","KamenRideAgito"],"picked":"FormRideBasshaa","floor":2.0},{"not_picked":["FormRideGaruru","UnarmedAttack7"],"picked":"DragShield","floor":5.0},{"not_picked":["DenO_Climax","UnarmedAttack4"],"picked":"KamenRideAgito","floor":6.0},{"not_picked":["Decade_Dash2","Hibiki_Attack1"],"picked":"PhotonAcceleration","floor":7.0},{"not_picked":["KamenRideRyuki","DenO_Ax"],"picked":"Hibiki_Attack2","floor":7.0},{"not_picked":["Decade_Dash2","DenO_Gun"],"picked":"FormRidePegasus","floor":8.0},{"not_picked":["FormRideBasshaa","FormRideTitan"],"picked":"FormRideDogga","floor":10.0},{"not_picked":["UnarmedAttack4","MirrorWorld"],"picked":"KamenRideDecade","floor":10.0},{"not_picked":["PhotonAcceleration","UnarmedAttack1"],"picked":"Decade_Defend2","floor":11.0},{"not_picked":["FormRideDogga","DenO_Rod"],"picked":"DenO_Climax","floor":11.0},{"not_picked":["Hibiki_Attack2","UnarmedAttack3"],"picked":"DenO_Ax","floor":12.0},{"not_picked":["KamenRideDenO","Decade_Dash1"],"picked":"DragClaw","floor":12.0},{"not_picked":["Decade_Dash2","Blade_Metal"],"picked":"UnarmedAttack1","floor":14.0},{"not_picked":["DenO_Rod","Decade_Dash2"],"picked":"Blade_Kick","floor":14.0},{"not_picked":["NMDAZYYGL","Kabuto_ClockUp"],"picked":"Kuuga_Rising","floor":16.0},{"not_picked":["DenO_Climax","TimeVent"],"picked":"Kuuga_Rising","floor":16.0},{"not_picked":["Kiva_Bats","FormRide"],"picked":"Hibiki_Attack1+1","floor":18.0},{"not_picked":["Decade_Defend2","Blade_Kick"],"picked":"Blade_Beat","floor":18.0},{"not_picked":["DenO_Ax","Decade_Dash1"],"picked":"DragShield","floor":19.0},{"not_picked":["DenO_Ax","UnarmedAttack1"],"picked":"KamenRideRyuki","floor":19.0},{"not_picked":["DragShield","Hibiki_Attack1+1"],"picked":"Kiva_Eat","floor":20.0},{"not_picked":["UnarmedAttack7","DenO_Ax"],"picked":"KamenRideFaiz","floor":20.0},{"not_picked":["Blade_Slash","Hibiki_Attack2+1"],"picked":"KamenRideBlade+1","floor":24.0},{"not_picked":["PhotonAcceleration+1","Hibiki_Attack2"],"picked":"AttackRide","floor":30.0},{"not_picked":["Kabuto_ClockUp","TimeVent"],"picked":"DenO_Climax","floor":33.0},{"not_picked":["Hibiki_FEVER","TimeVent"],"picked":"FormRideAxel","floor":33.0},{"not_picked":["DenO_Rod+1","RideBooker+1"],"picked":"FormRidePegasus","floor":35.0},{"not_picked":["FormRideBasshaa+1","Decade_Dash2"],"picked":"KamenRideDecade+1","floor":37.0},{"not_picked":["Decade_Defend2","Hibiki_Attack1+1"],"picked":"Blade_Metal+1","floor":39.0},{"not_picked":["DenO_Rod","FormRideBasshaa+1"],"picked":"DenO_Climax","floor":45.0},{"not_picked":["PrometheusPower","UnarmedAttack6"],"picked":"Decade_Invisible+1","floor":46.0}],"player_experience":77508,"relics_obtained":[{"floor":8.0,"key":"vexMod:FocusSash"},{"floor":9.0,"key":"PreservedInsect"},{"floor":17.0,"key":"Orichalcum"},{"floor":17.0,"key":"Eternal Feather"},{"floor":17.0,"key":"Ginger"},{"floor":26.0,"key":"Mercury Hourglass"},{"floor":43.0,"key":"The Courier"}],"event_choices":[{"damage_healed":0.0,"max_hp_gain":0.0,"max_hp_loss":0.0,"gold_gain":0.0,"event_name":"WeMeetAgain","player_choice":"Gave Potion","floor":4.0,"gold_loss":0.0,"damage_taken":0.0,"relics_obtained":["Nunchaku"]},{"damage_healed":0.0,"max_hp_gain":0.0,"max_hp_loss":0.0,"gold_gain":999.0,"event_name":"MindBloom","player_choice":"Gold","floor":38.0,"gold_loss":0.0,"damage_taken":0.0,"cards_obtained":["Normality","Normality"]},{"damage_healed":0,"gold_gain":0,"player_choice":"1 cards matched","damage_taken":0,"max_hp_gain":0,"max_hp_loss":0,"event_name":"Match and Keep!","floor":47,"gold_loss":0,"cards_obtained":["FormRideDogga"]}],"is_beta":false,"boss_relics":[{"not_picked":["vexMod:FluxCapacitor","Busted Crown"],"picked":"Calling Bell"},{"not_picked":["Fusion Hammer","Velvet Choker"],"picked":"AT_MortalBlade"}],"items_purged_floors":[],"is_endless":false,"potions_floor_spawned":[1,2,6,11,12,18,24,39,46],"killed_by":"Reptomancer","ascension_level":0}}