{"host":"0cgp910o8339lr91","time":1610552473,"event":{"mods":["BaseMod","Block Reminder","Colored Map","Colored Powertips","Minty Spire (QoL Compilation)","Relic Stats","Slay-I","ojb\u0027s Better Paths Mod","ojb\u0027s Info Mod"],"gold_per_floor":[119,139,139,154,172,172,172,172],"floor_reached":7,"language":"ENG","playtime":393,"items_purged":[],"score":86,"play_id":"66b8e752-a4bf-43d4-9ae2-6fa3be2a0c53","local_time":"20210113164113","is_ascension_mode":true,"campfire_choices":[{"data":"Eruption","floor":6,"key":"SMITH"}],"circlet_count":0,"master_deck":["AscendersBane","Strike_P","Strike_P","Strike_P","Strike_P","Defend_P","Defend_P","Defend_P","Eruption+1","Vigilance","EmptyFist","InnerPeace","TalkToTheHand"],"relics":["Runic Dome"],"acts_visited":["Exordium"],"potions_floor_usage":[],"damage_taken":[{"damage":2,"enemies":"2 Louse","floor":1,"turns":2},{"damage":16,"enemies":"Small Slimes","floor":2,"turns":3},{"damage":0,"enemies":"Cultist","floor":4,"turns":2},{"damage":10,"enemies":"2 Fungi Beasts","floor":5,"turns":3},{"damage":26,"enemies":"Gremlin Nob","floor":7,"turns":3}],"seed_played":"6273831589708403709","potions_obtained":[{"floor":4,"key":"Energy Potion"}],"is_trial":false,"path_per_floor":["M","M","?","M","M","R","E"],"character_chosen":"WATCHER","items_purchased":[],"campfire_rested":0,"item_purchase_floors":[],"current_hp_per_floor":[59,43,36,36,26,26,0,0],"gold":172,"neow_bonus":"BOSS_RELIC","is_daily":false,"chose_seed":false,"campfire_upgraded":1,"win_rate":0.0,"timestamp":1610552473,"path_taken":["M","M","?","M","M","R","E"],"items_purchased_type":[],"build_version":"2020-12-22","purchased_purges":0,"victory":false,"max_hp_per_floor":[68,68,68,68,68,68,68,68],"relic_stats":{"counters":[5,13],"obtain_stats":[{"Runic Dome":0,"PureWater":0},{"Runic Dome":0,"PureWater":0},{"Runic Dome":0,"PureWater":0}]},"card_choices":[{"not_picked":["FlyingSleeves","Swivel","SashWhip"],"picked":"SKIP","floor":1},{"not_picked":["Halt","ForeignInfluence"],"picked":"EmptyFist","floor":2},{"not_picked":["ClearTheMind","Wireheading"],"picked":"InnerPeace","floor":4},{"not_picked":["Weave","EmptyBody"],"picked":"TalkToTheHand","floor":5}],"player_experience":1401146,"relics_obtained":[],"event_choices":[{"cards_removed":["Defend_P"],"damage_healed":0,"gold_gain":0,"player_choice":"Card Removal","damage_taken":7,"max_hp_gain":0,"max_hp_loss":0,"event_name":"Golden Wing","floor":3,"gold_loss":0}],"is_beta":false,"boss_relics":[],"items_purged_floors":[],"is_endless":false,"potions_floor_spawned":[4],"killed_by":"Gremlin Nob","ascension_level":20}}