{"host":"jbw470l122a0du6q","time":1610579795,"event":{"mods":["BaseMod","Better Altar","Better Match","Better Note","Better Sensory Stone","Better Skull","Better Third Choice","Downfall","Hermit","Minty Spire (QoL Compilation)","StSLib","The Construct","The Cursed","The Disciple","The Servant 0.9.4"],"gold_per_floor":[114,289,31,106,56,56,81,81,134,134,144,164,175,175,175,175,175],"floor_reached":16,"language":"ENG","playtime":5872,"items_purged":[],"score":123,"play_id":"d6a09ce8-1dd3-4439-b01f-ab7a370dc980","local_time":"20210113181635","is_ascension_mode":false,"campfire_choices":[{"data":"Advance","floor":6,"key":"SMITH"},{"data":"StarChef","floor":10,"key":"SMITH"},{"floor":15,"key":"REST"}],"circlet_count":0,"master_deck":["Strike_S","Strike_S","Strike_S","Strike_S","Defend_S","Defend_S","Defend_S","Defend_S","KidneyShot","Exchange","Advance+1","StarChef+1","Burn","Ricochet","Rewind+1","Starlight"],"relics":["Uniform","NeowsBlessing","Toxic Egg 2","construct:FoamFinger","Orichalcum","Golden Idol"],"acts_visited":["Exordium"],"potions_floor_usage":[16,16],"damage_taken":[{"damage":0,"enemies":"Jaw Worm","floor":1,"turns":1},{"damage":0,"enemies":"3 Sentries","floor":7,"turns":1},{"damage":0,"enemies":"2 Louse","floor":11,"turns":1},{"damage":0,"enemies":"Small Slimes","floor":12,"turns":3},{"damage":0,"enemies":"2 Fungi Beasts","floor":13,"turns":2},{"damage":66,"enemies":"Slime Boss","floor":16,"turns":10}],"seed_played":"225763100487144737","potions_obtained":[{"floor":1,"key":"hexamod:EctoCoolerPotion"},{"floor":7,"key":"hexamod:EctoCoolerPotion"},{"floor":13,"key":"FearPotion"}],"is_trial":false,"path_per_floor":["M","?","$","?","?","R","E","?","T","R","M","M","M","?","R","B"],"character_chosen":"THE_SERVANT","items_purchased":["Toxic Egg 2"],"campfire_rested":1,"item_purchase_floors":[3],"current_hp_per_floor":[65,65,65,54,54,54,54,54,54,54,54,54,54,38,57,0,0],"gold":175,"neow_bonus":"THREE_ENEMY_KILL","is_daily":false,"chose_seed":false,"campfire_upgraded":2,"win_rate":0.0,"timestamp":1610579795,"path_taken":["M","?","$","?","?","R","E","?","T","R","M","M","M","?","R","BOSS"],"items_purchased_type":["Relic"],"build_version":"2020-12-22","purchased_purges":0,"victory":false,"max_hp_per_floor":[65,65,65,65,65,65,65,65,65,65,65,65,65,65,65,65,65],"card_choices":[{"not_picked":["Shuttle","Starlight"],"picked":"Advance","floor":1},{"not_picked":["BottledTime+1","SpecialFormula+1"],"picked":"StarChef","floor":7},{"not_picked":["Alleviate+1","Replace+1"],"picked":"Ricochet","floor":11},{"not_picked":["Ricochet","BottledTime+1"],"picked":"Rewind+1","floor":12},{"not_picked":["LightFlow","Unruled"],"picked":"Starlight","floor":13}],"player_experience":5252,"relics_obtained":[{"floor":7,"key":"construct:FoamFinger"},{"floor":9,"key":"Orichalcum"}],"event_choices":[{"damage_healed":0,"gold_gain":175,"player_choice":"AGREE","damage_taken":114,"max_hp_gain":0,"max_hp_loss":0,"event_name":"betterThird:BetterSerpent","floor":2,"gold_loss":0},{"damage_healed":0,"gold_gain":75,"player_choice":"Gold","damage_taken":11,"max_hp_gain":0,"max_hp_loss":0,"event_name":"betterThird:BetterGoop","floor":4,"gold_loss":0},{"cards_removed":["Doubt"],"damage_healed":0,"gold_gain":0,"player_choice":"Card Removal","damage_taken":0,"max_hp_gain":0,"max_hp_loss":0,"event_name":"The Cleric","floor":5,"gold_loss":50},{"damage_healed":54,"gold_gain":0,"player_choice":"Embrace Burn","damage_taken":0,"max_hp_gain":0,"max_hp_loss":65,"event_name":"betterThird:BetterShining","floor":8,"gold_loss":0},{"damage_healed":0,"gold_gain":0,"player_choice":"Take Damage","damage_taken":16,"relics_obtained":["Golden Idol"],"max_hp_gain":0,"max_hp_loss":0,"event_name":"Golden Idol","floor":14,"gold_loss":0}],"is_beta":false,"boss_relics":[],"items_purged_floors":[],"is_endless":false,"potions_floor_spawned":[1,7,13],"killed_by":"Slime Boss","ascension_level":0}}