{"host":"b7j598ve05halrwk","time":1610577966,"event":{"mods":["2.2 Compatiblity","BaseMod","Block Reminder","DeckTracker","Minty Spire (QoL Compilation)","Relic Stats","Slay the Relics Exporter","StSLib","ojb\u0027s Better Paths Mod","ojb\u0027s Info Mod"],"gold_per_floor":[118,128,203,222,222,252,271,296,368,433,433,469,482,456,456,529,529,500,500,516,1,1,1,1],"floor_reached":23,"language":"ENG","playtime":1947,"items_purged":[],"score":431,"play_id":"16bc6d3a-16be-42db-b67c-8a7ccee8aa65","local_time":"20210113174606","is_ascension_mode":true,"campfire_choices":[{"floor":11.0,"key":"REST"},{"floor":15.0,"key":"REST"}],"circlet_count":0,"master_deck":["AscendersBane","Defend_B","Defend_B","Defend_B","Defend_B","Zap","Dualcast","Darkness","Streamline","Hologram","White Noise","Creative AI","Scrape","Force Field","Genetic Algorithm","BootSequence","Creative AI","Scrape","Bite","Bite","Bite","Bite","Bite","Hologram","Genetic Algorithm","Ball Lightning"],"relics":["Snecko Eye","Pocketwatch","Unceasing Top","Bottled Tornado","Coffee Dripper","PreservedInsect","DollysMirror","DataDisk"],"acts_visited":["Exordium","TheCity"],"potions_floor_usage":[23,23],"damage_taken":[{"damage":2.0,"enemies":"Cultist","floor":1.0,"turns":4.0},{"damage":13.0,"enemies":"2 Louse","floor":2.0,"turns":3.0},{"damage":13.0,"enemies":"Small Slimes","floor":4.0,"turns":2.0},{"damage":17.0,"enemies":"Lagavulin","floor":6.0,"turns":7.0},{"damage":6.0,"enemies":"Looter","floor":7.0,"turns":4.0},{"damage":17.0,"enemies":"3 Sentries","floor":8.0,"turns":8.0},{"damage":3.0,"enemies":"Blue Slaver","floor":12.0,"turns":5.0},{"damage":7.0,"enemies":"2 Fungi Beasts","floor":13.0,"turns":4.0},{"damage":11.0,"enemies":"Exordium Thugs","floor":14.0,"turns":4.0},{"damage":28.0,"enemies":"Slime Boss","floor":16.0,"turns":8.0},{"damage":19,"enemies":"2 Thieves","floor":18,"turns":4},{"damage":37,"enemies":"Chosen","floor":20,"turns":7},{"damage":25,"enemies":"Slavers","floor":23,"turns":3}],"seed_played":"-7776919891574192007","potions_obtained":[{"floor":1.0,"key":"SteroidPotion"},{"floor":7.0,"key":"SpeedPotion"},{"floor":8.0,"key":"ColorlessPotion"},{"floor":16.0,"key":"PowerPotion"},{"floor":20,"key":"EssenceOfSteel"}],"is_trial":false,"path_per_floor":["M","M","?","M","?","E","M","E","T","?","R","M","M","M","R","B",null,"M","?","M","$","?","E"],"character_chosen":"DEFECT","items_purchased":["PreservedInsect","DollysMirror","DataDisk","Ball Lightning"],"campfire_rested":2,"item_purchase_floors":[21,21,21,21],"current_hp_per_floor":[62,49,38,25,48,31,25,8,8,8,29,26,19,8,29,1,54,35,35,14,14,14,0,0],"gold":1,"neow_bonus":"BOSS_RELIC","is_daily":false,"chose_seed":false,"campfire_upgraded":0,"win_rate":0.0,"timestamp":1610577966,"path_taken":["M","M","?","M","?","E","M","E","T","?","R","M","M","M","R","BOSS","M","?","M","$","?","E"],"items_purchased_type":["Relic","Relic","Relic","Card"],"build_version":"2020-12-22","purchased_purges":0,"victory":false,"max_hp_per_floor":[71,71,71,71,71,71,71,71,71,71,71,71,71,71,71,71,71,71,49,49,49,49,49,49],"relic_stats":{"counters":[13,63],"Snecko Eye":[115,102,129,120],"PreservedInsect":41,"obtain_stats":[{"DataDisk":21,"DollysMirror":21,"Snecko Eye":0,"PreservedInsect":21,"Coffee Dripper":17,"Bottled Tornado":9,"Cracked Core":0,"Unceasing Top":8,"Pocketwatch":6},{"DataDisk":12,"DollysMirror":12,"Snecko Eye":0,"PreservedInsect":12,"Coffee Dripper":10,"Bottled Tornado":6,"Cracked Core":0,"Unceasing Top":6,"Pocketwatch":4},{"DataDisk":60,"DollysMirror":60,"Snecko Eye":0,"PreservedInsect":60,"Coffee Dripper":49,"Bottled Tornado":28,"Cracked Core":0,"Unceasing Top":28,"Pocketwatch":16}],"Unceasing Top":[0],"Pocketwatch":[34]},"card_choices":[{"not_picked":["Steam","Turbo"],"picked":"Darkness","floor":1.0},{"not_picked":["Turbo","Sweeping Beam"],"picked":"Streamline","floor":2.0},{"not_picked":["Static Discharge","Conserve Battery"],"picked":"Hologram","floor":4.0},{"not_picked":["Beam Cell","Go for the Eyes"],"picked":"White Noise","floor":6.0},{"not_picked":["Steam","Beam Cell"],"picked":"Creative AI","floor":7.0},{"not_picked":["Beam Cell","Go for the Eyes"],"picked":"Scrape","floor":8.0},{"not_picked":["Compile Driver","Redo"],"picked":"Force Field","floor":12.0},{"not_picked":["Coolheaded","Darkness"],"picked":"Genetic Algorithm","floor":13.0},{"not_picked":["Coolheaded","Steam"],"picked":"BootSequence","floor":14.0},{"not_picked":["Biased Cognition","Multi-Cast"],"picked":"Creative AI","floor":16.0},{"not_picked":["Skim","BootSequence+1"],"picked":"Scrape","floor":18},{"not_picked":["Defragment","Fusion"],"picked":"Hologram","floor":20}],"player_experience":948590,"relics_obtained":[{"floor":6.0,"key":"Pocketwatch"},{"floor":8.0,"key":"Unceasing Top"},{"floor":9.0,"key":"Bottled Tornado"}],"event_choices":[{"damage_healed":0.0,"max_hp_gain":0.0,"max_hp_loss":0.0,"gold_gain":75.0,"event_name":"World of Goop","player_choice":"Gather Gold","floor":3.0,"gold_loss":0.0,"damage_taken":11.0},{"damage_healed":23.0,"max_hp_gain":0.0,"max_hp_loss":0.0,"gold_gain":0.0,"event_name":"Big Fish","player_choice":"Banana","floor":5.0,"gold_loss":0.0,"damage_taken":0.0},{"damage_healed":0.0,"max_hp_gain":0.0,"max_hp_loss":0.0,"gold_gain":65.0,"event_name":"Golden Wing","player_choice":"Gained Gold","floor":10.0,"gold_loss":0.0,"damage_taken":0.0},{"damage_healed":0,"gold_gain":0,"player_choice":"Became a vampire","damage_taken":0,"max_hp_gain":0,"max_hp_loss":22,"event_name":"Vampires","floor":19,"gold_loss":0,"cards_obtained":["Bite","Bite","Bite","Bite","Bite"]},{"damage_healed":0,"gold_gain":0,"player_choice":"Ignored","damage_taken":0,"max_hp_gain":0,"max_hp_loss":0,"event_name":"Cursed Tome","floor":22,"gold_loss":0}],"is_beta":false,"boss_relics":[{"not_picked":["Fusion Hammer","Runic Dome"],"picked":"Coffee Dripper"}],"items_purged_floors":[],"is_endless":false,"potions_floor_spawned":[1,7,8,16,20],"killed_by":"Slavers","ascension_level":20}}