{"host":"ee5exjejqz6r5zx9","time":1610536703,"event":{"mods":["Act Like it!","BaseMod","Card Forge","Colored Powertips","Custom Start","Gensokyo","HololiveMod","Lobotomy","LobotomyExtend","Minty Spire (QoL Compilation)","MostiFishMod","Pale of the Ancients","Quick Restart","Rare Cards Sparkle","Remove Card Discount Mod","Replay The Spire","RumiaBox-露米娅的神秘盒子","Ryuuou龙王","Shop Mod","StSLib","TestMod","Yakumo Yukari mod","【功能Mod】混沌之环修复补丁","【遗物卡牌】REMEMod"],"gold_per_floor":[115,115,128,32892,32902,32934,32934,32962,32962,32962,32973,32616,32616,32018,32018,32097,32097,32109,32159,32159,32240,31756,31785,31798,31825,31871,31871,31871,31871,31871,31887,31887,31961,31961,31971,31988,31988,32005,31638,31671,31671,31705,31755,31787,31787,31787,31787,31818,31818,31818,31818,31818,31818,31818,31844,31844],"floor_reached":57,"language":"ZHS","playtime":2525,"items_purged":["BowlingBash","Strike_P","Defend_P","Strike_P+1"],"score":2995,"play_id":"1906abae-3626-4282-8298-c5b1b78a3d1b","local_time":"20210113191823","is_ascension_mode":true,"campfire_choices":[{"data":"SignatureMove","floor":7.0,"key":"SMITH"},{"floor":13.0,"key":"RECALL"},{"floor":15.0,"key":"REST"},{"floor":27.0,"key":"REST"},{"floor":30.0,"key":"REST"},{"floor":32.0,"key":"REST"},{"data":"MostiFishMod:Minus+3","floor":41.0,"key":"SMITH"},{"floor":47.0,"key":"REST"},{"floor":49.0,"key":"REST"},{"data":"MostiFishMod:Minus+8","floor":53,"key":"SMITH"}],"circlet_count":0,"master_deck":["Apo_Charge","Apo_Charge","Apo_Charge","Apo_Charge","Apo_Beam","Apo_Execute","Apo_Slash","Apo_Slash","FearNoEvil+1","TalkToTheHand+1","Tantrum+1","InnerPeace+1","MentalFortress+1","CarveReality+1","Eruption+1","Scrawl+1","Adaptation+1","MostiFishMod:Minus+9"],"relics":["PureWater","Hammer of Thor","Seething Fire","Anvil of the Gods","testmod-TestBox","REME_ComplimentaryCards","DaveBox","CogitoBucket","SynthV:TestCard","LetterFromLob","Happy Flower","Quantum Egg","Strawberry","Pocketwatch","Golden Egg","AdjustmentMirror","GodSword7","GodSword4","testmod-Hope","Busted Crown","Vajra","Blue Doll","Orrery","Letter Opener","Turnip","Twilight","TreeSap","Replay:Accelerometer","Bronze Scales","Prayer Wheel","Oddly Smooth Stone","ApostleMask","GodSword3","FeatherPendant"],"acts_visited":["Exordium","TheCity","TheBeyond","TheEnding"],"potions_floor_usage":[],"damage_taken":[{"damage":10.0,"enemies":"Small Slimes","floor":1.0,"turns":4.0},{"damage":12.0,"enemies":"Jaw Worm","floor":3.0,"turns":4.0},{"damage":0.0,"enemies":"Cultist","floor":5.0,"turns":1.0},{"damage":14.0,"enemies":"Lagavulin","floor":6.0,"turns":5.0},{"damage":0.0,"enemies":"3 Sentries","floor":8.0,"turns":2.0},{"damage":17.0,"enemies":"Looter","floor":11.0,"turns":3.0},{"damage":30.0,"enemies":"Hexaghost","floor":16.0,"turns":4.0},{"damage":0.0,"enemies":"3 Byrds","floor":18.0,"turns":3.0},{"damage":0.0,"enemies":"Gremlin Leader","floor":23.0,"turns":2.0},{"damage":0.0,"enemies":"Spheric Guardian","floor":24.0,"turns":2.0},{"damage":20.0,"enemies":"Slavers","floor":25.0,"turns":3.0},{"damage":30.0,"enemies":"Snecko","floor":29.0,"turns":7.0},{"damage":28.0,"enemies":"Snecko","floor":31.0,"turns":3.0},{"damage":0.0,"enemies":"Champ","floor":33.0,"turns":4.0},{"damage":0.0,"enemies":"3 Darklings","floor":35.0,"turns":1.0},{"damage":0.0,"enemies":"3 Shapes","floor":36.0,"turns":2.0},{"damage":17.0,"enemies":"Transient","floor":38.0,"turns":6.0},{"damage":0.0,"enemies":"Giant Head","floor":40.0,"turns":3.0},{"damage":0.0,"enemies":"Nemesis","floor":42.0,"turns":3.0},{"damage":0.0,"enemies":"Reptomancer","floor":44.0,"turns":2.0},{"damage":0.0,"enemies":"R_Hoarder","floor":48.0,"turns":2.0},{"damage":25.0,"enemies":"Replay:Hell Engine","floor":50.0,"turns":4.0},{"damage":0.0,"enemies":"Awakened One","floor":51.0,"turns":4.0},{"damage":0,"enemies":"Shield and Spear","floor":55,"turns":2},{"damage":70,"enemies":"The Heart","floor":56,"turns":6}],"seed_played":"-6738256852287778465","potions_obtained":[{"floor":6.0,"key":"Doom Potion"},{"floor":8.0,"key":"PowerPotion"},{"floor":16.0,"key":"SteroidPotion"},{"floor":29.0,"key":"Strength Potion"},{"floor":33.0,"key":"FearPotion"},{"floor":35.0,"key":"REME_GoldPotion"},{"floor":48.0,"key":"FearPotion"}],"is_trial":false,"path_per_floor":["M","?","M","$","M","E","R","E","T","?","M","$","R","$","R","B",null,"M","?","?","?","$","E","M","E","T","R","?","M","R","M","R","B",null,"M","M","?","M","$","E","R","E","T","E","?","E","R","E","R","B","B",null,"R","$","E","B",null],"character_chosen":"WATCHER","items_purchased":["BowlingBash","Happy Flower","Quantum Egg","GodSword7","ReachHeaven","GodSword4","Prostrate","testmod-Hope","Blue Doll","FearNoEvil","InnerPeace","Orrery","Replay:Accelerometer","CarveReality"],"campfire_rested":6,"item_purchase_floors":[4,4,4,12,12,14,14,14,22,22,22,22,39,39],"current_hp_per_floor":[51,51,39,39,39,32,32,32,32,57,40,40,40,40,62,32,64,64,64,43,43,43,43,43,25,25,49,49,19,43,15,39,39,70,80,80,80,63,63,63,63,67,67,70,70,70,70,70,70,80,80,80,80,80,80,10],"gold":31844,"neow_bonus":"","is_daily":false,"chose_seed":false,"campfire_upgraded":3,"win_rate":0.0,"timestamp":1610536703,"path_taken":["M","?","M","$","M","E","R","E","T","?","M","$","R","$","R","BOSS","M","?","?","?","$","E","?","E","T","R","?","M","R","M","R","BOSS","M","M","?","?","?","E","R","E","T","E","?","E","R","E","R","BOSS","BOSS","R","$","E","BOSS"],"items_purchased_type":["Card","Relic","Relic","Relic","Card","Relic","Card","Relic","Relic","Card","Card","Relic","Relic","Card"],"build_version":"2020-12-22","purchased_purges":4,"victory":true,"max_hp_per_floor":[68,68,68,68,68,75,75,75,75,75,75,75,75,75,75,75,75,75,75,80,80,80,80,80,80,80,80,80,80,80,80,80,80,80,80,80,80,80,80,80,80,80,80,80,80,80,80,80,80,80,80,80,80,80,80,80],"card_choices":[{"not_picked":["SpiderBud","MHz","Wellcheers"],"picked":"Singing Bowl","floor":1.0},{"not_picked":["FlurryOfBlows","Replay:Anticipation"],"picked":"MentalFortress","floor":1.0},{"not_picked":["Bloodbath","Murderer","Scorched"],"picked":"Singing Bowl","floor":3.0},{"not_picked":["OldLady","DreamingCurrent"],"picked":"BigBird","floor":3.0},{"not_picked":["WheelKick","ClearTheMind","CutThroughFate","Perseverance","Crescendo"],"picked":"SKIP","floor":3.0},{"not_picked":["MHz","BeautyBeast"],"picked":"FieryBird","floor":5.0},{"not_picked":["MostiFishMod:Nomercy","WaveOfTheHand","CrushJoints","Replay:BluntJabs","Consecrate"],"picked":"SKIP","floor":5.0},{"not_picked":["MostiFishMod:Nomercy","WaveOfTheHand","CrushJoints","Replay:BluntJabs","Consecrate"],"picked":"SKIP","floor":5.0},{"not_picked":["MHz","CherryBlossoms","SnowQueen"],"picked":"Singing Bowl","floor":6.0},{"not_picked":["MostiFishMod:DustFall","WreathOfFlame","MostiFishMod:Clarity","Replay:ManipulateFuture"],"picked":"SignatureMove","floor":6.0},{"not_picked":["Scarecrow","CherryBlossoms"],"picked":"PunishingBird","floor":8.0},{"not_picked":["Replay:DivineShield","CutThroughFate","Worship","REME_Repentance"],"picked":"Tantrum","floor":8.0},{"not_picked":["SpiderBud","Wellcheers","CherryBlossoms"],"picked":"Singing Bowl","floor":11.0},{"not_picked":["MostiFishMod:Unraveling","Meditate","Replay:DivineShield","Replay:Anticipation"],"picked":"Study","floor":11.0},{"not_picked":["DreamingCurrent","MeatLantern","WhitesApple"],"picked":"Singing Bowl","floor":16.0},{"not_picked":["MostiFishMod:Dust","MostiFishMod:Disappear","MostiFishMod:Pointsdynamics","Blasphemy"],"picked":"MostiFishMod:Minus","floor":16.0},{"not_picked":["SpiderBud","BeautyBeast","Bloodbath"],"picked":"Singing Bowl","floor":18.0},{"not_picked":["MostiFishMod:Nomercy","Replay:BluntJabs","JustLucky"],"picked":"SKIP","floor":18.0},{"not_picked":["Nirvana","SignatureMove"],"picked":"Evaluate","floor":22.0},{"not_picked":["Yin","QueenBee","Woodsman"],"picked":"Singing Bowl","floor":23.0},{"not_picked":["MostiFishMod:Minus","MostiFishMod:PathToVictory+1","ThirdEye"],"picked":"SKIP","floor":23.0},{"not_picked":["FairyFestival","Wellcheers","MHz"],"picked":"Singing Bowl","floor":24.0},{"not_picked":["Replay:BluntJabs","Replay:ManipulateFuture","Study+1"],"picked":"SKIP","floor":24.0},{"not_picked":["Scorched","FairyFestival"],"picked":"LongBird","floor":25.0},{"not_picked":["Prostrate","FearNoEvil","REME_WorshipGod"],"picked":"SKIP","floor":25.0},{"not_picked":["Bloodbath","Porccubus","RedShoes"],"picked":"Singing Bowl","floor":29.0},{"not_picked":["LittleHelper","CherryBlossoms","DreamingCurrent"],"picked":"Singing Bowl","floor":31.0},{"not_picked":["ThirdEye","ClearTheMind","EmptyFist"],"picked":"SKIP","floor":31.0},{"not_picked":["Mercenary","FieryBird","Variant"],"picked":"Singing Bowl","floor":33.0},{"not_picked":["OldLady","MeatLantern","FieryBird"],"picked":"Singing Bowl","floor":35.0},{"not_picked":["Evaluate+1","EmptyFist","MostiFishMod:LegendTransform"],"picked":"SKIP","floor":35.0},{"not_picked":["WhitesApple","BigBadWolf","Variant"],"picked":"Singing Bowl","floor":36.0},{"not_picked":["Crescendo","FlurryOfBlows","Replay:Cycle"],"picked":"SKIP","floor":36.0},{"not_picked":["DespairKnight","Mercenary","QueenBee"],"picked":"Singing Bowl","floor":38.0},{"not_picked":["Replay:Cycle","EmptyBody+1","ClearTheMind"],"picked":"SKIP","floor":38.0},{"not_picked":["Laetitia","WallGazer"],"picked":"PlagueDoctor","floor":40.0},{"not_picked":["SignatureMove","ReachHeaven+1","Halt+1"],"picked":"SKIP","floor":40.0},{"not_picked":["LongBird","WallGazer","SilentOrchestra"],"picked":"Singing Bowl","floor":42.0},{"not_picked":["EmptyFist","JustLucky","FlyingSleeves"],"picked":"SKIP","floor":42.0},{"not_picked":["Worship","EmptyBody+1","FlyingSleeves+1"],"picked":"SKIP","floor":44.0},{"not_picked":["BodiesMountain","WhiteNight","Yin"],"picked":"Singing Bowl","floor":48.0},{"not_picked":["Replay:Hum","REME_MusicOfDeath+1","EmptyBody"],"picked":"SKIP","floor":48.0},{"not_picked":["Conclude","BattleHymn","PathToVictory"],"picked":"SKIP","floor":55}],"player_experience":430631,"relics_obtained":[{"floor":1.0,"key":"SynthV:TestCard"},{"floor":1.0,"key":"LetterFromLob"},{"floor":6.0,"key":"Strawberry"},{"floor":8.0,"key":"Pocketwatch"},{"floor":9.0,"key":"Golden Egg"},{"floor":21.0,"key":"Vajra"},{"floor":23.0,"key":"Letter Opener"},{"floor":25.0,"key":"Turnip"},{"floor":29.0,"key":"Twilight"},{"floor":40.0,"key":"Bronze Scales"},{"floor":42.0,"key":"Prayer Wheel"},{"floor":43.0,"key":"Oddly Smooth Stone"},{"floor":48.0,"key":"GodSword3"}],"event_choices":[{"damage_healed":0.0,"max_hp_gain":0.0,"max_hp_loss":0.0,"gold_gain":0.0,"cards_transformed":["Defend_P"],"event_name":"Living Wall","player_choice":"Change","floor":2.0,"gold_loss":0.0,"damage_taken":0.0,"cards_obtained":["FlurryOfBlows"]},{"damage_healed":25.0,"max_hp_gain":0.0,"max_hp_loss":0.0,"gold_gain":0.0,"event_name":"Big Fish","player_choice":"Banana","floor":10.0,"gold_loss":0.0,"damage_taken":0.0},{"damage_healed":0.0,"max_hp_gain":0.0,"max_hp_loss":0.0,"gold_gain":50.0,"event_name":"Nest","player_choice":"Stole From Cult","floor":19.0,"gold_loss":0.0,"damage_taken":0.0},{"damage_healed":0.0,"max_hp_gain":5.0,"max_hp_loss":0.0,"gold_gain":0.0,"event_name":"Forgotten Altar","player_choice":"Shed Blood","floor":20.0,"gold_loss":0.0,"damage_taken":26.0},{"damage_healed":0.0,"max_hp_gain":0.0,"max_hp_loss":0.0,"gold_gain":0.0,"event_name":"Vampires","player_choice":"Ignored","floor":28.0,"gold_loss":0.0,"damage_taken":0.0},{"damage_healed":0.0,"max_hp_gain":0.0,"max_hp_loss":0.0,"gold_gain":0.0,"event_name":"SecretPortal","player_choice":"Ignored","floor":37.0,"gold_loss":0.0,"damage_taken":0.0},{"damage_healed":0.0,"max_hp_gain":0.0,"max_hp_loss":0.0,"gold_gain":0.0,"event_name":"Match and Keep!","player_choice":"0 cards matched","floor":45.0,"gold_loss":0.0,"damage_taken":0.0,"cards_obtained":[]}],"is_beta":false,"boss_relics":[{"not_picked":["HaiYi:Twilight","testmod-CardMagician"],"picked":"Busted Crown"},{"not_picked":["Kintsugi","Painkiller Herb","testmod-NegativeEmotionEnhancer"]}],"items_purged_floors":[4,4,4,12],"is_endless":false,"potions_floor_spawned":[6,8,16,18,29,33,35,48],"ascension_level":20}}