{"host":"Stephanie","time":1610513998,"event":{"mods":["BaseMod","Colored Powertips","Minty Spire (QoL Compilation)","Rare Cards Sparkle","Relic Stats","StSLib","The Marked"],"gold_per_floor":[116,134,134,153,167,199,199,215,215,242,242,275,275,275,275],"floor_reached":14,"language":"ENG","playtime":758,"items_purged":[],"score":138,"play_id":"eafa67ee-4502-440c-9532-6e41303a0f8b","local_time":"20210112235958","is_ascension_mode":true,"campfire_choices":[{"data":"Sweeping Beam","floor":7,"key":"SMITH"},{"floor":11,"key":"REST"}],"circlet_count":0,"master_deck":["Strike_B","Strike_B","Strike_B","Defend_B","Defend_B","Defend_B","Defend_B","Zap+1","Dualcast","Conserve Battery","Sweeping Beam+1","Undo","Chill","Gash","Glacier"],"relics":["Snecko Eye","The Courier","Vajra","Toy Ornithopter","Eternal Feather"],"acts_visited":["Exordium"],"potions_floor_usage":[5,10,10,14],"damage_taken":[{"damage":13.0,"enemies":"Jaw Worm","floor":1.0,"turns":4.0},{"damage":0.0,"enemies":"Cultist","floor":2.0,"turns":3.0},{"damage":0,"enemies":"Small Slimes","floor":4,"turns":3},{"damage":0,"enemies":"Gremlin Gang","floor":5,"turns":3},{"damage":14,"enemies":"Lagavulin","floor":6,"turns":8},{"damage":8,"enemies":"Blue Slaver","floor":8,"turns":6},{"damage":26,"enemies":"Gremlin Nob","floor":10,"turns":4},{"damage":4,"enemies":"Lagavulin","floor":12,"turns":7},{"damage":41,"enemies":"Gremlin Nob","floor":14,"turns":6}],"seed_played":"-1154972396605074305","potions_obtained":[{"floor":1.0,"key":"Swift Potion"},{"floor":4,"key":"Swift Potion"},{"floor":6,"key":"SneckoOil"},{"floor":12,"key":"SpeedPotion"}],"is_trial":false,"path_per_floor":["M","M","?","M","M","E","R","M","T","E","R","E","?","E"],"character_chosen":"DEFECT","items_purchased":[],"campfire_rested":1,"item_purchase_floors":[],"current_hp_per_floor":[62,62,62,62,62,48,48,40,40,14,36,32,32,0,0],"gold":275,"neow_bonus":"BOSS_RELIC","is_daily":false,"chose_seed":false,"campfire_upgraded":1,"win_rate":0.0,"timestamp":1610513998,"path_taken":["M","M","?","M","?","E","R","M","T","E","R","E","?","E"],"items_purchased_type":[],"build_version":"2020-12-18","purchased_purges":0,"victory":false,"max_hp_per_floor":[75,75,75,75,75,75,75,75,75,75,75,75,75,75,75],"relic_stats":{"counters":[9,44],"Snecko Eye":[77,92,77,79],"Eternal Feather":0,"obtain_stats":[{"Snecko Eye":0,"Vajra":9,"Eternal Feather":12,"The Courier":6,"Cracked Core":0,"Toy Ornithopter":10},{"Snecko Eye":0,"Vajra":6,"Eternal Feather":8,"The Courier":5,"Cracked Core":0,"Toy Ornithopter":7},{"Snecko Eye":0,"Vajra":27,"Eternal Feather":38,"The Courier":21,"Cracked Core":0,"Toy Ornithopter":31}],"Toy Ornithopter":5},"card_choices":[{"not_picked":["Barrage","White Noise"],"picked":"Conserve Battery","floor":1.0},{"not_picked":["Gash","Barrage","Hologram"],"picked":"SKIP","floor":2},{"not_picked":["Force Field","Steam"],"picked":"Sweeping Beam","floor":4},{"not_picked":["Cold Snap","Heatsinks"],"picked":"Undo","floor":5},{"not_picked":["Aggregate","Stack"],"picked":"Chill","floor":6},{"not_picked":["Turbo","Compile Driver"],"picked":"Gash","floor":8},{"not_picked":["Rainbow","Go for the Eyes"],"picked":"Glacier","floor":10},{"not_picked":["Sweeping Beam","Steam","Fusion"],"picked":"SKIP","floor":12}],"player_experience":843033,"relics_obtained":[{"floor":6,"key":"The Courier"},{"floor":9,"key":"Vajra"},{"floor":10,"key":"Toy Ornithopter"},{"floor":12,"key":"Eternal Feather"}],"event_choices":[{"cards_removed":["Strike_B"],"damage_healed":0,"gold_gain":0,"player_choice":"Purged","damage_taken":0,"max_hp_gain":0,"max_hp_loss":0,"event_name":"Purifier","floor":3,"gold_loss":0},{"damage_healed":0,"gold_gain":0,"player_choice":"Upgraded","damage_taken":0,"max_hp_gain":0,"max_hp_loss":0,"event_name":"Upgrade Shrine","floor":13,"gold_loss":0,"cards_upgraded":["Zap"]}],"is_beta":true,"boss_relics":[],"items_purged_floors":[],"is_endless":false,"potions_floor_spawned":[1,4,6,12],"killed_by":"Gremlin Nob","ascension_level":5}}