{"host":"uxq2rly8rxtwffuf","time":1610532218,"event":{"mods":["BaseMod","Koishi","Minty Spire (QoL Compilation)","StSLib","The Servant 0.9.4"],"gold_per_floor":[218,218,113,136,154,154,185,185,185,220,220,220,4,28,28,118,118,138,151,201,14,27,27,67,87,387,387,387],"floor_reached":27,"language":"ENG","playtime":1072,"items_purged":["Strike_S"],"score":450,"play_id":"3a840450-56aa-48f5-8192-682ddd089b40","local_time":"20210113130338","is_ascension_mode":true,"campfire_choices":[{"floor":6,"key":"REST"},{"floor":8,"key":"REST"},{"data":"TimeWarp","floor":11,"key":"SMITH"},{"data":"Deny","floor":15,"key":"SMITH"},{"floor":23,"key":"RECALL"}],"circlet_count":0,"master_deck":["AscendersBane","Defend_S","Defend_S","Defend_S","Defend_S","KidneyShot","Exchange","Potential","TimeWarp+1","Starlight","Potential","DancingSilver","ShatteredReality+1","TimeWarp+1","Deny+1","PendulumOfEternity+1","Revamp+1","Starlight+1","Replace+1","ShiftingGears","Foresight","ShatteredReality+1","PendulumOfEternity+1"],"relics":["Uniform","Golden Idol","Odd Mushroom","Molten Egg 2","Akabeko","Astrolabe","Lee\u0027s Waffle","Girya","Old Coin"],"acts_visited":["Exordium","TheCity"],"potions_floor_usage":[7,7,10,16,22,25],"damage_taken":[{"damage":9,"enemies":"Small Slimes","floor":1,"turns":5},{"damage":2,"enemies":"Jaw Worm","floor":4,"turns":3},{"damage":7,"enemies":"2 Louse","floor":5,"turns":2},{"damage":6,"enemies":"The Mushroom Lair","floor":7,"turns":4},{"damage":6,"enemies":"Gremlin Nob","floor":10,"turns":3},{"damage":1,"enemies":"Lots of Slimes","floor":14,"turns":3},{"damage":31,"enemies":"Slime Boss","floor":16,"turns":6},{"damage":0,"enemies":"Spheric Guardian","floor":18,"turns":1},{"damage":15,"enemies":"Shell Parasite","floor":19,"turns":2},{"damage":0,"enemies":"Shelled Parasite and Fungi","floor":22,"turns":1},{"damage":26,"enemies":"Slavers","floor":24,"turns":2},{"damage":6,"enemies":"3 Cultists","floor":25,"turns":3},{"damage":49,"enemies":"Book of Stabbing","floor":27,"turns":3}],"seed_played":"7050283475058386167","potions_obtained":[{"floor":1,"key":"Weak Potion"},{"floor":5,"key":"LiquidMemories"},{"floor":7,"key":"FearPotion"},{"floor":10,"key":"Explosive Potion"},{"floor":18,"key":"Ancient Potion"},{"floor":19,"key":"Fire Potion"},{"floor":22,"key":"Fire Potion"}],"is_trial":false,"path_per_floor":["M","?","$","M","M","R","?","R","T","E","R","?","$","M","R","B",null,"M","M","?","$","M","R","E","M","T","E"],"character_chosen":"THE_SERVANT","items_purchased":["TimeWarp","TimeWarp+1","Akabeko","Lee\u0027s Waffle","ShatteredReality+1"],"campfire_rested":2,"item_purchase_floors":[3,13,13,21,21],"current_hp_per_floor":[45,24,24,22,15,33,27,45,45,39,39,44,44,43,43,12,52,52,37,37,72,72,72,46,40,40,0,0],"gold":387,"neow_bonus":"HUNDRED_GOLD","is_daily":false,"chose_seed":false,"campfire_upgraded":2,"win_rate":0.0,"timestamp":1610532218,"path_taken":["M","?","$","M","M","R","?","R","T","E","R","?","$","M","R","BOSS","M","M","?","$","M","R","E","M","T","E"],"items_purchased_type":["Card","Card","Relic","Relic","Card"],"build_version":"2020-12-22","purchased_purges":1,"victory":false,"max_hp_per_floor":[60,60,60,60,60,60,60,60,60,60,60,65,65,65,65,65,65,65,65,65,72,72,72,72,72,72,72,72],"card_choices":[{"not_picked":["ReturningBlade","ShatteredReality"],"picked":"Potential","floor":1},{"not_picked":["TimeTheft","FastForward"],"picked":"Starlight","floor":4},{"not_picked":["Foresight","Rearm"],"picked":"Potential","floor":5},{"not_picked":["Revamp","FanOfKnives"],"picked":"DancingSilver","floor":7},{"not_picked":["Gouge+1","Defy"],"picked":"ShatteredReality+1","floor":10},{"not_picked":["Defy","Rearm"],"picked":"Deny","floor":14},{"not_picked":["Duplication","TrueSight"],"picked":"PendulumOfEternity+1","floor":16},{"not_picked":["Rearm","Revamp"],"picked":"ShiftingGears","floor":18},{"not_picked":["SurpressingFire","Starlight+1"],"picked":"Foresight","floor":19},{"not_picked":["Rewind","Snipe+1","Replace"],"picked":"SKIP","floor":22},{"not_picked":["Potential+1","Starlight+1"],"picked":"PendulumOfEternity+1","floor":24},{"not_picked":["WasteNot","Read","Unruled+1"],"picked":"SKIP","floor":25}],"player_experience":1387937,"relics_obtained":[{"floor":7,"key":"Odd Mushroom"},{"floor":10,"key":"Molten Egg 2"},{"floor":24,"key":"Girya"},{"floor":26,"key":"Old Coin"}],"event_choices":[{"damage_healed":0,"gold_gain":0,"player_choice":"Take Damage","damage_taken":21,"relics_obtained":["Golden Idol"],"max_hp_gain":0,"max_hp_loss":0,"event_name":"Golden Idol","floor":2,"gold_loss":0},{"damage_healed":0,"gold_gain":0,"player_choice":"Fought Mushrooms","damage_taken":0,"max_hp_gain":0,"max_hp_loss":0,"event_name":"Mushrooms","floor":7,"gold_loss":0},{"damage_healed":0,"gold_gain":0,"player_choice":"Donut","damage_taken":0,"max_hp_gain":5,"max_hp_loss":0,"event_name":"Big Fish","floor":12,"gold_loss":0},{"damage_healed":0,"gold_gain":50,"player_choice":"Stole From Cult","damage_taken":0,"max_hp_gain":0,"max_hp_loss":0,"event_name":"Nest","floor":20,"gold_loss":0}],"is_beta":false,"boss_relics":[{"not_picked":["Busted Crown","Empty Cage"],"picked":"Astrolabe"}],"items_purged_floors":[3],"is_endless":false,"potions_floor_spawned":[1,5,7,10,18,19,22],"killed_by":"Book of Stabbing","ascension_level":19}}