{"host":"6ld56ls1xbe0aj21","time":1610505368,"event":{"mods":["AchievementEnabler","BaseMod","Colored Powertips","Minty Spire (QoL Compilation)","Quick Restart","Rare Cards Sparkle","StSLib","SuperFastMode","everything is the same but u backflip on backflip","slay the spire mod where everything is the same but ironclad has a cowboy hat"],"gold_per_floor":[119,119,119,269,269,304,319,353,353,363,391,404,415,440,440,516,516,532,231,231,211,225,225,225,236,236,271,282,317,337,357,357,436,436,446,458,458,472,164,195,195,231,231,284,37,37,52,79,79,79,79,79,10,45,45,45],"floor_reached":55,"language":"ENG","playtime":2642,"items_purged":["Doubt"],"score":1500,"play_id":"ca195abf-4310-4dd6-bb0d-db38e4cc6fdb","local_time":"20210113133608","is_ascension_mode":true,"campfire_choices":[{"floor":15.0,"key":"DIG"},{"floor":24.0,"key":"DIG"},{"floor":32.0,"key":"DIG"},{"floor":49,"key":"RECALL"},{"floor":52,"key":"DIG"}],"circlet_count":0,"master_deck":["AscendersBane","Strike_R+1","Strike_R+1","Strike_R+1","Defend_R+1","Defend_R+1","Defend_R+1","Defend_R+1","Bash+1","Anger","Uppercut","Twin Strike","Spot Weakness+1","Headbutt+1","Feed","Exhume","Rage","Flame Barrier","Feed","Battle Trance+1","Inflame","Shockwave","Limit Break","Armaments+1","Madness+1","Madness","Demon Form","Pummel","Metallicize"],"relics":["Burning Blood","NeowsBlessing","Thread and Needle","Toy Ornithopter","Shovel","Sundial","Vajra","Matryoshka","Lizard Tail","Fusion Hammer","Anchor","Eternal Feather","Bottled Flame","Letter Opener","Bronze Scales","InkBottle","Whetstone","Snecko Eye","Orichalcum","Medical Kit","Juzu Bracelet","CeramicFish","Omamori","Mango","Kunai","Blood Vial","Mummified Hand","War Paint"],"acts_visited":["Exordium","TheCity","TheBeyond","TheEnding"],"potions_floor_usage":[47,47,50,55,55,55],"damage_taken":[{"damage":0.0,"enemies":"2 Louse","floor":1.0,"turns":1.0},{"damage":0.0,"enemies":"Gremlin Nob","floor":6.0,"turns":1.0},{"damage":0.0,"enemies":"Cultist","floor":7.0,"turns":1.0},{"damage":43.0,"enemies":"Lagavulin","floor":8.0,"turns":9.0},{"damage":6.0,"enemies":"Small Slimes","floor":10.0,"turns":3.0},{"damage":21.0,"enemies":"3 Sentries","floor":11.0,"turns":6.0},{"damage":4.0,"enemies":"Red Slaver","floor":12.0,"turns":5.0},{"damage":3.0,"enemies":"3 Louse","floor":13.0,"turns":2.0},{"damage":8.0,"enemies":"Gremlin Nob","floor":14.0,"turns":4.0},{"damage":23.0,"enemies":"The Guardian","floor":16.0,"turns":10.0},{"damage":0.0,"enemies":"Chosen","floor":18.0,"turns":4.0},{"damage":0.0,"enemies":"2 Thieves","floor":22.0,"turns":4.0},{"damage":8.0,"enemies":"Cultist and Chosen","floor":25.0,"turns":5.0},{"damage":15.0,"enemies":"Slavers","floor":27.0,"turns":8.0},{"damage":2.0,"enemies":"Snake Plant","floor":28.0,"turns":2.0},{"damage":30.0,"enemies":"Book of Stabbing","floor":29.0,"turns":5.0},{"damage":11.0,"enemies":"Shelled Parasite and Fungi","floor":30.0,"turns":4.0},{"damage":0.0,"enemies":"Cultist and Chosen","floor":31.0,"turns":6.0},{"damage":70.0,"enemies":"Collector","floor":33.0,"turns":7.0},{"damage":0.0,"enemies":"3 Darklings","floor":35.0,"turns":3.0},{"damage":0.0,"enemies":"3 Shapes","floor":36.0,"turns":2.0},{"damage":1.0,"enemies":"Maw","floor":38.0,"turns":6.0},{"damage":13.0,"enemies":"Giant Head","floor":40.0,"turns":6.0},{"damage":33.0,"enemies":"Nemesis","floor":42.0,"turns":7.0},{"damage":39,"enemies":"2 Orb Walkers","floor":44,"turns":6},{"damage":0,"enemies":"Jaw Worm Horde","floor":47,"turns":4},{"damage":48,"enemies":"Reptomancer","floor":48,"turns":5},{"damage":52,"enemies":"Time Eater","floor":50,"turns":7},{"damage":105,"enemies":"Shield and Spear","floor":54,"turns":7},{"damage":68,"enemies":"The Heart","floor":55,"turns":5}],"seed_played":"7106494198416414585","potions_obtained":[{"floor":7.0,"key":"Energy Potion"},{"floor":10.0,"key":"EntropicBrew"},{"floor":12.0,"key":"Dexterity Potion"},{"floor":14.0,"key":"Dexterity Potion"},{"floor":16.0,"key":"LiquidMemories"},{"floor":21.0,"key":"FearPotion"},{"floor":25.0,"key":"BloodPotion"},{"floor":28.0,"key":"Regen Potion"},{"floor":30.0,"key":"DuplicationPotion"},{"floor":33.0,"key":"SkillPotion"},{"floor":35.0,"key":"LiquidMemories"},{"floor":38.0,"key":"LiquidMemories"},{"floor":40.0,"key":"EssenceOfSteel"},{"floor":42.0,"key":"Dexterity Potion"},{"floor":46,"key":"HeartOfIron"},{"floor":48,"key":"AttackPotion"},{"floor":54,"key":"EntropicBrew"}],"is_trial":false,"path_per_floor":["M","?","?","?","?","E","M","E","T","M","E","M","M","E","R","B",null,"M","$","?","?","M","?","R","M","T","E","M","E","M","M","R","B",null,"M","M","$","M","$","E","?","E","T","?","$","?","M","E","R","B",null,"R","$","E","B"],"character_chosen":"IRONCLAD","items_purchased":["Anchor","Flame Barrier","Orichalcum","Medical Kit","Kunai","Pummel"],"campfire_rested":0,"item_purchase_floors":[19,19,39,39,45,53],"current_hp_per_floor":[74,67,67,67,67,73,75,43,43,43,38,40,43,46,46,39,66,75,75,75,75,81,81,81,84,84,78,82,58,78,87,93,48,82,91,102,102,102,102,100,82,60,60,45,45,45,65,23,38,68,110,124,124,25,0,0],"gold":45,"neow_bonus":"THREE_ENEMY_KILL","is_daily":false,"chose_seed":false,"campfire_upgraded":0,"win_rate":0.0,"timestamp":1610505368,"path_taken":["M","?","?","?","?","E","M","E","T","M","E","M","M","E","R","BOSS","M","$","?","?","?","?","R","M","T","E","?","E","M","M","R","BOSS","M","M","$","M","$","E","?","E","T","?","?","?","M","E","R","BOSS","R","$","E","BOSS"],"items_purchased_type":["Relic","Card","Relic","Relic","Relic","Card"],"build_version":"2020-12-22","purchased_purges":1,"victory":false,"max_hp_per_floor":[75,75,75,75,75,75,75,75,75,75,75,75,75,75,75,75,75,78,78,78,78,81,81,81,84,84,87,87,87,90,93,93,93,93,96,102,102,102,102,102,102,102,102,120,120,120,124,124,124,124,124,124,124,124,124,124],"card_choices":[{"not_picked":["Heavy Blade","True Grit"],"picked":"Cleave","floor":1.0},{"not_picked":["Body Slam","Havoc"],"picked":"Anger","floor":6.0},{"not_picked":["Wild Strike","Headbutt"],"picked":"Uppercut","floor":7.0},{"not_picked":["Iron Wave","Reckless Charge"],"picked":"Twin Strike","floor":8.0},{"not_picked":["Anger","Feel No Pain"],"picked":"Spot Weakness","floor":10.0},{"not_picked":["Havoc","Sword Boomerang","Cleave"],"picked":"SKIP","floor":11.0},{"not_picked":["Seeing Red","Feel No Pain"],"picked":"Headbutt","floor":12.0},{"not_picked":["Pommel Strike","Flex","Uppercut"],"picked":"SKIP","floor":13.0},{"not_picked":["Pommel Strike","Headbutt"],"picked":"Feed","floor":14.0},{"not_picked":["Fiend Fire","Feed"],"picked":"Exhume","floor":16.0},{"not_picked":["Anger","Iron Wave+1"],"picked":"Rage","floor":18.0},{"not_picked":["Shrug It Off","Pummel","Pommel Strike"],"picked":"SKIP","floor":22.0},{"not_picked":["Shrug It Off","Cleave"],"picked":"Battle Trance+1","floor":25.0},{"not_picked":["Infernal Blade+1","Iron Wave"],"picked":"Inflame","floor":27.0},{"not_picked":["Headbutt","Body Slam","Infernal Blade"],"picked":"SKIP","floor":28.0},{"not_picked":["Barricade","Anger"],"picked":"Shockwave","floor":29.0},{"not_picked":["Headbutt","Pommel Strike","Havoc"],"picked":"SKIP","floor":30.0},{"not_picked":["Sword Boomerang","Clash","Burning Pact"],"picked":"SKIP","floor":31.0},{"not_picked":["Feed","Immolate"],"picked":"Limit Break","floor":33.0},{"not_picked":["Shockwave","Body Slam","Clothesline"],"picked":"SKIP","floor":35.0},{"not_picked":["Wild Strike","Perfected Strike+1","Dropkick+1"],"picked":"SKIP","floor":36.0},{"not_picked":["Wild Strike","Perfected Strike+1","Dropkick+1"],"picked":"SKIP","floor":36.0},{"not_picked":["Iron Wave","Sentinel"],"picked":"Armaments+1","floor":38.0},{"not_picked":["Iron Wave","Body Slam","Perfected Strike"],"picked":"SKIP","floor":40.0},{"not_picked":["Disarm+1","Dual Wield"],"picked":"Demon Form","floor":42.0},{"not_picked":["True Grit","Anger+1","Burning Pact"],"picked":"SKIP","floor":47},{"not_picked":["Blood for Blood","Twin Strike","Spot Weakness"],"picked":"SKIP","floor":48},{"not_picked":["Flex+1","Havoc+1"],"picked":"Metallicize","floor":54}],"player_experience":314141,"relics_obtained":[{"floor":6.0,"key":"Toy Ornithopter"},{"floor":8.0,"key":"Shovel"},{"floor":9.0,"key":"Sundial"},{"floor":11.0,"key":"Vajra"},{"floor":14.0,"key":"Matryoshka"},{"floor":15.0,"key":"Lizard Tail"},{"floor":24.0,"key":"Eternal Feather"},{"floor":26.0,"key":"Bottled Flame"},{"floor":26.0,"key":"Letter Opener"},{"floor":27.0,"key":"Bronze Scales"},{"floor":29.0,"key":"InkBottle"},{"floor":32.0,"key":"Whetstone"},{"floor":40.0,"key":"Juzu Bracelet"},{"floor":42.0,"key":"CeramicFish"},{"floor":43.0,"key":"Omamori"},{"floor":44,"key":"Mango"},{"floor":48,"key":"Blood Vial"},{"floor":52,"key":"Mummified Hand"},{"floor":54,"key":"War Paint"}],"event_choices":[{"cards_removed":["Strike_R"],"damage_healed":0.0,"max_hp_gain":0.0,"max_hp_loss":0.0,"gold_gain":0.0,"event_name":"Golden Wing","player_choice":"Card Removal","floor":2.0,"gold_loss":0.0,"damage_taken":7.0},{"cards_removed":["Strike_R"],"damage_healed":0.0,"max_hp_gain":0.0,"max_hp_loss":0.0,"gold_gain":0.0,"event_name":"Living Wall","player_choice":"Forget","floor":3.0,"gold_loss":0.0,"damage_taken":0.0},{"damage_healed":0.0,"max_hp_gain":0.0,"max_hp_loss":0.0,"gold_gain":150.0,"event_name":"Liars Game","player_choice":"AGREE","floor":4.0,"gold_loss":0.0,"damage_taken":0.0,"cards_obtained":["Doubt"]},{"cards_removed":["Cleave"],"damage_healed":0.0,"max_hp_gain":0.0,"max_hp_loss":0.0,"gold_gain":0.0,"event_name":"WeMeetAgain","player_choice":"Gave Card","floor":5.0,"gold_loss":0.0,"damage_taken":0.0,"relics_obtained":["Thread and Needle"]},{"damage_healed":0.0,"max_hp_gain":0.0,"max_hp_loss":0.0,"gold_gain":0.0,"event_name":"Back to Basics","player_choice":"Simplicity","floor":20.0,"gold_loss":0.0,"damage_taken":0.0,"cards_upgraded":["Strike_R","Strike_R","Strike_R","Defend_R","Defend_R","Defend_R","Defend_R"]},{"damage_healed":0.0,"max_hp_gain":0.0,"max_hp_loss":0.0,"gold_gain":0.0,"event_name":"The Woman in Blue","player_choice":"Bought 1 Potion","floor":21.0,"gold_loss":0.0,"damage_taken":0.0},{"damage_healed":0.0,"max_hp_gain":0.0,"max_hp_loss":0.0,"gold_gain":0.0,"event_name":"Duplicator","player_choice":"Copied","floor":23.0,"gold_loss":0.0,"damage_taken":0.0,"cards_obtained":["Feed"]},{"damage_healed":0.0,"max_hp_gain":0.0,"max_hp_loss":0.0,"gold_gain":0.0,"event_name":"Winding Halls","player_choice":"Embrace Madness","floor":41.0,"gold_loss":0.0,"damage_taken":18.0,"cards_obtained":["Madness","Madness"]},{"damage_healed":0,"gold_gain":0,"player_choice":"Fight","damage_taken":0,"max_hp_gain":0,"max_hp_loss":0,"event_name":"Mysterious Sphere","floor":44,"gold_loss":0},{"damage_healed":0,"gold_gain":0,"player_choice":"Got Potions","damage_taken":0,"max_hp_gain":0,"max_hp_loss":0,"event_name":"Lab","floor":46,"gold_loss":0}],"is_beta":false,"boss_relics":[{"not_picked":["Empty Cage","SlaversCollar"],"picked":"Fusion Hammer"},{"not_picked":["SacredBark","Runic Cube"],"picked":"Snecko Eye"}],"items_purged_floors":[19],"is_endless":false,"potions_floor_spawned":[7,10,12,14,16,25,28,29,30,33,35,38,40,42,48,54],"killed_by":"The Heart","ascension_level":15}}