{"host":"y76x98twjnyyxs83","time":1610538276,"event":{"mods":["BaseMod","Colored Powertips","Minty Spire (QoL Compilation)","Permanent Neow","Quick Restart","Rare Cards Sparkle","Relic Stats","StSLib"],"gold_per_floor":[111,127,277,3,18,18,18,48,127,141,158,187,202,215,215,215,215],"floor_reached":16,"language":"ENG","playtime":494,"items_purged":["Doubt"],"score":211,"play_id":"fb77f7a8-0f9d-4db0-a7bc-cc2a5e84a84c","local_time":"20210113194436","is_ascension_mode":true,"campfire_choices":[{"data":"Whirlwind","floor":6,"key":"SMITH"},{"data":"Shockwave","floor":15,"key":"SMITH"}],"circlet_count":0,"master_deck":["AscendersBane","Strike_R","Strike_R","Strike_R","Strike_R","Strike_R","Defend_R","Defend_R","Defend_R","Defend_R","Bash","Shrug It Off","Perfected Strike","True Grit+1","Whirlwind+1","Clothesline","Ghostly Armor","Pommel Strike+1","Shockwave+1","Shrug It Off"],"relics":["Runic Dome","Juzu Bracelet","Molten Egg 2","Question Card"],"acts_visited":["Exordium"],"potions_floor_usage":[12,14],"damage_taken":[{"damage":7,"enemies":"Jaw Worm","floor":1,"turns":3},{"damage":0,"enemies":"2 Louse","floor":2,"turns":4},{"damage":10,"enemies":"Small Slimes","floor":5,"turns":2},{"damage":22,"enemies":"3 Sentries","floor":8,"turns":6},{"damage":0,"enemies":"2 Fungi Beasts","floor":10,"turns":3},{"damage":0,"enemies":"Looter","floor":11,"turns":3},{"damage":1,"enemies":"Lagavulin","floor":12,"turns":6},{"damage":12,"enemies":"3 Louse","floor":13,"turns":2},{"damage":7,"enemies":"Exordium Wildlife","floor":14,"turns":3},{"damage":15,"enemies":"Hexaghost","floor":16,"turns":8}],"seed_played":"-6210153612459284610","potions_obtained":[{"floor":5,"key":"Block Potion"},{"floor":12,"key":"ElixirPotion"},{"floor":14,"key":"Dexterity Potion"}],"is_trial":false,"path_per_floor":["M","M","?","$","M","R","?","E","T","M","M","E","M","M","R","B"],"character_chosen":"IRONCLAD","items_purchased":["True Grit","DistilledChaos","Whirlwind"],"campfire_rested":0,"item_purchase_floors":[4,4,4],"current_hp_per_floor":[61,61,61,61,51,51,51,29,29,29,29,28,16,9,9,0,0],"gold":215,"neow_bonus":"BOSS_RELIC","is_daily":false,"chose_seed":false,"campfire_upgraded":2,"win_rate":0.0,"timestamp":1610538276,"path_taken":["M","M","?","$","M","R","?","E","T","M","M","E","M","M","R","BOSS"],"items_purchased_type":["Card","Potion","Card"],"build_version":"2020-12-22","purchased_purges":1,"victory":false,"max_hp_per_floor":[75,75,75,75,75,75,75,75,75,75,75,75,75,75,75,75,75],"relic_stats":{"counters":[10,40],"Juzu Bracelet":0,"Question Card":2,"obtain_stats":[{"Runic Dome":0,"Molten Egg 2":9,"Juzu Bracelet":8,"Question Card":12,"Burning Blood":0},{"Runic Dome":0,"Molten Egg 2":4,"Juzu Bracelet":4,"Question Card":7,"Burning Blood":0},{"Runic Dome":0,"Molten Egg 2":15,"Juzu Bracelet":15,"Question Card":27,"Burning Blood":0}]},"card_choices":[{"not_picked":["Headbutt","Fire Breathing"],"picked":"Shrug It Off","floor":1},{"not_picked":["Headbutt","Rage"],"picked":"Perfected Strike","floor":2},{"not_picked":["Entrench","Twin Strike"],"picked":"Clothesline","floor":5},{"not_picked":["Body Slam","Anger"],"picked":"Ghostly Armor","floor":8},{"not_picked":["Heavy Blade+1","Searing Blow+1","Iron Wave+1"],"picked":"SKIP","floor":10},{"not_picked":["Iron Wave+1","Clothesline+1","Anger+1"],"picked":"SKIP","floor":11},{"not_picked":["Iron Wave+1","Flex"],"picked":"Pommel Strike+1","floor":12},{"not_picked":["Combust","Dual Wield","Twin Strike+1"],"picked":"Shockwave","floor":13},{"not_picked":["Rage","Brutality","Headbutt+1"],"picked":"Shrug It Off","floor":14}],"player_experience":1129093,"relics_obtained":[{"floor":8,"key":"Juzu Bracelet"},{"floor":9,"key":"Molten Egg 2"},{"floor":12,"key":"Question Card"}],"event_choices":[{"damage_healed":0,"gold_gain":150,"player_choice":"AGREE","damage_taken":0,"max_hp_gain":0,"max_hp_loss":0,"event_name":"Liars Game","floor":3,"gold_loss":0,"cards_obtained":["Doubt"]},{"damage_healed":0,"gold_gain":0,"player_choice":"Grow","damage_taken":0,"max_hp_gain":0,"max_hp_loss":0,"event_name":"Living Wall","floor":7,"gold_loss":0,"cards_upgraded":["True Grit"]}],"is_beta":false,"boss_relics":[],"items_purged_floors":[4],"is_endless":false,"potions_floor_spawned":[5,11,12,14],"killed_by":"Hexaghost","ascension_level":17}}