{"host":"qrt7o4dq2qslzw13","time":1610567275,"event":{"mods":["AchievementEnabler","BaseMod","Colored Map","Colored Powertips","Minty Spire (QoL Compilation)","Quick Restart","StSLib","SuperFastMode"],"gold_per_floor":[117,131,131,131,306,306,338,338,387,387,110,122,122,137,137,233,233,233,233,233,233,1,1,1,1,1,1,1,1,1,1,1,1,1,1,1,1,1,1,1,1,1,1,1,1,1,1,1,1,1,1],"floor_reached":50,"language":"ENG","playtime":1307,"items_purged":["Doubt"],"score":489,"play_id":"6a69c4fc-af6f-485f-ba5a-c18b398dab67","local_time":"20210113144755","is_ascension_mode":false,"campfire_choices":[{"data":"Zap","floor":6.0,"key":"SMITH"},{"data":"Auto Shields","floor":8.0,"key":"SMITH"},{"data":"Dualcast","floor":10.0,"key":"SMITH"},{"data":"Darkness","floor":13.0,"key":"SMITH"},{"data":"Defragment","floor":15.0,"key":"SMITH"},{"data":"Buffer","floor":23.0,"key":"SMITH"},{"data":"Electrodynamics","floor":25.0,"key":"SMITH"},{"data":"Beam Cell","floor":27.0,"key":"SMITH"},{"floor":32,"key":"REST"},{"floor":40,"key":"REST"},{"floor":49,"key":"RECALL"}],"circlet_count":0,"master_deck":["Strike_B","Strike_B","Strike_B","Defend_B","Defend_B","Defend_B","Defend_B","Zap+1","Dualcast+1","Tempest+1","Auto Shields+1","Rebound","Defragment+1","Leap","Darkness+1","Electrodynamics+1","Beam Cell+1","Undo+1","FTL","Decay","Buffer+1","Good Instincts","Hologram+1","Conserve Battery","BootSequence","Chill+1","Biased Cognition","Darkness","Double Energy","Consume+1","Buffer+1","Lockon+1","Capacitor+1"],"relics":["Nuclear Battery","Darkstone Periapt","Oddly Smooth Stone","Ectoplasm","Red Mask","Happy Flower","Mango","Sozu","Toxic Egg 2"],"acts_visited":["Exordium","TheCity","TheBeyond"],"potions_floor_usage":[31,31,36],"damage_taken":[{"damage":8.0,"enemies":"Cultist","floor":1.0,"turns":5.0},{"damage":0.0,"enemies":"2 Louse","floor":2.0,"turns":1.0},{"damage":10.0,"enemies":"Lagavulin","floor":7.0,"turns":5.0},{"damage":0.0,"enemies":"Small Slimes","floor":12.0,"turns":3.0},{"damage":0.0,"enemies":"2 Fungi Beasts","floor":14.0,"turns":3.0},{"damage":35.0,"enemies":"Slime Boss","floor":16.0,"turns":9.0},{"damage":12.0,"enemies":"Shell Parasite","floor":18.0,"turns":4.0},{"damage":7.0,"enemies":"Masked Bandits","floor":19.0,"turns":4.0},{"damage":0.0,"enemies":"3 Byrds","floor":20.0,"turns":3.0},{"damage":2.0,"enemies":"Centurion and Healer","floor":24.0,"turns":3.0},{"damage":0.0,"enemies":"3 Cultists","floor":28.0,"turns":4.0},{"damage":0.0,"enemies":"Cultist and Chosen","floor":29.0,"turns":4.0},{"damage":0.0,"enemies":"Centurion and Healer","floor":30.0,"turns":4.0},{"damage":12,"enemies":"Gremlin Leader","floor":31,"turns":6},{"damage":4,"enemies":"Automaton","floor":33,"turns":14},{"damage":0,"enemies":"3 Shapes","floor":35,"turns":3},{"damage":2,"enemies":"3 Darklings","floor":36,"turns":4},{"damage":33,"enemies":"Maw","floor":37,"turns":9},{"damage":0,"enemies":"Writhing Mass","floor":42,"turns":7},{"damage":0,"enemies":"3 Darklings","floor":45,"turns":6},{"damage":26,"enemies":"Spire Growth","floor":46,"turns":5},{"damage":0,"enemies":"Sphere and 2 Shapes","floor":48,"turns":3},{"damage":71,"enemies":"Awakened One","floor":50,"turns":8}],"seed_played":"5678418134728513932","potions_obtained":[{"floor":1.0,"key":"AttackPotion"},{"floor":2.0,"key":"Ancient Potion"},{"floor":12.0,"key":"Fire Potion"},{"floor":16.0,"key":"Fruit Juice"},{"floor":18.0,"key":"SkillPotion"},{"floor":19.0,"key":"EntropicBrew"},{"floor":28.0,"key":"Strength Potion"},{"floor":33,"key":"SkillPotion"}],"is_trial":false,"path_per_floor":["M","M","?","?","?","R","E","R","T","R","$","M","R","M","R","B",null,"M","?","M","?","$","R","M","R","T","R","M","M","M","E","R","B",null,"M","M","M","$","$","R","$","M","T","?","M","M","?","M","R","B"],"character_chosen":"DEFECT","items_purchased":["Defragment","Oddly Smooth Stone","Leap","Buffer","Good Instincts"],"campfire_rested":2,"item_purchase_floors":[11,11,11,22,22],"current_hp_per_floor":[67,67,60,60,60,60,50,50,50,50,50,50,50,50,50,20,80,68,61,61,67,67,67,65,65,65,65,65,65,65,67,97,93,100,100,98,65,65,65,95,95,95,95,95,95,69,69,69,69,0,0],"gold":1,"neow_bonus":"BOSS_RELIC","is_daily":false,"chose_seed":false,"campfire_upgraded":8,"win_rate":0.0,"timestamp":1610567275,"path_taken":["M","?","?","?","?","R","E","R","T","R","$","M","R","M","R","BOSS","M","?","M","?","$","R","M","R","T","R","M","?","M","E","R","BOSS","M","?","M","?","$","R","$","M","T","?","?","?","?","M","R","BOSS"],"items_purchased_type":["Card","Relic","Card","Card","Card"],"build_version":"2020-12-22","purchased_purges":1,"victory":false,"max_hp_per_floor":[75,75,75,75,75,75,75,75,75,75,75,75,75,75,75,80,80,80,80,80,86,86,86,86,86,86,86,86,86,86,100,100,100,100,100,100,100,100,100,100,100,100,100,100,100,100,100,100,100,100,100],"card_choices":[{"not_picked":["Glacier","Recycle"],"picked":"Tempest","floor":1.0},{"not_picked":["Fusion","Chaos"],"picked":"Auto Shields","floor":2.0},{"not_picked":["Sweeping Beam","Hello World"],"picked":"Rebound","floor":7.0},{"not_picked":["Heatsinks","Compile Driver"],"picked":"Darkness","floor":12.0},{"not_picked":["Redo","Auto Shields","Steam"],"picked":"SKIP","floor":14.0},{"not_picked":["Reboot","Machine Learning"],"picked":"Electrodynamics","floor":16.0},{"not_picked":["Go for the Eyes","Blizzard"],"picked":"Beam Cell","floor":18.0},{"not_picked":["Hologram","Hello World+1"],"picked":"Undo+1","floor":19.0},{"not_picked":["Auto Shields+1","Redo"],"picked":"FTL","floor":20.0},{"not_picked":["Heatsinks","Cold Snap"],"picked":"Hologram+1","floor":24.0},{"not_picked":["Coolheaded+1","Melter"],"picked":"Conserve Battery","floor":28.0},{"not_picked":["Genetic Algorithm","Turbo","Hologram"],"picked":"SKIP","floor":29.0},{"not_picked":["Redo+1","Rebound+1"],"picked":"BootSequence","floor":30.0},{"not_picked":["Streamline","Melter"],"picked":"Chill+1","floor":31},{"not_picked":["Fission","Hyperbeam"],"picked":"Biased Cognition","floor":33},{"not_picked":["Scrape","Sweeping Beam"],"picked":"Darkness","floor":35},{"not_picked":["Gash+1","Ball Lightning+1"],"picked":"Double Energy","floor":36},{"not_picked":["Cold Snap","Hello World","Steam"],"picked":"SKIP","floor":37},{"not_picked":["Leap","Multi-Cast"],"picked":"Consume+1","floor":42},{"not_picked":["Stack+1","Double Energy+1"],"picked":"Lockon+1","floor":45},{"not_picked":["Sweeping Beam+1","Barrage","Compile Driver"],"picked":"SKIP","floor":46},{"not_picked":["Go for the Eyes+1","Conserve Battery+1"],"picked":"Capacitor+1","floor":48}],"player_experience":541448,"relics_obtained":[{"floor":7.0,"key":"Darkstone Periapt"},{"floor":19.0,"key":"Red Mask"},{"floor":26.0,"key":"Happy Flower"},{"floor":31,"key":"Mango"},{"floor":43,"key":"Toxic Egg 2"}],"event_choices":[{"cards_removed":["Strike_B"],"damage_healed":0.0,"max_hp_gain":0.0,"max_hp_loss":0.0,"gold_gain":0.0,"event_name":"Golden Wing","player_choice":"Card Removal","floor":3.0,"gold_loss":0.0,"damage_taken":7.0},{"damage_healed":0.0,"max_hp_gain":0.0,"max_hp_loss":0.0,"gold_gain":0.0,"event_name":"Living Wall","player_choice":"Grow","floor":4.0,"gold_loss":0.0,"damage_taken":0.0,"cards_upgraded":["Tempest"]},{"damage_healed":0.0,"max_hp_gain":0.0,"max_hp_loss":0.0,"gold_gain":175.0,"event_name":"Liars Game","player_choice":"AGREE","floor":5.0,"gold_loss":0.0,"damage_taken":0.0,"cards_obtained":["Doubt"]},{"damage_healed":0.0,"max_hp_gain":0.0,"max_hp_loss":0.0,"gold_gain":0.0,"event_name":"Masked Bandits","player_choice":"Fought Bandits","floor":19.0,"gold_loss":0.0,"damage_taken":0.0},{"damage_healed":0.0,"max_hp_gain":0.0,"max_hp_loss":0.0,"gold_gain":0.0,"event_name":"Forgotten Altar","player_choice":"Smashed Altar","floor":21.0,"gold_loss":0.0,"damage_taken":0.0,"cards_obtained":["Decay"]},{"damage_healed":0,"gold_gain":0,"player_choice":"Copied","damage_taken":0,"max_hp_gain":0,"max_hp_loss":0,"event_name":"Duplicator","floor":44,"gold_loss":0,"cards_obtained":["Buffer"]},{"damage_healed":0,"gold_gain":0,"player_choice":"Ignored","damage_taken":0,"max_hp_gain":0,"max_hp_loss":0,"event_name":"Mysterious Sphere","floor":47,"gold_loss":0}],"is_beta":false,"boss_relics":[{"not_picked":["Snecko Eye","Astrolabe"],"picked":"Ectoplasm"},{"not_picked":["SlaversCollar","Coffee Dripper"],"picked":"Sozu"}],"items_purged_floors":[22],"is_endless":false,"potions_floor_spawned":[1,2,12,16,18,19,28,33,35,37,42,48],"killed_by":"Awakened One","ascension_level":0}}