{"host":"qie2g20yrau14p9p","time":1610519912,"event":{"mods":["BaseMod","Downfall","Minty Spire (QoL Compilation)","Replay The Spire","StSLib","The Cursed","The Necromancer","The Runesmith"],"gold_per_floor":[99,99,39,39,55,55,67,67,67,67,83,83,103,103,103,103,103,103],"floor_reached":16,"playtime":495,"items_purged":[],"score":138,"play_id":"390f07b2-3acf-4104-816f-ad7e08ef76cc","local_time":"20210113003832","daily_mods":["Heirloom","downfall:Lament","downfall:ExchangeController"],"is_ascension_mode":false,"campfire_choices":[{"data":"Guardian:PiercingHide","floor":6,"key":"SMITH"},{"floor":15,"key":"REST"}],"circlet_count":0,"master_deck":["Guardian:Strike_Guardian","Guardian:Strike_Guardian","Guardian:Strike_Guardian","Guardian:Strike_Guardian","Guardian:Defend_Guardian","Guardian:Defend_Guardian","Guardian:Defend_Guardian","Guardian:CurlUp","Guardian:TwinSlam","Guardian:SpikerProtocol+1","Guardian:PiercingHide+1","Guardian:DonusPower+1","Guardian:DecasProtection","Guardian:Repulse"],"relics":["Guardian:ModeShifter","downfall:NeowBlessing_Player","NeowsBlessing","Bird Faced Urn","Replay:Towering Pillar of Hats","Question Card"],"acts_visited":["Exordium"],"potions_floor_usage":[],"damage_taken":[{"damage":0,"enemies":"Cultist","floor":5,"turns":1},{"damage":0,"enemies":"Small Slimes","floor":7,"turns":1},{"damage":0,"enemies":"2 Louse","floor":11,"turns":1},{"damage":98,"enemies":"2 Fungi Beasts","floor":13,"turns":8},{"damage":100,"enemies":"Slime Boss","floor":16,"turns":6}],"seed_played":"-6635581196131423447","potions_obtained":[{"floor":7,"key":"Venom Potion"},{"floor":11,"key":"Strength Potion"},{"floor":13,"key":"Ancient Potion"}],"is_trial":true,"path_per_floor":["WH","WH","$","?","M","R","M","?","T","WH","M","WH","M","$","R","B"],"character_chosen":"GUARDIAN","items_purchased":["Guardian:Gem_Fragmented"],"campfire_rested":1,"item_purchase_floors":[3],"current_hp_per_floor":[180,180,180,180,180,180,180,180,180,180,180,180,83,83,110,13,13,13],"gold":103,"neow_bonus":"","is_daily":false,"chose_seed":false,"campfire_upgraded":1,"win_rate":0.0,"timestamp":1610519912,"path_taken":["WH","WH","?","?","M","R","M","?","T","WH","M","WH","M","$","R","BOSS"],"items_purchased_type":["Card"],"build_version":"2020-12-13","purchased_purges":0,"victory":false,"max_hp_per_floor":[180,180,180,180,180,180,180,180,180,180,180,180,180,180,180,180,180,180],"card_choices":[{"not_picked":["Guardian:SpikerProtocol","Guardian:ChargeCore"],"picked":"Guardian:PiercingHide","floor":5},{"not_picked":["Guardian:Gem_Red","Guardian:Gem_Lightblue"],"picked":"Guardian:DonusPower","floor":7},{"not_picked":["Guardian:Clone","Guardian:Gem_Green","Guardian:PiercingHide"],"picked":"Guardian:DecasProtection","floor":11},{"not_picked":["Guardian:WalkerClaw","Guardian:CrystalBeam","Guardian:Emergency"],"picked":"Guardian:Repulse","floor":13}],"player_experience":24670,"relics_obtained":[{"floor":9,"key":"Question Card"}],"event_choices":[],"is_beta":false,"boss_relics":[],"items_purged_floors":[],"is_endless":true,"potions_floor_spawned":[7,11,13],"killed_by":"Slime Boss","ascension_level":0}}