{"host":"4np54w3ai1r5lqo1","time":1610543135,"event":{"mods":["BaseMod","Colored Map","Minty Spire (QoL Compilation)","Quick Restart"],"gold_per_floor":[111,111,123,0,0,0,32,32,32,32,66,78,103,116,116,221,221,237,39,39,49,62,62,62],"floor_reached":23,"language":"ENG","playtime":653,"items_purged":["Defend_B"],"score":304,"play_id":"9c39f34b-4a9c-44f9-a71f-bd9ad45423f6","local_time":"20210113110535","is_ascension_mode":true,"campfire_choices":[{"data":"Zap","floor":6,"key":"SMITH"},{"data":"Core Surge","floor":10,"key":"SMITH"},{"data":"Streamline","floor":15,"key":"SMITH"}],"circlet_count":0,"master_deck":["Strike_B","Strike_B+1","Strike_B","Defend_B","Defend_B","Defend_B","Zap+1","Dualcast","Leap+1","Beam Cell","Gash","Core Surge+1","Coolheaded","Streamline+1","Barrage","Rainbow","FTL+1","Conserve Battery","Consume","Reprogram"],"relics":["Cracked Core","NeowsBlessing","Bag of Preparation","Blue Candle","Omamori","Matryoshka","Black Star","Runic Capacitor","CultistMask"],"acts_visited":["Exordium","TheCity"],"potions_floor_usage":[16,23],"damage_taken":[{"damage":0,"enemies":"2 Louse","floor":1,"turns":1},{"damage":0,"enemies":"Jaw Worm","floor":3,"turns":1},{"damage":0,"enemies":"Lagavulin","floor":7,"turns":1},{"damage":6,"enemies":"Gremlin Nob","floor":11,"turns":3},{"damage":0,"enemies":"Small Slimes","floor":12,"turns":2},{"damage":16,"enemies":"3 Sentries","floor":13,"turns":6},{"damage":1,"enemies":"Blue Slaver","floor":14,"turns":3},{"damage":21,"enemies":"Hexaghost","floor":16,"turns":7},{"damage":9,"enemies":"Shell Parasite","floor":18,"turns":4},{"damage":16,"enemies":"2 Thieves","floor":21,"turns":4},{"damage":19,"enemies":"Shelled Parasite and Fungi","floor":22,"turns":5},{"damage":58,"enemies":"Gremlin Leader","floor":23,"turns":5}],"seed_played":"5873939522368252160","potions_obtained":[{"floor":3,"key":"Ancient Potion"},{"floor":7,"key":"FocusPotion"},{"floor":11,"key":"FairyPotion"},{"floor":18,"key":"PowerPotion"}],"is_trial":false,"path_per_floor":["M","?","M","$","?","R","E","?","T","R","E","M","E","M","R","B",null,"M","$","?","M","M","E"],"character_chosen":"DEFECT","items_purchased":["Gash","Runic Capacitor","Conserve Battery"],"campfire_rested":0,"item_purchase_floors":[4,19,19],"current_hp_per_floor":[68,61,61,61,46,46,46,71,71,71,65,65,49,48,48,27,63,54,54,54,38,19,0,0],"gold":62,"neow_bonus":"THREE_ENEMY_KILL","is_daily":false,"chose_seed":false,"campfire_upgraded":3,"win_rate":0.0,"timestamp":1610543135,"path_taken":["M","?","M","$","?","R","E","?","T","R","E","M","E","M","R","BOSS","M","$","?","M","M","E"],"items_purchased_type":["Card","Relic","Card"],"build_version":"2020-12-22","purchased_purges":1,"victory":false,"max_hp_per_floor":[75,75,75,75,75,75,75,75,75,75,75,75,75,75,75,75,75,75,75,75,75,75,75,75],"card_choices":[{"not_picked":["Barrage","Ball Lightning"],"picked":"Leap","floor":1},{"not_picked":["Sweeping Beam","Redo"],"picked":"Beam Cell","floor":3},{"not_picked":["Steam","Go for the Eyes"],"picked":"Core Surge","floor":7},{"not_picked":["Fusion","Aggregate","Cold Snap"],"picked":"SKIP","floor":11},{"not_picked":["Turbo","Storm"],"picked":"Coolheaded","floor":12},{"not_picked":["Ball Lightning","Compile Driver"],"picked":"Streamline","floor":13},{"not_picked":["Glacier","Sweeping Beam"],"picked":"Barrage","floor":14},{"not_picked":["Creative AI","Amplify"],"picked":"Rainbow","floor":16},{"not_picked":["Loop+1","Beam Cell+1"],"picked":"FTL+1","floor":18},{"not_picked":["Ball Lightning","Steam"],"picked":"Consume","floor":21},{"not_picked":["Sweeping Beam","Conserve Battery"],"picked":"Reprogram","floor":22}],"player_experience":487914,"relics_obtained":[{"floor":7,"key":"Bag of Preparation"},{"floor":9,"key":"Blue Candle"},{"floor":11,"key":"Omamori"},{"floor":13,"key":"Matryoshka"}],"event_choices":[{"cards_removed":["Strike_B"],"damage_healed":0,"gold_gain":0,"player_choice":"Card Removal","damage_taken":7,"max_hp_gain":0,"max_hp_loss":0,"event_name":"Golden Wing","floor":2,"gold_loss":0},{"damage_healed":0,"gold_gain":0,"player_choice":"Entered Light","damage_taken":15,"max_hp_gain":0,"max_hp_loss":0,"event_name":"Shining Light","floor":5,"gold_loss":0,"cards_upgraded":["Strike_B","Leap"]},{"damage_healed":25,"gold_gain":0,"player_choice":"Banana","damage_taken":0,"max_hp_gain":0,"max_hp_loss":0,"event_name":"Big Fish","floor":8,"gold_loss":0},{"damage_healed":0,"gold_gain":0,"player_choice":"Trade","damage_taken":0,"relics_obtained":["CultistMask"],"max_hp_gain":0,"max_hp_loss":0,"event_name":"FaceTrader","floor":20,"gold_loss":0}],"is_beta":false,"boss_relics":[{"not_picked":["SacredBark","Busted Crown"],"picked":"Black Star"}],"items_purged_floors":[4],"is_endless":false,"potions_floor_spawned":[3,7,11,14,18,21],"killed_by":"Gremlin Leader","ascension_level":6}}