{"host":"3x36qx7z3zqcvkt0","time":1610533267,"event":{"mods":["Act Like it!","Arknights The Spire","BaseMod","Colored Map","Colored Powertips","Downfall","Friendly Minions","Gensokyo","Koishi","LagranYue(拉格朗・月)","Marisa（F雨　魔理沙）","Minty Spire (QoL Compilation)","Prisma Mod","Replay The Spire","Shop Mod","StSLib","The Cursed","The Servant 0.9.4","Yuyuko","【功能Mod】聪明的最终Boss"],"gold_per_floor":[118,118,118,44,44,79,98,98,98,98,98],"floor_reached":10,"language":"ZHS","playtime":647,"items_purged":[],"score":64,"play_id":"0dfbfeb1-7217-42bc-a048-a2f4247cee62","local_time":"20210113182107","is_ascension_mode":false,"campfire_choices":[{"floor":8,"key":"REST"}],"circlet_count":0,"master_deck":["ats:Strike C","ats:Strike G","ats:Strike S","ats:Strike V","ats:Armor Crushing Shot","ats:Defend","ats:Defend","ats:Defend","ats:Defend","ats:Emotion Absorption","ats:Calcification","ats:Leaping Hammer","Injury","Slimebound:Icky","ats:Thorns","PrismaMod:IllyaFriendMaker"],"relics":["ats:Sanity","LagranYue:RandomDrawCardRelic","Golden Idol","PrismaticShard","Dream Catcher","ats:Originium","Incense Burner"],"acts_visited":["Exordium"],"potions_floor_usage":[],"damage_taken":[{"damage":1,"enemies":"Cultist","floor":1,"turns":5},{"damage":51,"enemies":"Lagavulin","floor":6,"turns":15},{"damage":4,"enemies":"2 Louse","floor":7,"turns":4},{"damage":40,"enemies":"Replay:BlueRogue","floor":10,"turns":10}],"seed_played":"5918139718945693953","potions_obtained":[{"floor":6,"key":"ColorlessPotion"}],"is_trial":false,"path_per_floor":["M","?","?","$","?","E","M","R","T","E"],"character_chosen":"DOCTOR_CLASS","items_purchased":["ats:Thorns"],"campfire_rested":1,"item_purchase_floors":[4],"current_hp_per_floor":[71,71,71,71,64,18,15,36,36,0,0],"gold":98,"neow_bonus":"ONE_RANDOM_RARE_CARD","is_daily":false,"chose_seed":false,"campfire_upgraded":0,"win_rate":0.0,"timestamp":1610533267,"path_taken":["M","?","?","$","?","E","M","R","T","E"],"items_purchased_type":["Card"],"build_version":"2020-12-22","purchased_purges":0,"victory":false,"max_hp_per_floor":[72,72,72,72,72,72,72,72,72,72,72],"card_choices":[{"not_picked":["ats:Shell Defense","ats:Chain Hook"],"picked":"ats:Leaping Hammer","floor":1},{"not_picked":["Guardian:FierceBash","PrismaMod:MiyuAttackChannelWeak"],"picked":"PrismaMod:IllyaFriendMaker","floor":6},{"not_picked":["Sword Boomerang","PrismaMod:MiyuDevil","Slimebound:SlimeSpikes"],"picked":"SKIP","floor":7}],"player_experience":260084,"relics_obtained":[{"floor":6,"key":"ats:Originium"},{"floor":6,"key":"Incense Burner"}],"event_choices":[{"damage_healed":0,"gold_gain":0,"player_choice":"Take Wound","damage_taken":0,"relics_obtained":["Golden Idol"],"max_hp_gain":0,"max_hp_loss":0,"event_name":"Golden Idol","floor":2,"gold_loss":0,"cards_obtained":["Injury"]},{"damage_healed":0,"gold_gain":0,"player_choice":"Success","damage_taken":7,"relics_obtained":["Dream Catcher"],"max_hp_gain":0,"max_hp_loss":0,"event_name":"Scrap Ooze","floor":5,"gold_loss":0}],"is_beta":false,"boss_relics":[],"items_purged_floors":[],"is_endless":false,"potions_floor_spawned":[6],"killed_by":"Replay:BlueRogue","ascension_level":0}}