{"host":"9jj9tzo2iym4bpat","time":1610580257,"event":{"mods":["Act Like it!","BaseMod","CapriCore","Gensokyo","Luminous","Marisa????????","Minty Spire (QoL Compilation)","Permanent Neow","StSLib","Td1madao Mod","The Animator","The Immortal","The Marked","The Servant 0.9.4"],"gold_per_floor":[118,136,41,116,116,144,144,169,214,214,245,255,272,80,80,178,178,194,13,33,49,60,60,80,80,80,80,100,111,211,211,211,211,211],"floor_reached":33,"language":"ENG","playtime":1583,"items_purged":[],"score":317,"play_id":"f58943ae-ed43-473f-bb7c-89069c8db100","local_time":"20210113172417","is_ascension_mode":false,"campfire_choices":[{"floor":7,"key":"REST"},{"floor":10,"key":"REST"},{"floor":15,"key":"REST"},{"floor":23,"key":"REST"},{"data":"FlawlessForm","floor":25,"key":"SMITH"},{"floor":27,"key":"REST"},{"floor":32,"key":"REST"}],"circlet_count":0,"master_deck":["Strike_S","Strike_S","Strike_S","Strike_S","Defend_S","Defend_S","Defend_S","Defend_S","KidneyShot","Exchange","FastForward","Misdirection","SurpressingFire","Unruled","Ricochet","Solidify","Starlight","Snipe","Unruled","DualDimension","FlawlessForm+1","Spin+1","SurpressingFire","Sabotage+1","Gouge+1","SilverBlades","ShatteredReality+1","ReturningBlade","SurpressingFire+1","Moondial"],"relics":["Uniform","Anchor","Akabeko","MealTicket","Potion Belt","Omamori","StoneMask","Vajra","Mango","Thread and Needle","Pantograph"],"acts_visited":["Exordium","TheCity"],"potions_floor_usage":[6,8,16,16,16,16,16,16,30,33,33,33,33,33],"damage_taken":[{"damage":4,"enemies":"Cultist","floor":1,"turns":4},{"damage":2,"enemies":"Small Slimes","floor":2,"turns":4},{"damage":32,"enemies":"3 Sentries","floor":6,"turns":8},{"damage":41,"enemies":"Gremlin Nob","floor":8,"turns":6},{"damage":20,"enemies":"3 Sentries","floor":11,"turns":6},{"damage":0,"enemies":"Jaw Worm","floor":12,"turns":2},{"damage":0,"enemies":"Blue Slaver","floor":13,"turns":3},{"damage":30,"enemies":"Hexaghost","floor":16,"turns":12},{"damage":16,"enemies":"Spheric Guardian","floor":18,"turns":4},{"damage":8,"enemies":"Shell Parasite","floor":20,"turns":4},{"damage":9,"enemies":"Snecko","floor":21,"turns":5},{"damage":24,"enemies":"Sentry and Sphere","floor":22,"turns":7},{"damage":22,"enemies":"Centurion and Healer","floor":24,"turns":4},{"damage":0,"enemies":"Chosen and Byrds","floor":28,"turns":5},{"damage":0,"enemies":"Snake Plant","floor":29,"turns":2},{"damage":21,"enemies":"Colosseum Slavers","floor":30,"turns":4},{"damage":27,"enemies":"Colosseum Nobs","floor":30,"turns":5},{"damage":106,"enemies":"Automaton","floor":33,"turns":14}],"seed_played":"-1271583886639696507","potions_obtained":[{"floor":1,"key":"AttackPotion"},{"floor":6,"key":"FearPotion"},{"floor":21,"key":"SneckoOil"},{"floor":30,"key":"EntropicBrew"}],"is_trial":false,"path_per_floor":["M","M","$","?","?","E","R","E","T","R","E","M","M","$","R","B",null,"M","$","M","M","M","R","M","R","T","R","M","M","?","?","R","B"],"character_chosen":"THE_SERVANT","items_purchased":["SurpressingFire","Unruled","EntropicBrew","Unruled","DualDimension","Vajra","SurpressingFire"],"campfire_rested":6,"item_purchase_floors":[3,3,14,14,14,19,19],"current_hp_per_floor":[61,59,59,48,53,21,42,1,1,22,2,2,2,17,38,8,70,57,71,66,60,42,64,48,48,62,89,93,94,58,58,87,0,0],"gold":211,"neow_bonus":"RANDOM_COMMON_RELIC","is_daily":false,"chose_seed":false,"campfire_upgraded":1,"win_rate":0.0,"timestamp":1610580257,"path_taken":["M","?","$","?","?","E","R","E","T","R","E","M","M","?","R","BOSS","M","$","M","M","M","R","M","R","T","R","M","M","?","?","R","BOSS"],"items_purchased_type":["Card","Card","Potion","Card","Card","Relic","Card"],"build_version":"2020-12-22","purchased_purges":0,"victory":false,"max_hp_per_floor":[65,65,65,65,70,70,70,70,70,70,70,70,70,70,70,70,70,71,71,72,73,75,75,77,77,91,91,93,94,98,98,98,98,98],"card_choices":[{"not_picked":["BottledTime","TimeWarp"],"picked":"FastForward","floor":1},{"not_picked":["BottledTime","FastForward"],"picked":"Misdirection","floor":2},{"not_picked":["Solidify","BestPractice"],"picked":"Ricochet","floor":6},{"not_picked":["Embodiment","Contraction"],"picked":"Solidify","floor":8},{"not_picked":["Replace","RealityMarble"],"picked":"Starlight","floor":11},{"not_picked":["Gouge","DoubleEdge"],"picked":"Snipe","floor":12},{"not_picked":["Shuttle","Unruled","FastForward"],"picked":"SKIP","floor":13},{"not_picked":["Embodiment","Dilation"],"picked":"FlawlessForm","floor":16},{"not_picked":["Unruled","Defy+1"],"picked":"Spin+1","floor":18},{"not_picked":["WasteNot+1","Rewind"],"picked":"Sabotage+1","floor":20},{"not_picked":["Shuttle+1","Manipulate"],"picked":"Gouge+1","floor":21},{"not_picked":["Replace","Starlight"],"picked":"SilverBlades","floor":22},{"not_picked":["Alleviate","ShiftingGears"],"picked":"ShatteredReality+1","floor":24},{"not_picked":["Unruled","TimeWarp"],"picked":"ReturningBlade","floor":28},{"not_picked":["TimeWarp","Alleviate"],"picked":"SurpressingFire+1","floor":29},{"not_picked":["FastForward","Advance"],"picked":"Moondial","floor":30}],"player_experience":234963,"relics_obtained":[{"floor":6,"key":"Akabeko"},{"floor":8,"key":"MealTicket"},{"floor":9,"key":"Potion Belt"},{"floor":11,"key":"Omamori"},{"floor":26,"key":"Mango"},{"floor":30,"key":"Thread and Needle"},{"floor":30,"key":"Pantograph"}],"event_choices":[{"damage_healed":0,"gold_gain":75,"player_choice":"Gather Gold","damage_taken":11,"max_hp_gain":0,"max_hp_loss":0,"event_name":"World of Goop","floor":4,"gold_loss":0},{"damage_healed":0,"gold_gain":0,"player_choice":"Donut","damage_taken":0,"max_hp_gain":5,"max_hp_loss":0,"event_name":"Big Fish","floor":5,"gold_loss":0},{"damage_healed":0,"gold_gain":0,"player_choice":"Fight","damage_taken":0,"max_hp_gain":0,"max_hp_loss":0,"event_name":"Colosseum","floor":30,"gold_loss":0},{"damage_healed":0,"gold_gain":0,"player_choice":"Fought Nobs","damage_taken":0,"max_hp_gain":0,"max_hp_loss":0,"event_name":"Colosseum","floor":30,"gold_loss":0},{"damage_healed":0,"gold_gain":0,"player_choice":"Ignored","damage_taken":0,"max_hp_gain":0,"max_hp_loss":0,"event_name":"Purifier","floor":31,"gold_loss":0}],"is_beta":false,"boss_relics":[{"not_picked":["Pandora\u0027s Box","Calling Bell"],"picked":"StoneMask"}],"items_purged_floors":[],"is_endless":false,"potions_floor_spawned":[1,6,21,30,30],"killed_by":"Automaton","ascension_level":0}}