{"host":"d61fcf2p3sjwe6yo","time":1610531932,"event":{"mods":["AchievementEnabler","BaseMod","Colored Map","Minty Spire (QoL Compilation)","StSLib","SuperFastMode"],"gold_per_floor":[368,318,318,243,255,255,273,273,273,306,316,327,327,353,353,425,425,438,537,452,377,48,48,78,78,78,113,113,138,153,165,165,241,241,256,256,131,150,165,165,197,197,197,252,252,277,277,277,277,277,277,277,127,162,162],"floor_reached":56,"language":"ENG","playtime":2119,"items_purged":["Strike_G","Defend_G","Strike_G"],"score":2184,"play_id":"e7d001cf-4324-4a8d-9794-e127a68208f2","local_time":"20210113125852","is_ascension_mode":true,"campfire_choices":[{"data":"Dagger Spray","floor":6.0,"key":"SMITH"},{"data":"Predator","floor":8.0,"key":"SMITH"},{"data":"Neutralize","floor":13.0,"key":"SMITH"},{"floor":15.0,"key":"REST"},{"data":"Adrenaline","floor":23.0,"key":"SMITH"},{"data":"Leg Sweep","floor":28.0,"key":"SMITH"},{"data":"Defend_G","floor":32.0,"key":"SMITH"},{"data":"Blade Dance","floor":40.0,"key":"SMITH"},{"data":"Blade Dance","floor":42.0,"key":"SMITH"},{"floor":49.0,"key":"RECALL"},{"data":"Infinite Blades","floor":52,"key":"SMITH"}],"circlet_count":0,"master_deck":["AscendersBane","Defend_G+1","Survivor+1","Neutralize+1","Dagger Spray+1","Predator+1","Leg Sweep+1","Adrenaline+1","Finisher+1","Finisher+1","Predator+1","Cloak And Dagger+1","Backstab+1","Infinite Blades+1","Terror+1","Blade Dance+1","Blade Dance+1","PiercingWail+1"],"relics":["Ring of the Snake","Sundial","Molten Egg 2","Potion Belt","Astrolabe","Regal Pillow","Happy Flower","FossilizedHelix","Thread and Needle","InkBottle","PreservedInsect","Philosopher\u0027s Stone","Eternal Feather","CaptainsWheel","Peace Pipe","Shuriken","Pen Nib","Gremlin Horn"],"acts_visited":["Exordium","TheCity","TheBeyond","TheEnding"],"potions_floor_usage":[55,55,55,55],"damage_taken":[{"damage":2.0,"enemies":"Cultist","floor":1.0,"turns":4.0},{"damage":5.0,"enemies":"Small Slimes","floor":5.0,"turns":3.0},{"damage":0.0,"enemies":"2 Louse","floor":7.0,"turns":2.0},{"damage":12.0,"enemies":"Lagavulin","floor":10.0,"turns":5.0},{"damage":0.0,"enemies":"Large Slime","floor":11.0,"turns":4.0},{"damage":3.0,"enemies":"Looter","floor":12.0,"turns":3.0},{"damage":12.0,"enemies":"Gremlin Nob","floor":14.0,"turns":3.0},{"damage":12.0,"enemies":"Slime Boss","floor":16.0,"turns":10.0},{"damage":0.0,"enemies":"Spheric Guardian","floor":18.0,"turns":1.0},{"damage":4.0,"enemies":"Gremlin Leader","floor":24.0,"turns":5.0},{"damage":0.0,"enemies":"Book of Stabbing","floor":27.0,"turns":3.0},{"damage":0.0,"enemies":"Slavers","floor":29.0,"turns":2.0},{"damage":0.0,"enemies":"3 Byrds","floor":30.0,"turns":2.0},{"damage":0.0,"enemies":"3 Cultists","floor":31.0,"turns":2.0},{"damage":0.0,"enemies":"Collector","floor":33.0,"turns":7.0},{"damage":0.0,"enemies":"3 Shapes","floor":35.0,"turns":2.0},{"damage":0.0,"enemies":"3 Darklings","floor":38.0,"turns":2.0},{"damage":10.0,"enemies":"4 Shapes","floor":39.0,"turns":3.0},{"damage":0.0,"enemies":"Reptomancer","floor":41.0,"turns":2.0},{"damage":0.0,"enemies":"2 Orb Walkers","floor":44.0,"turns":2.0},{"damage":0.0,"enemies":"Giant Head","floor":46.0,"turns":2.0},{"damage":13,"enemies":"Donu and Deca","floor":50,"turns":5},{"damage":0,"enemies":"Shield and Spear","floor":54,"turns":3},{"damage":67,"enemies":"The Heart","floor":55,"turns":6}],"seed_played":"5739643670645937328","potions_obtained":[{"floor":5.0,"key":"CultistPotion"},{"floor":11.0,"key":"SteroidPotion"},{"floor":12.0,"key":"LiquidBronze"},{"floor":14.0,"key":"Fire Potion"},{"floor":16.0,"key":"Energy Potion"},{"floor":27.0,"key":"Fruit Juice"},{"floor":29.0,"key":"BlessingOfTheForge"},{"floor":33.0,"key":"SteroidPotion"},{"floor":41.0,"key":"Strength Potion"},{"floor":44.0,"key":"GhostInAJar"}],"is_trial":false,"path_per_floor":["M","?","?","$","M","R","M","R","T","E","M","M","R","E","R","B",null,"M","?","?","?","$","R","E","?","T","E","R","E","M","M","R","B",null,"M","?","$","M","M","R","E","R","T","?","?","E","T","$","R","B",null,"R","$","E","B",null],"character_chosen":"THE_SILENT","items_purchased":["Happy Flower","Backstab+1","Pen Nib"],"campfire_rested":1,"item_purchase_floors":[22,22,53],"current_hp_per_floor":[43,43,43,43,38,38,38,38,38,26,26,23,23,11,32,20,58,58,58,58,58,58,58,54,54,54,54,59,59,59,59,59,59,71,71,85,85,85,75,75,75,84,84,84,81,81,81,81,81,68,78,81,81,81,14],"gold":162,"neow_bonus":"TWO_FIFTY_GOLD","is_daily":false,"chose_seed":false,"campfire_upgraded":9,"win_rate":0.0,"timestamp":1610531932,"path_taken":["M","?","?","$","M","R","M","R","T","E","M","?","R","E","R","BOSS","M","?","?","?","?","R","E","?","T","E","R","E","M","?","R","BOSS","M","?","?","M","M","R","E","R","T","?","?","E","?","$","R","BOSS","R","$","E","BOSS"],"items_purchased_type":["Relic","Card","Relic"],"build_version":"2020-12-22","purchased_purges":3,"victory":true,"max_hp_per_floor":[70,70,70,70,70,70,70,70,70,70,70,70,70,70,70,70,70,70,70,70,70,70,70,70,70,70,70,75,75,75,75,75,75,75,75,85,85,85,85,85,85,85,85,85,81,81,81,81,81,81,81,81,81,81,81],"card_choices":[{"not_picked":["Slice","Bane"],"picked":"Dagger Spray","floor":1.0},{"not_picked":["Dodge and Roll","Deflect","Bane"],"picked":"SKIP","floor":5.0},{"not_picked":["Slice","Dagger Spray"],"picked":"Predator","floor":7.0},{"not_picked":["Caltrops","Dagger Spray+1","Deflect"],"picked":"SKIP","floor":10.0},{"not_picked":["Finisher+1","Prepared","Poisoned Stab+1"],"picked":"SKIP","floor":11.0},{"not_picked":["Noxious Fumes","Cloak And Dagger","Underhanded Strike+1"],"picked":"SKIP","floor":12.0},{"not_picked":["Terror","Escape Plan"],"picked":"Leg Sweep","floor":14.0},{"not_picked":["Wraith Form v2","Tools of the Trade"],"picked":"Adrenaline","floor":16.0},{"not_picked":["Blade Dance","Outmaneuver"],"picked":"Cloak And Dagger+1","floor":18.0},{"not_picked":["Acrobatics","Bane+1","Sucker Punch+1"],"picked":"SKIP","floor":24.0},{"not_picked":["Dodge and Roll+1","Eviscerate+1"],"picked":"Infinite Blades","floor":27.0},{"not_picked":["Backstab+1","Skewer+1","Concentrate+1"],"picked":"SKIP","floor":29.0},{"not_picked":["PiercingWail","Sucker Punch+1","Poisoned Stab+1"],"picked":"SKIP","floor":30.0},{"not_picked":["All Out Attack+1","PiercingWail","Outmaneuver+1"],"picked":"SKIP","floor":31.0},{"not_picked":["Unload+1","A Thousand Cuts"],"picked":"Envenom","floor":33.0},{"not_picked":["Poisoned Stab+1","Flying Knee+1"],"picked":"Terror+1","floor":35.0},{"not_picked":["Dodge and Roll","Riddle With Holes+1"],"picked":"Blade Dance","floor":38.0},{"not_picked":["Acrobatics","Endless Agony+1","Setup"],"picked":"SKIP","floor":39.0},{"not_picked":["Underhanded Strike+1","Grand Finale+1"],"picked":"Blade Dance","floor":41.0},{"not_picked":["Sucker Punch+1","Well Laid Plans","Bouncing Flask"],"picked":"SKIP","floor":46.0},{"not_picked":["Glass Knife+1","Phantasmal Killer"],"picked":"PiercingWail+1","floor":54}],"player_experience":199993,"relics_obtained":[{"floor":9.0,"key":"Sundial"},{"floor":10.0,"key":"Molten Egg 2"},{"floor":14.0,"key":"Potion Belt"},{"floor":24.0,"key":"FossilizedHelix"},{"floor":26.0,"key":"Thread and Needle"},{"floor":27.0,"key":"InkBottle"},{"floor":29.0,"key":"PreservedInsect"},{"floor":41.0,"key":"Eternal Feather"},{"floor":44.0,"key":"CaptainsWheel"},{"floor":46.0,"key":"Peace Pipe"},{"floor":47.0,"key":"Shuriken"},{"floor":54,"key":"Gremlin Horn"}],"event_choices":[{"cards_removed":["Defend_G"],"damage_healed":0.0,"max_hp_gain":0.0,"max_hp_loss":0.0,"gold_gain":0.0,"event_name":"The Cleric","player_choice":"Card Removal","floor":2.0,"gold_loss":50.0,"damage_taken":0.0},{"cards_removed":["Strike_G"],"damage_healed":0.0,"max_hp_gain":0.0,"max_hp_loss":0.0,"gold_gain":0.0,"event_name":"Wheel of Change","player_choice":"Card Removal","floor":3.0,"gold_loss":0.0,"damage_taken":0.0},{"damage_healed":0.0,"max_hp_gain":0.0,"max_hp_loss":0.0,"gold_gain":99.0,"event_name":"Nest","player_choice":"Stole From Cult","floor":19.0,"gold_loss":0.0,"damage_taken":0.0},{"damage_healed":0.0,"max_hp_gain":0.0,"max_hp_loss":0.0,"gold_gain":0.0,"event_name":"Addict","player_choice":"Obtained Relic","floor":20.0,"gold_loss":85.0,"damage_taken":0.0,"relics_obtained":["Regal Pillow"]},{"cards_removed":["Strike_G"],"damage_healed":0.0,"max_hp_gain":0.0,"max_hp_loss":0.0,"gold_gain":0.0,"event_name":"Beggar","player_choice":"Gave Gold","floor":21.0,"gold_loss":75.0,"damage_taken":0.0},{"damage_healed":0.0,"max_hp_gain":0.0,"max_hp_loss":0.0,"gold_gain":0.0,"event_name":"Upgrade Shrine","player_choice":"Upgraded","floor":25.0,"gold_loss":0.0,"damage_taken":0.0,"cards_upgraded":["Survivor"]},{"cards_removed":["Envenom"],"damage_healed":4.0,"max_hp_gain":10.0,"max_hp_loss":0.0,"gold_gain":0.0,"event_name":"Bonfire Elementals","player_choice":"Offered Rare","floor":36.0,"gold_loss":0.0,"damage_taken":0.0},{"damage_healed":0.0,"max_hp_gain":0.0,"max_hp_loss":0.0,"gold_gain":0.0,"event_name":"Mysterious Sphere","player_choice":"Fight","floor":44.0,"gold_loss":0.0,"damage_taken":0.0},{"damage_healed":0.0,"max_hp_gain":0.0,"max_hp_loss":4.0,"gold_gain":0.0,"event_name":"Winding Halls","player_choice":"Max HP","floor":45.0,"gold_loss":0.0,"damage_taken":0.0}],"is_beta":false,"boss_relics":[{"not_picked":["SacredBark","HoveringKite"],"picked":"Astrolabe"},{"not_picked":["Runic Pyramid","SlaversCollar"],"picked":"Philosopher\u0027s Stone"}],"items_purged_floors":[4,22,37],"is_endless":false,"potions_floor_spawned":[5,11,12,14,16,27,29,33,41,44],"ascension_level":13}}