{"host":"c5slkkw8hp42e20v","time":1610518141,"event":{"mods":["AchievementEnabler","BaseMod","Better Note","BetterRewards","Colored Powertips","DeckTracker","Friendly Minions","GifTheSpireLib","Hermit","Highlight Path","Minty Spire (QoL Compilation)","Quick Restart","Rare Cards Sparkle","Replay The Spire","Spicy Shops","StSLib","The Animator","The Hierophant","The Poker Player","????"],"gold_per_floor":[118,118,128,148,159,159,185,185,211,242,255,275,292,292,21,126,126,92,92,109,209,227,262,282,282,282],"floor_reached":25,"language":"ENG","playtime":1278,"items_purged":[],"score":354,"play_id":"3b3caa75-a1c4-4073-ba75-26bd3f5c44f8","local_time":"20210113000901","is_ascension_mode":true,"campfire_choices":[{"floor":6,"key":"REST"},{"floor":8,"key":"REST"}],"circlet_count":0,"master_deck":["Strike_R","Strike_R","Strike_R","Strike_R","Strike_R","Defend_R","Defend_R","Defend_R","Defend_R","Bash","ReplayTheSpireMod:Muscle Training","Terror","hermit:PistolWhip","Cold Snap","CutThroughFate","Inflame","hierophant:Smite","BattleHymn","animator:LizardPriest","ReplayTheSpireMod:Private Reserves","Omniscience","animator:RoyMustang","hierophant:Zeal+1","hierophant:Sermon","animator:Scar","hierophant:Purify+1"],"relics":["Burning Blood","Membership Card","PrismaticShard","FaceOfCleric","PreservedInsect","Vajra","Orichalcum","Thread and Needle","Question Card","Mark of Pain","Lantern"],"acts_visited":["Exordium","TheCity"],"potions_floor_usage":[],"damage_taken":[{"damage":1,"enemies":"Small Slimes","floor":1,"turns":3},{"damage":2,"enemies":"Cultist","floor":3,"turns":3},{"damage":13,"enemies":"2 Louse","floor":4,"turns":3},{"damage":13,"enemies":"Large Slime","floor":5,"turns":7},{"damage":40,"enemies":"3 Sentries","floor":7,"turns":9},{"damage":35,"enemies":"Lagavulin","floor":10,"turns":4},{"damage":6,"enemies":"Looter","floor":11,"turns":3},{"damage":10,"enemies":"Lots of Slimes","floor":12,"turns":3},{"damage":15,"enemies":"Blue Slaver","floor":13,"turns":3},{"damage":21,"enemies":"Hexaghost","floor":16,"turns":8},{"damage":9,"enemies":"2 Thieves","floor":18,"turns":4},{"damage":5,"enemies":"Shell Parasite","floor":20,"turns":4},{"damage":10,"enemies":"Centurion and Healer","floor":22,"turns":5},{"damage":55,"enemies":"Gremlin Leader","floor":23,"turns":6},{"damage":17,"enemies":"Shelled Parasite and Fungi","floor":24,"turns":3},{"damage":21,"enemies":"Slavers","floor":25,"turns":1}],"seed_played":"1305584303971910174","potions_obtained":[{"floor":1,"key":"SkillPotion"},{"floor":4,"key":"Languid Potion"},{"floor":7,"key":"Block Potion"},{"floor":13,"key":"LiquidBronze"}],"is_trial":false,"path_per_floor":["M","?","M","M","M","R","E","R","T","E","M","M","M","?","R","B",null,"M","?","M","?","M","E","M","E"],"character_chosen":"IRONCLAD","items_purchased":["Membership Card","PrismaticShard","ReplayTheSpireMod:Muscle Training","Thread and Needle","Question Card"],"campfire_rested":2,"item_purchase_floors":[0,0,0,15,15],"current_hp_per_floor":[80,80,81,75,69,83,50,75,75,47,48,45,37,37,37,23,89,87,78,80,80,77,29,19,0,0],"gold":282,"neow_bonus":"","is_daily":false,"chose_seed":false,"campfire_upgraded":0,"win_rate":0.0,"timestamp":1610518141,"path_taken":["M","?","M","M","?","R","E","R","T","E","?","M","M","?","R","BOSS","M","?","?","?","?","E","M","E"],"items_purchased_type":["Relic","Relic","Card","Relic","Relic"],"build_version":"2020-12-22","purchased_purges":0,"victory":false,"max_hp_per_floor":[80,80,81,82,83,83,84,84,84,85,86,87,88,88,88,89,89,90,90,91,91,92,93,94,94,94],"card_choices":[{"not_picked":["Tempest","True Grit"],"picked":"ReplayTheSpireMod:Trickstab","floor":1},{"not_picked":["TalkToTheHand","animator:Mitsuba"],"picked":"Terror","floor":3},{"not_picked":["PokerPlayerMod:CloakAndDiamond","animator:SilverFang"],"picked":"hermit:PistolWhip","floor":4},{"not_picked":["animator:GazelDwargon","Compile Driver"],"picked":"Cold Snap","floor":5},{"not_picked":["ReachHeaven","Pommel Strike"],"picked":"CutThroughFate","floor":7},{"not_picked":["Crow Ritual","Stack"],"picked":"Inflame","floor":10},{"not_picked":["Havoc","animator:Shigure"],"picked":"hierophant:Smite","floor":11},{"not_picked":["Replay:Undeath\u0027s Touch","animator:Elsword"],"picked":"BattleHymn","floor":12},{"not_picked":["animator:Benimaru","Pommel Strike"],"picked":"animator:LizardPriest","floor":13},{"not_picked":["ReplayUltimateDefense","PokerPlayerMod:FakeSymbols","hermit:FromBeyond"],"picked":"Omniscience","floor":16},{"not_picked":["Wild Strike","hierophant:Shelter","animator:Genos"],"picked":"animator:RoyMustang","floor":18},{"not_picked":["Chaos","animator:Shichika","hierophant:FieryStrike"],"picked":"hierophant:Zeal+1","floor":20},{"not_picked":["Barrage","Hidden Blade","hermit:Cheat"],"picked":"hierophant:Sermon","floor":22},{"not_picked":["hierophant:DeathKnell","hermit:Coalescence","animator:Verdia"],"picked":"animator:Scar","floor":23},{"not_picked":["ReplayTheSpireMod:Tripwire","Shrug It Off","animator:MetalKnight"],"picked":"hierophant:Purify+1","floor":24}],"player_experience":44465,"relics_obtained":[{"floor":7,"key":"PreservedInsect"},{"floor":9,"key":"Vajra"},{"floor":10,"key":"Orichalcum"},{"floor":23,"key":"Lantern"}],"event_choices":[{"damage_healed":0,"gold_gain":0,"player_choice":"Trade","damage_taken":0,"relics_obtained":["FaceOfCleric"],"max_hp_gain":0,"max_hp_loss":0,"event_name":"FaceTrader","floor":2,"gold_loss":0},{"damage_healed":0,"gold_gain":0,"cards_transformed":["ReplayTheSpireMod:Trickstab"],"player_choice":"Change","damage_taken":0,"max_hp_gain":0,"max_hp_loss":0,"event_name":"Living Wall","floor":14,"gold_loss":0,"cards_obtained":["ReplayTheSpireMod:Private Reserves"]},{"damage_healed":0,"gold_gain":0,"player_choice":"Damaged","damage_taken":9,"max_hp_gain":0,"max_hp_loss":0,"event_name":"Wheel of Change","floor":19,"gold_loss":0},{"damage_healed":0,"gold_gain":100,"player_choice":"Pray","damage_taken":0,"max_hp_gain":0,"max_hp_loss":0,"event_name":"Golden Shrine","floor":21,"gold_loss":0}],"is_beta":false,"boss_relics":[{"not_picked":["Replay:Drink Me","ChewingGum"],"picked":"Mark of Pain"}],"items_purged_floors":[],"is_endless":false,"potions_floor_spawned":[1,4,7,13,23],"killed_by":"Slavers","ascension_level":1}}