{"host":"l60rmjjsfi0fipmi","time":1610553438,"event":{"mods":["BaseMod","Colored Map","DeckTracker","Hermit","Highlight Path","Jorbs\u0027s Wanderer Trilogy","Minty Spire (QoL Compilation)","StSLib","The Cursed"],"gold_per_floor":[111,186,199,111,52,52,92,92,92,118,146,146,167,191,191,296,296,315,312,341,341,341],"floor_reached":21,"language":"ENG","playtime":1198,"items_purged":[],"score":268,"play_id":"b91a6311-e128-4ec6-8dc6-d12c89efa238","local_time":"20210113105718","is_ascension_mode":true,"campfire_choices":[{"data":"Shrug It Off","floor":6,"key":"SMITH"},{"data":"Spot Weakness","floor":8,"key":"SMITH"},{"floor":12,"key":"REST"},{"data":"Thunderclap","floor":15,"key":"SMITH"}],"circlet_count":0,"master_deck":["Strike_R","Strike_R","Strike_R","Strike_R","Strike_R","Defend_R","Defend_R","Defend_R","Defend_R","Bash","Purity","Shrug It Off+1","Inflame","Spot Weakness+1","Wild Strike","Iron Wave","Thunderclap+1","Bludgeon","Metallicize","Immolate","Shockwave","Battle Trance","Carnage+1"],"relics":["Burning Blood","CeramicFish","Bottled Lightning","Ornamental Fan","Runic Pyramid"],"acts_visited":["Exordium","TheCity"],"potions_floor_usage":[13,16,20,20,21],"damage_taken":[{"damage":10,"enemies":"Small Slimes","floor":1,"turns":5},{"damage":0,"enemies":"Jaw Worm","floor":3,"turns":5},{"damage":44,"enemies":"Gremlin Nob","floor":7,"turns":5},{"damage":1,"enemies":"Cultist","floor":10,"turns":3},{"damage":18,"enemies":"Lots of Slimes","floor":11,"turns":5},{"damage":9,"enemies":"Gremlin Gang","floor":13,"turns":3},{"damage":7,"enemies":"Large Slime","floor":14,"turns":5},{"damage":0,"enemies":"Slime Boss","floor":16,"turns":6},{"damage":44,"enemies":"Spheric Guardian","floor":18,"turns":6},{"damage":25,"enemies":"2 Thieves","floor":19,"turns":4},{"damage":19,"enemies":"Cultist and Chosen","floor":20,"turns":6},{"damage":13,"enemies":"Snake Plant","floor":21,"turns":1}],"seed_played":"-7083103962677891031","potions_obtained":[{"floor":7,"key":"EssenceOfSteel"},{"floor":11,"key":"DistilledChaos"},{"floor":13,"key":"LiquidMemories"},{"floor":18,"key":"Explosive Potion"},{"floor":20,"key":"Fire Potion"}],"is_trial":false,"path_per_floor":["M","?","M","?","$","R","E","R","T","M","M","R","M","M","R","B",null,"M","M","M","M"],"character_chosen":"IRONCLAD","items_purchased":["Spot Weakness"],"campfire_rested":1,"item_purchase_floors":[5],"current_hp_per_floor":[76,65,71,71,71,71,33,33,33,38,26,50,47,46,46,52,80,42,23,10,0,0],"gold":341,"neow_bonus":"RANDOM_COLORLESS","is_daily":false,"chose_seed":false,"campfire_upgraded":3,"win_rate":0.0,"timestamp":1610553438,"path_taken":["M","?","M","?","$","R","E","R","T","?","M","R","?","M","R","BOSS","M","M","?","M"],"items_purchased_type":["Card"],"build_version":"2020-12-22","purchased_purges":0,"victory":false,"max_hp_per_floor":[80,80,80,80,80,80,80,80,80,80,80,80,80,80,80,80,80,80,80,80,80,80],"card_choices":[{"not_picked":["Finesse","Bandage Up"],"picked":"Purity","floor":0},{"not_picked":["Bloodletting","Flex"],"picked":"Shrug It Off","floor":1},{"not_picked":["Anger","Shrug It Off"],"picked":"Inflame","floor":3},{"not_picked":["Corruption","Body Slam"],"picked":"Wild Strike","floor":7},{"not_picked":["Clothesline","Searing Blow"],"picked":"Iron Wave","floor":10},{"not_picked":["Twin Strike","Shrug It Off"],"picked":"Thunderclap","floor":11},{"not_picked":["Body Slam","Perfected Strike"],"picked":"Bludgeon","floor":13},{"not_picked":["Perfected Strike","Clash"],"picked":"Metallicize","floor":14},{"not_picked":["Impervious","Brutality"],"picked":"Immolate","floor":16},{"not_picked":["Iron Wave","Spot Weakness"],"picked":"Shockwave","floor":18},{"not_picked":["True Grit","Second Wind+1"],"picked":"Battle Trance","floor":19},{"not_picked":["Anger","Headbutt"],"picked":"Carnage+1","floor":20}],"player_experience":369827,"relics_obtained":[{"floor":7,"key":"Bottled Lightning"},{"floor":9,"key":"Ornamental Fan"}],"event_choices":[{"damage_healed":0,"gold_gain":75,"player_choice":"Gather Gold","damage_taken":11,"max_hp_gain":0,"max_hp_loss":0,"event_name":"World of Goop","floor":2,"gold_loss":0},{"damage_healed":0,"gold_gain":0,"player_choice":"Paid Gold","damage_taken":0,"relics_obtained":["CeramicFish"],"max_hp_gain":0,"max_hp_loss":0,"event_name":"WeMeetAgain","floor":4,"gold_loss":88}],"is_beta":false,"boss_relics":[{"not_picked":["Black Star","Sozu"],"picked":"Runic Pyramid"}],"items_purged_floors":[],"is_endless":false,"potions_floor_spawned":[7,11,13,18,20],"killed_by":"Snake Plant","ascension_level":3}}