{"host":"kdt6w7ix8lwe69i9","time":1610546962,"event":{"mods":["100% Spire Juice","Bartender","BaseMod","ChefMod","Downfall","Evolution","Fiend Mod","Jorbs\u0027s Wanderer Trilogy","Minty Spire (QoL Compilation)","Reimu（博丽灵梦）","Robot Space Explorer","Shade Mod","StSLib","The Caster","The Cursed","The Disciple","The Dragon Tamer","The Druid","The Fake Hero","The Forsaken","The Gatherer","The Marked","TheBandit","TheSwordswoman"],"gold_per_floor":[519,519,533,0,0,0,25,25,50,49,36,36,39,53,53,131,131,127,127,127,204,216,486,488,482,482,496,456,456,7,10,10,103,103,116,126,126,133,133,133,133,120,170,170,170,202,202,213,213,210,210,210,30,41,18,18],"floor_reached":55,"language":"ENG","playtime":4206,"items_purged":["luka_mod:Wait"],"score":850,"play_id":"d0016af4-ad92-4def-82cc-ffaa16c1cc4f","local_time":"20210113090922","is_ascension_mode":false,"campfire_choices":[{"data":"luka_mod:Salamander","floor":6,"key":"SMITH"},{"data":"luka_mod:Sara","floor":12,"key":"SMITH"},{"data":"luka_mod:Tamamo","floor":15,"key":"SMITH"},{"floor":29,"key":"RECALL"},{"data":"Apotheosis","floor":32,"key":"SMITH"},{"data":"expansioncontent:QuickStudy","floor":40,"key":"SMITH"},{"data":"luka_mod:AngryLuka","floor":44,"key":"SMITH"},{"data":"luka_mod:Optimistic","floor":49,"key":"SMITH"},{"data":"Dramatic Entrance","floor":52,"key":"SMITH"}],"circlet_count":0,"master_deck":["luka_mod:WaterSlash","luka_mod:StrikeLukaTwo","luka_mod:StrikeLukaThree","luka_mod:StrikeLukaFour","luka_mod:StrikeLukaFive","luka_mod:StrikeLukaSix","luka_mod:Salt","luka_mod:Guard","luka_mod:Edging","luka_mod:FlailWildly","luka_mod:Meditation","luka_mod:Salamander+1","luka_mod:FlashKill","Poor:ReiMu","luka_mod:Sara+1","luka_mod:Sara+1","luka_mod:WindSlash","luka_mod:Sylph","luka_mod:Tamamo+1","luka_mod:Erubetie","luka_mod:DemonSkullBeheading","luka_mod:Optimistic+1","RitualDagger","luka_mod:StrikeLuka+1","luka_mod:Granberia","luka_mod:WaterSlash+1","luka_mod:AngryLuka+1","Apotheosis+1","luka_mod:Request+1","luka_mod:Erubetie+1","luka_mod:WindSlash+1","luka_mod:PerfectTiming+1","luka_mod:Gnome+1","expansioncontent:QuickStudy+1","expansioncontent:StudyTheSpire+1","Dramatic Entrance+1","luka_mod:StrikeLuka+1","luka_mod:ThunderThrust+1","luka_mod:Feel+1","luka_mod:Determination+1","luka_mod:Request+1","luka_mod:PrayToIlias"],"relics":["luka_mod:KeepsakeRing","EVO:Axolotl","NeowsBlessing","CultistMask","TungstenRod","TentaclePot:ReiMu","YidongShenshe:ReiMu","theForsaken:Lifeblossom","Tiny Chest","Art of War","Coffee Dripper","theForsaken:HumbleEgg","Letter Opener","Frozen Egg 2","ZunR:ReiMu","Shuriken","Silver_Glasses","Boot","PreservedInsect","Strawberry","Pear"],"acts_visited":["Exordium","TheCity","TheBeyond","TheEnding"],"potions_floor_usage":[14,18,24,24,25,27,35,36,42,54,55],"damage_taken":[{"damage":0,"enemies":"2 Louse","floor":1,"turns":1},{"damage":0,"enemies":"Cultist","floor":3,"turns":1},{"damage":0,"enemies":"3 Sentries","floor":7,"turns":1},{"damage":0,"enemies":"Small Slimes","floor":10,"turns":2},{"damage":0,"enemies":"3 Louse","floor":11,"turns":2},{"damage":19,"enemies":"Lagavulin","floor":13,"turns":4},{"damage":0,"enemies":"Exordium Wildlife","floor":14,"turns":3},{"damage":3,"enemies":"Slime Boss","floor":16,"turns":8},{"damage":0,"enemies":"Chosen","floor":18,"turns":4},{"damage":9,"enemies":"Spheric Guardian","floor":22,"turns":3},{"damage":49,"enemies":"Book of Stabbing","floor":24,"turns":5},{"damage":14,"enemies":"Centurion and Healer","floor":25,"turns":6},{"damage":3,"enemies":"Snecko","floor":27,"turns":3},{"damage":13,"enemies":"Cultist and Chosen","floor":31,"turns":3},{"damage":0,"enemies":"Automaton","floor":33,"turns":6},{"damage":6,"enemies":"Orb Walker","floor":35,"turns":2},{"damage":0,"enemies":"3 Shapes","floor":36,"turns":2},{"damage":19,"enemies":"Sphere and 2 Shapes","floor":38,"turns":4},{"damage":20,"enemies":"3 Darklings","floor":42,"turns":2},{"damage":0,"enemies":"Giant Head","floor":46,"turns":5},{"damage":36,"enemies":"Writhing Mass","floor":48,"turns":3},{"damage":12,"enemies":"Donu and Deca","floor":50,"turns":7},{"damage":16,"enemies":"Shield and Spear","floor":54,"turns":6},{"damage":63,"enemies":"The Heart","floor":55,"turns":3}],"seed_played":"-709706052848378334","potions_obtained":[{"floor":3,"key":"Guardian:BlockOnCardUsePotion"},{"floor":11,"key":"LiquidBronze"},{"floor":14,"key":"GamblersBrew"},{"floor":16,"key":"GrandPatriotsElixir:ReiMu"},{"floor":18,"key":"FairyPotion"},{"floor":24,"key":"Weak Potion"},{"floor":25,"key":"Energy Potion"},{"floor":31,"key":"DuplicationPotion"},{"floor":35,"key":"hexamod:EctoCoolerPotion"},{"floor":38,"key":"LiquidMemories"},{"floor":54,"key":"SkillPotion"}],"is_trial":false,"path_per_floor":["M","?","M","$","?","R","E","?","T","M","M","R","E","M","R","B",null,"M","?","?","T","M","?","E","M","T","M","?","R","$","M","R","B",null,"M","M","T","M","?","R","?","M","T","R","T","E","?","M","R","B",null,"R","$","E","B"],"character_chosen":"LUKA_CLASS","items_purchased":["TungstenRod","TentaclePot:ReiMu","Apotheosis","Shuriken","luka_mod:Determination+1","luka_mod:Request+1","Block Potion"],"campfire_rested":0,"item_purchase_floors":[4,4,30,30,53,53,53],"current_hp_per_floor":[40,40,40,40,40,40,40,37,37,40,40,40,22,27,27,30,40,40,40,35,35,33,10,11,28,28,30,30,30,30,27,27,3,42,3,6,6,17,8,8,8,13,13,13,13,30,30,25,25,44,51,51,51,61,0,0],"gold":18,"neow_bonus":"THREE_ENEMY_KILL","is_daily":false,"chose_seed":false,"campfire_upgraded":8,"win_rate":0.0,"timestamp":1610546962,"path_taken":["M","?","?","$","?","R","E","?","T","?","M","R","E","M","R","BOSS","M","?","?","?","M","?","E","?","T","M","?","R","$","M","R","BOSS","M","M","?","?","?","R","?","M","T","R","?","E","?","M","R","BOSS","R","$","E","BOSS"],"items_purchased_type":["Relic","Relic","Card","Relic","Card","Card","Potion"],"build_version":"2020-12-22","purchased_purges":1,"victory":false,"max_hp_per_floor":[40,40,40,40,40,40,40,40,40,40,40,40,40,40,40,40,40,40,40,40,40,40,40,40,40,40,40,40,40,40,40,40,42,42,44,44,44,44,44,44,44,44,44,44,44,51,51,51,51,51,51,51,51,61,61,61],"card_choices":[{"not_picked":["luka_mod:HeroicStrike","luka_mod:StrikeLuka"],"picked":"luka_mod:Salamander","floor":1},{"not_picked":["luka_mod:Overexert","luka_mod:RestrictedStrike"],"picked":"luka_mod:FlashKill","floor":3},{"not_picked":["luka_mod:LightningSwordFlash","luka_mod:Request"],"picked":"luka_mod:Sara","floor":7},{"not_picked":["luka_mod:StressRelief","luka_mod:Feel"],"picked":"luka_mod:Sara","floor":10},{"not_picked":["luka_mod:DemonDecapitation","luka_mod:Struggle"],"picked":"luka_mod:WindSlash","floor":11},{"not_picked":["luka_mod:FireSlash","luka_mod:DeathSwordChaosStar"],"picked":"luka_mod:Sylph","floor":13},{"not_picked":["luka_mod:IliasesJudgement","luka_mod:Intense"],"picked":"luka_mod:Tamamo","floor":14},{"not_picked":["luka_mod:Sensitive","luka_mod:SpoilerForm"],"picked":"luka_mod:Erubetie","floor":16},{"not_picked":["luka_mod:StressRelief","luka_mod:LightningSwordFlash"],"picked":"luka_mod:DemonSkullBeheading","floor":18},{"not_picked":["luka_mod:IliasesJudgement+1","luka_mod:RestrictedStrike+1"],"picked":"luka_mod:StrikeLuka+1","floor":22},{"not_picked":["luka_mod:SereneDemonSword","luka_mod:BladeOfHowlingWind"],"picked":"luka_mod:Granberia","floor":24},{"not_picked":["luka_mod:FlashKill+1","luka_mod:ThunderThrust+1"],"picked":"luka_mod:WaterSlash+1","floor":25},{"not_picked":["luka_mod:EarthSlash+1","luka_mod:IliasesJudgement+1"],"picked":"luka_mod:AngryLuka","floor":27},{"not_picked":["luka_mod:EarthSlash+1","luka_mod:DemonSkullBeheading+1"],"picked":"luka_mod:Request+1","floor":31},{"not_picked":["luka_mod:Daystar","luka_mod:NinefoldRakshasa"],"picked":"luka_mod:Erubetie+1","floor":33},{"not_picked":["luka_mod:Overexert+1","luka_mod:FireSlash+1"],"picked":"luka_mod:WindSlash+1","floor":35},{"not_picked":["luka_mod:Request+1","luka_mod:BladeOfRagingFire"],"picked":"luka_mod:PerfectTiming+1","floor":36},{"not_picked":["luka_mod:SmallBody+1","luka_mod:HeroicStrike+1"],"picked":"luka_mod:Gnome+1","floor":38},{"not_picked":["expansioncontent:Chronoboost+1","Madness"],"picked":"expansioncontent:QuickStudy","floor":39},{"not_picked":["expansioncontent:Collect+1","Panacea"],"picked":"expansioncontent:StudyTheSpire+1","floor":39},{"not_picked":["Secret Technique","Purity"],"picked":"Dramatic Entrance","floor":39},{"not_picked":["luka_mod:Feel+1","luka_mod:Calm+1"],"picked":"luka_mod:StrikeLuka+1","floor":42},{"not_picked":["luka_mod:VaporizingRebellionSword","luka_mod:Overexert+1"],"picked":"luka_mod:ThunderThrust+1","floor":46},{"not_picked":["luka_mod:HeroicStrike+1","luka_mod:RestrictedStrike+1"],"picked":"luka_mod:Feel+1","floor":48},{"not_picked":["luka_mod:HeavenlyDemonRevival+1","luka_mod:RestrictedStrike+1"],"picked":"luka_mod:PrayToIlias","floor":54}],"player_experience":1779819,"relics_obtained":[{"floor":7,"key":"theForsaken:Lifeblossom"},{"floor":9,"key":"Tiny Chest"},{"floor":13,"key":"Art of War"},{"floor":21,"key":"theForsaken:HumbleEgg"},{"floor":24,"key":"Letter Opener"},{"floor":26,"key":"Frozen Egg 2"},{"floor":43,"key":"Boot"},{"floor":45,"key":"PreservedInsect"},{"floor":46,"key":"Strawberry"},{"floor":54,"key":"Pear"}],"event_choices":[{"damage_healed":0,"gold_gain":0,"player_choice":"Trade","damage_taken":0,"relics_obtained":["CultistMask"],"max_hp_gain":0,"max_hp_loss":0,"event_name":"FaceTrader","floor":2,"gold_loss":0},{"damage_healed":0,"gold_gain":0,"player_choice":"Take Tiny Shrine away","damage_taken":0,"relics_obtained":["YidongShenshe:ReiMu"],"max_hp_gain":0,"max_hp_loss":0,"event_name":"yidonshenshe","floor":5,"gold_loss":0,"cards_obtained":["Poor:ReiMu"]},{"damage_healed":0,"gold_gain":0,"player_choice":"Read","damage_taken":0,"max_hp_gain":0,"max_hp_loss":0,"event_name":"The Library","floor":19,"gold_loss":0,"cards_obtained":["luka_mod:Optimistic"]},{"damage_healed":0,"gold_gain":0,"player_choice":"Joined the Cult","damage_taken":6,"max_hp_gain":0,"max_hp_loss":0,"event_name":"Nest","floor":20,"gold_loss":0,"cards_obtained":["RitualDagger"]},{"damage_healed":0,"gold_gain":270,"player_choice":"GOLD GOLD GOLD ","damage_taken":27,"max_hp_gain":0,"max_hp_loss":0,"event_name":"Knowing Skull","floor":23,"potions_obtained":[],"gold_loss":0,"cards_obtained":[]},{"damage_healed":0,"gold_gain":0,"player_choice":"Keep O-miki","damage_taken":0,"relics_obtained":["ZunR:ReiMu"],"max_hp_gain":0,"max_hp_loss":0,"event_name":"ZunEvent","floor":28,"gold_loss":40},{"damage_healed":0,"gold_gain":0,"player_choice":"Memory 3","damage_taken":10,"max_hp_gain":0,"max_hp_loss":0,"event_name":"SensoryStone","floor":39,"gold_loss":0},{"damage_healed":0,"gold_gain":0,"player_choice":"Ignored","damage_taken":0,"max_hp_gain":0,"max_hp_loss":0,"event_name":"Tomb of Lord Red Mask","floor":47,"gold_loss":0}],"is_beta":false,"boss_relics":[{"not_picked":["Runic Dome","Snecko Eye"],"picked":"Coffee Dripper"},{"not_picked":["Fiend:Scarf","Calling Bell"],"picked":"Silver_Glasses"}],"items_purged_floors":[4],"is_endless":false,"potions_floor_spawned":[3,11,14,16,18,24,25,31,35,38,54],"killed_by":"The Heart","ascension_level":0}}