{"host":"r53pw7z744tg3fxg","time":1610553144,"event":{"mods":["AchievementEnabler","BaseMod","Colored Map","Colored Powertips","Highlight Path","Minty Spire (QoL Compilation)","Quick Restart","Transform Curses"],"gold_per_floor":[112,132,132,132,148,148,148,148],"floor_reached":7,"language":"ENG","playtime":239,"items_purged":[],"score":68,"play_id":"1f370478-8ad6-4e5a-a62f-f67ba2505b81","local_time":"20210113085224","is_ascension_mode":true,"campfire_choices":[{"floor":6,"key":"REST"}],"circlet_count":0,"master_deck":["AscendersBane","Strike_P","Strike_P","Strike_P","Strike_P","Defend_P","Defend_P","Defend_P","Defend_P","Eruption","Vigilance","Regret","DeusExMachina","Crescendo","EmptyBody","TalkToTheHand"],"relics":["PureWater","Letter Opener"],"acts_visited":["Exordium"],"potions_floor_usage":[5,7],"damage_taken":[{"damage":7,"enemies":"Small Slimes","floor":1,"turns":3},{"damage":11,"enemies":"2 Louse","floor":2,"turns":3},{"damage":5,"enemies":"Cultist","floor":5,"turns":4},{"damage":69,"enemies":"Gremlin Nob","floor":7,"turns":4}],"seed_played":"-6772579026730996008","potions_obtained":[{"floor":1,"key":"BottledMiracle"},{"floor":2,"key":"Regen Potion"},{"floor":4,"key":"PowerPotion"}],"is_trial":false,"path_per_floor":["M","M","?","?","M","R","E"],"character_chosen":"WATCHER","items_purchased":[],"campfire_rested":1,"item_purchase_floors":[],"current_hp_per_floor":[58,47,40,40,47,68,0,0],"gold":148,"neow_bonus":"THREE_RARE_CARDS","is_daily":false,"chose_seed":false,"campfire_upgraded":0,"win_rate":0.0,"timestamp":1610553144,"path_taken":["M","M","?","?","M","R","E"],"items_purchased_type":[],"build_version":"2020-12-22","purchased_purges":0,"victory":false,"max_hp_per_floor":[72,72,72,72,72,72,72,72],"card_choices":[{"not_picked":["ConjureBlade","SpiritShield"],"picked":"DeusExMachina","floor":0},{"not_picked":["Nirvana","FlyingSleeves"],"picked":"Crescendo","floor":1},{"not_picked":["InnerPeace","Tantrum"],"picked":"EmptyBody","floor":2},{"not_picked":["CutThroughFate","Meditate"],"picked":"TalkToTheHand","floor":5}],"player_experience":1245723,"relics_obtained":[],"event_choices":[{"damage_healed":0,"gold_gain":0,"player_choice":"Success","damage_taken":7,"relics_obtained":["Letter Opener"],"max_hp_gain":0,"max_hp_loss":0,"event_name":"Scrap Ooze","floor":3,"gold_loss":0},{"damage_healed":0,"gold_gain":0,"player_choice":"Got Potions","damage_taken":0,"max_hp_gain":0,"max_hp_loss":0,"event_name":"Lab","floor":4,"gold_loss":0}],"is_beta":false,"boss_relics":[],"items_purged_floors":[],"is_endless":false,"potions_floor_spawned":[1,2],"killed_by":"Gremlin Nob","ascension_level":13}}