{"host":"jggt5i9rbuoqvque","time":1610563629,"event":{"mods":["BaseMod","Colored Map","Minty Spire (QoL Compilation)","StSLib"],"gold_per_floor":[119,130,130,55,55,80,80,108,108,123,123,135,146,176,176,176,176],"floor_reached":16,"language":"KOR","playtime":337,"items_purged":["Strike_R"],"score":149,"play_id":"6c14e3c2-d604-470a-b0e3-cab419688a62","local_time":"20210114034709","is_ascension_mode":true,"campfire_choices":[{"floor":7,"key":"REST"},{"floor":15,"key":"REST"}],"circlet_count":0,"master_deck":["Strike_R","Strike_R","Strike_R","Defend_R","Defend_R","Defend_R","Defend_R","Bash+1","Thunderclap","Battle Trance"],"relics":["Burning Blood","Lantern","Mercury Hourglass","Ancient Tea Set","WingedGreaves","Regal Pillow"],"acts_visited":["Exordium"],"potions_floor_usage":[6],"damage_taken":[{"damage":0,"enemies":"Small Slimes","floor":1,"turns":4},{"damage":19,"enemies":"Jaw Worm","floor":2,"turns":3},{"damage":35,"enemies":"Lagavulin","floor":6,"turns":5},{"damage":34,"enemies":"Gremlin Nob","floor":8,"turns":5},{"damage":1,"enemies":"Cultist","floor":10,"turns":3},{"damage":5,"enemies":"3 Louse","floor":12,"turns":3},{"damage":11,"enemies":"Blue Slaver","floor":13,"turns":3},{"damage":66,"enemies":"Hexaghost","floor":16,"turns":8}],"seed_played":"-1407702373706747673","potions_obtained":[{"floor":2,"key":"DuplicationPotion"},{"floor":10,"key":"GamblersBrew"}],"is_trial":false,"path_per_floor":["M","M","?","$","?","E","R","E","T","M","?","M","M","?","R","B"],"character_chosen":"IRONCLAD","items_purchased":[],"campfire_rested":2,"item_purchase_floors":[],"current_hp_per_floor":[78,65,53,53,53,24,48,20,20,25,25,26,21,21,60,0,0],"gold":176,"neow_bonus":"RANDOM_COMMON_RELIC","is_daily":false,"chose_seed":false,"campfire_upgraded":0,"win_rate":0.0,"timestamp":1610563629,"path_taken":["M","M","?","$","?","E","R","E","T","M","?","?","M","?","R","BOSS"],"items_purchased_type":[],"build_version":"2020-12-22","purchased_purges":1,"victory":false,"max_hp_per_floor":[80,80,80,80,80,80,80,80,80,80,80,80,80,80,80,80,80],"card_choices":[{"not_picked":["Cleave","Havoc"],"picked":"Thunderclap","floor":1},{"not_picked":["Metallicize","Shrug It Off","Disarm"],"picked":"SKIP","floor":2},{"not_picked":["Carnage","True Grit","Sever Soul"],"picked":"SKIP","floor":6},{"not_picked":["True Grit","Heavy Blade","Thunderclap"],"picked":"SKIP","floor":8},{"not_picked":["Hemokinesis","Pommel Strike"],"picked":"Battle Trance","floor":10},{"not_picked":["Body Slam","Heavy Blade","Wild Strike"],"picked":"SKIP","floor":12},{"not_picked":["Pommel Strike","Rupture","Thunderclap"],"picked":"SKIP","floor":13}],"player_experience":328500,"relics_obtained":[{"floor":6,"key":"Ancient Tea Set"},{"floor":8,"key":"WingedGreaves"},{"floor":9,"key":"Regal Pillow"}],"event_choices":[{"damage_healed":0,"gold_gain":0,"player_choice":"Success","damage_taken":12,"relics_obtained":["Mercury Hourglass"],"max_hp_gain":0,"max_hp_loss":0,"event_name":"Scrap Ooze","floor":3,"gold_loss":0},{"cards_removed":["Strike_R"],"damage_healed":0,"gold_gain":0,"player_choice":"Forget","damage_taken":0,"max_hp_gain":0,"max_hp_loss":0,"event_name":"Living Wall","floor":5,"gold_loss":0},{"damage_healed":0,"gold_gain":0,"player_choice":"Forge","damage_taken":0,"max_hp_gain":0,"max_hp_loss":0,"event_name":"Accursed Blacksmith","floor":11,"gold_loss":0,"cards_upgraded":["Bash"]},{"damage_healed":0,"gold_gain":30,"player_choice":"Searched \u00271\u0027 times","damage_taken":0,"max_hp_gain":0,"max_hp_loss":0,"event_name":"Dead Adventurer","floor":14,"gold_loss":0}],"is_beta":false,"boss_relics":[],"items_purged_floors":[4],"is_endless":false,"potions_floor_spawned":[2,10],"killed_by":"Hexaghost","ascension_level":7}}