{"host":"8k64rvi83ijr822k","time":1610506895,"event":{"mods":["A Magickal Journey","Arknights The Spire","Bard","BaseMod","Colored Powertips","Dio Mod","Downfall","Googly Eyes","Hermit","Hero for Fun","Hubris","Infinite Spire","Lobotomy","Magitek Elite","Marisa????????","Minty Spire (QoL Compilation)","Quick Restart","Railgun Mod","Remilia??????","Replay The Spire","Shop Mod","Small Relic Pack","StSLib","Td1madao Mod","The Administrix","The Animator","The Bladedancer","The Bug Knight","The Construct","The Cursed","The Disciple","The Gatherer","The Judge","The Jungle","The Mystic","The Necromancer","The Poker Player","The Problem Sleuth","The Runesmith","The Senshi","The Wild Card","TheHero","everything is the same but u backflip on backflip","themimic"],"gold_per_floor":[116,116,81,100,115,115,129,144,194,207,2,68,68,89,89,89,89],"floor_reached":16,"language":"ENG","playtime":843,"items_purged":[],"score":94,"play_id":"fcc1e04d-a3f5-4a6a-b7d4-88aaca0b876c","local_time":"20210112220135","is_ascension_mode":false,"campfire_choices":[{"data":"dioMod:MudaMudaMuda","floor":6,"key":"SMITH"},{"floor":13,"key":"REST"},{"data":"dioMod:KonoDioDa","floor":15,"key":"SMITH"}],"circlet_count":0,"master_deck":["dioMod:Strike+1","dioMod:Strike","dioMod:Strike","dioMod:Strike","Bite","dioMod:Defend","dioMod:Defend","dioMod:Defend","dioMod:Defend","dioMod:BloodSuck","Injury","dioMod:CautiousMuda","dioMod:MudaMudaMuda+1","dioMod:FlyAway","dioMod:KonoDioDa+1","dioMod:DisarmingVoice","Transmutation","dioMod:BloodSuck","dioMod:BlendIn","dioMod:RoadRoller","dioMod:Muda"],"relics":["dioMod:VampireBlood","Golden Idol","Smiling Mask","InkBottle"],"acts_visited":["Exordium"],"potions_floor_usage":[16,16],"damage_taken":[{"damage":8,"enemies":"Small Slimes","floor":1,"turns":3},{"damage":9,"enemies":"Jaw Worm","floor":4,"turns":5},{"damage":1,"enemies":"2 Louse","floor":5,"turns":3},{"damage":15,"enemies":"2 Fungi Beasts","floor":7,"turns":4},{"damage":26,"enemies":"Lots of Slimes","floor":8,"turns":6},{"damage":17,"enemies":"Blue Slaver","floor":10,"turns":5},{"damage":4,"enemies":"2 Fungi Beasts","floor":14,"turns":4},{"damage":135,"enemies":"The Guardian","floor":16,"turns":15}],"seed_played":"-4168687352183469679","potions_obtained":[{"floor":1,"key":"Strength Potion"},{"floor":4,"key":"Reflective Coating"}],"is_trial":false,"path_per_floor":["M","?","?","M","M","R","M","M","T","M","$","?","R","M","R","B"],"character_chosen":"THE_DEFAULT","items_purchased":["Transmutation","dioMod:BloodSuck"],"campfire_rested":1,"item_purchase_floors":[11,11],"current_hp_per_floor":[72,72,75,73,75,75,75,74,74,69,69,39,61,75,75,0,0],"gold":89,"neow_bonus":"UPGRADE_CARD","is_daily":false,"chose_seed":false,"campfire_upgraded":2,"win_rate":0.0,"timestamp":1610506895,"path_taken":["M","?","?","M","M","R","M","M","T","M","$","?","R","M","R","BOSS"],"items_purchased_type":["Card","Card"],"build_version":"2020-12-22","purchased_purges":0,"victory":false,"max_hp_per_floor":[75,75,75,75,75,75,75,75,75,75,75,75,75,75,75,75,75],"card_choices":[{"not_picked":["dioMod:BloodShield","dioMod:SecretPlan"],"picked":"dioMod:BloodSuck","floor":1},{"not_picked":["dioMod:Freeze","dioMod:ComboFever"],"picked":"dioMod:CautiousMuda","floor":4},{"not_picked":["dioMod:TripleThreat","dioMod:SlashThroughTime"],"picked":"dioMod:MudaMudaMuda","floor":5},{"not_picked":["dioMod:DaggerToss","dioMod:Hiss"],"picked":"dioMod:FlyAway","floor":7},{"not_picked":["dioMod:DominatingPresence","dioMod:LaserVision"],"picked":"dioMod:KonoDioDa","floor":8},{"not_picked":["dioMod:GoodbyeJojo","dioMod:DarkRebirth"],"picked":"dioMod:DisarmingVoice","floor":10},{"not_picked":["dioMod:Freeze","dioMod:SadisticLaugh"],"picked":"dioMod:BlendIn","floor":12},{"not_picked":["dioMod:BloodSplash","dioMod:LaserVision"],"picked":"dioMod:RoadRoller","floor":12},{"not_picked":["dioMod:VengefulMuda","dioMod:DarkRebirth"],"picked":"dioMod:Muda","floor":14}],"player_experience":123872,"relics_obtained":[{"floor":9,"key":"Smiling Mask"},{"floor":12,"key":"InkBottle"}],"event_choices":[{"damage_healed":0,"gold_gain":0,"player_choice":"Take Wound","damage_taken":0,"relics_obtained":["Golden Idol"],"max_hp_gain":0,"max_hp_loss":0,"event_name":"Golden Idol","floor":2,"gold_loss":0,"cards_obtained":["Injury"]},{"damage_healed":18,"gold_gain":0,"player_choice":"Healed","damage_taken":0,"max_hp_gain":0,"max_hp_loss":0,"event_name":"The Cleric","floor":3,"gold_loss":35}],"is_beta":false,"boss_relics":[],"items_purged_floors":[],"is_endless":false,"potions_floor_spawned":[1,4],"killed_by":"The Guardian","ascension_level":0}}