{"host":"oeotdbd679q6m6vu","time":1610511770,"event":{"mods":["Act Like it!","BaseMod","Colored Map","Decade(Õı–°√˜)","Friendly Minions","Gensokyo","GifTheSpireLib","Highlight Path","Marisa£®ÏF”Í°°ƒß¿Ì…≥£©","Minty Spire (QoL Compilation)","Rare Cards Sparkle","Reimu£®≤©¿ˆ¡È√Œ£©","StSLib","The Animator","Youmu£®ªÍ∆«—˝√Œ£©"],"gold_per_floor":[111,111,36,116,133,167,167,202,281,292,307,317,350,366,366,464,464,476,476,109,109,119,119,137,137,437,469,469,785,812,824,824,824,824],"floor_reached":33,"language":"ZHS","playtime":2066,"items_purged":["Strike_MRS"],"score":407,"play_id":"2b2ba94a-4f9c-4d9f-81b0-f96f7d36cf4b","local_time":"20210112232250","is_ascension_mode":false,"campfire_choices":[{"data":"ManaRampage","floor":7,"key":"SMITH"},{"data":"ManaRampage","floor":15,"key":"SMITH"},{"floor":23,"key":"DIG"},{"floor":28,"key":"DIG"},{"floor":32,"key":"RECALL"}],"circlet_count":0,"master_deck":["Strike_MRS","Strike_MRS","MasterSpark","UpSweep","DeepEcoloBomb+1","GalacticHalo+1","ManaRampage+1","DC","Gensokyo:MarisaTwilightSpark","ManaRampage+1","ManaRampage+1","AlicesGift","TreasureHunter","UltimateShortwave","StarDustReverie","Writhe","Gensokyo:FourOfAKind","Gensokyo:FourOfAKind","Gensokyo:FourOfAKind","Gensokyo:FourOfAKind","Gensokyo:SummonFieryMouse"],"relics":["Astrolabe","Oddly Smooth Stone","Orichalcum","Mercury Hourglass","HornCleat","Shovel","Coffee Dripper","Toolbox","Mango","Old Coin","Ornamental Fan","StoneCalendar","Torii","Gensokyo:Companionship","Lantern","CrazyTorch:ReiMu"],"acts_visited":["Gensokyo:Gensokyo","Gensokyo:Gensokyoer"],"potions_floor_usage":[16,16,24,33,33],"damage_taken":[{"damage":0,"enemies":"Gensokyo:Python","floor":1,"turns":2},{"damage":0,"enemies":"Gensokyo:3_Fairies","floor":5,"turns":3},{"damage":0,"enemies":"Gensokyo:Cirno","floor":6,"turns":4},{"damage":0,"enemies":"Gensokyo:Mamizou","floor":8,"turns":4},{"damage":0,"enemies":"Gensokyo:Gryphon","floor":10,"turns":1},{"damage":1,"enemies":"Gensokyo:3_Kodama","floor":11,"turns":2},{"damage":0,"enemies":"Gensokyo:LivingMonolith","floor":12,"turns":3},{"damage":8,"enemies":"Gensokyo:Aya","floor":13,"turns":4},{"damage":0,"enemies":"Gensokyo:Python_and_Kodama","floor":14,"turns":2},{"damage":29,"enemies":"Gensokyo:Reimu","floor":16,"turns":9},{"damage":0,"enemies":"Gensokyo:2_Gloops","floor":18,"turns":2},{"damage":0,"enemies":"Gensokyo:CosmicMonolith","floor":22,"turns":2},{"damage":12,"enemies":"Gensokyo:Mirror_and_Dog","floor":24,"turns":4},{"damage":5,"enemies":"Gensokyo:Reisen","floor":27,"turns":7},{"damage":11,"enemies":"Gensokyo:Monolith_and_Dog","floor":29,"turns":4},{"damage":9,"enemies":"Gensokyo:Tenshi","floor":30,"turns":4},{"damage":0,"enemies":"Gensokyo:Swordslinger","floor":31,"turns":4},{"damage":36,"enemies":"Gensokyo:Eternal_Rivals","floor":33,"turns":4}],"seed_played":"-6018651250054938448","potions_obtained":[{"floor":6,"key":"CultistPotion"},{"floor":10,"key":"CultistPotion"},{"floor":12,"key":"ShroomBrew"},{"floor":13,"key":"DistilledChaos"},{"floor":18,"key":"Explosive Potion"},{"floor":29,"key":"GamblersBrew"},{"floor":31,"key":"FearPotion"}],"is_trial":false,"path_per_floor":["M","?","$","?","M","E","R","E","T","M","M","M","E","M","R","B",null,"M","?","COS","?","M","R","M","?","T","E","R","M","E","M","R","B"],"character_chosen":"MARISA","items_purchased":[],"campfire_rested":0,"item_purchase_floors":[],"current_hp_per_floor":[75,75,75,75,75,75,75,75,75,75,74,74,66,66,66,37,75,75,75,75,53,53,67,55,55,55,50,50,39,30,30,30,0,0],"gold":824,"neow_bonus":"BOSS_RELIC","is_daily":false,"chose_seed":false,"campfire_upgraded":2,"win_rate":0.0,"timestamp":1610511770,"path_taken":["M","?","?","?","M","E","R","E","T","M","M","?","E","M","R","BOSS","M","?","COS","?","M","R","M","?","T","E","R","?","E","M","R","BOSS"],"items_purchased_type":[],"build_version":"2020-12-22","purchased_purges":1,"victory":false,"max_hp_per_floor":[75,75,75,75,75,75,75,75,75,75,75,75,75,75,75,75,75,75,75,75,53,53,67,67,67,67,67,67,67,67,67,67,67,67],"card_choices":[{"not_picked":["UnstableBomb","NonDirectionalLaser"],"picked":"DC","floor":1},{"not_picked":["LuminesStrike","MilkyWay"],"picked":"ManaRampage","floor":5},{"not_picked":["DoubleSpark","ShootingEcho","WitchLeyline"],"picked":"SKIP","floor":6},{"not_picked":["AsteroidBelt","DarkSpark"],"picked":"ManaRampage","floor":8},{"not_picked":["EnergyFlow","DoubleSpark","ShootingEcho"],"picked":"SKIP","floor":10},{"not_picked":["MysteriousBeam","LuminesStrike"],"picked":"AlicesGift","floor":11},{"not_picked":["NonDirectionalLaser","ShootingEcho"],"picked":"TreasureHunter","floor":12},{"not_picked":["Orbital","GravityBeat"],"picked":"UltimateShortwave","floor":13},{"not_picked":["Robbery","DC","WitchLeyline"],"picked":"SKIP","floor":14},{"not_picked":["CasketOfStar","SatelliteIllusion"],"picked":"StarDustReverie","floor":16},{"not_picked":["ShootTheMoon","UnstableBomb","DarkSpark"],"picked":"SKIP","floor":18},{"not_picked":["GalacticHalo","SporeBomb+1","GasGiant"],"picked":"SKIP","floor":22},{"not_picked":["MagicAbsorber+1","MeteoricShower","DoubleSpark"],"picked":"SKIP","floor":24},{"not_picked":["DarkMatter+1","Singularity","BlazeAway+1"],"picked":"SKIP","floor":27},{"not_picked":["Robbery","ShootTheMoon+1","FairyDestructionRay"],"picked":"SKIP","floor":29},{"not_picked":["BigCrunch","IllusionStar","EscapeVelocity"],"picked":"SKIP","floor":30},{"not_picked":["UnstableBomb","MilkyWay","GalacticHalo"],"picked":"SKIP","floor":31}],"player_experience":299764,"relics_obtained":[{"floor":6,"key":"Oddly Smooth Stone"},{"floor":8,"key":"Orichalcum"},{"floor":13,"key":"Mercury Hourglass"},{"floor":13,"key":"HornCleat"},{"floor":16,"key":"Shovel"},{"floor":23,"key":"Mango"},{"floor":26,"key":"Old Coin"},{"floor":27,"key":"Ornamental Fan"},{"floor":28,"key":"StoneCalendar"},{"floor":30,"key":"Lantern"}],"event_choices":[],"is_beta":false,"boss_relics":[{"not_picked":["SlaversCollar","Philosopher\u0027s Stone"],"picked":"Coffee Dripper"}],"items_purged_floors":[3],"is_endless":false,"potions_floor_spawned":[6,10,12,13,18,29,31],"killed_by":"Gensokyo:Eternal_Rivals","ascension_level":0}}