{"host":"52lujqhsyicpcskq","time":1610550887,"event":{"mods":["BaseMod","Colored Map","DeckTracker","Minty Spire (QoL Compilation)","Permanent Neow","StSLib","SuperFastMode","everything is the same but u backflip on backflip"],"gold_per_floor":[110,110,128,78,3,3,35,47,47,47,47,64,164,196,196,298,298,309,332,343,360,360,360,373,373,373,18,30,30,65,177,189,305,317,347,116,130,149,165,165,177,0,0,0,0,0,0,10,10,10],"floor_reached":51,"language":"KOR","playtime":2921,"items_purged":["Defend_B","Defend_B"],"score":1094,"play_id":"9e59d211-0cf7-4353-a1cf-84fa8d2b5eea","local_time":"20210114001447","is_ascension_mode":true,"campfire_choices":[{"data":"Dualcast","floor":6,"key":"SMITH"},{"floor":10,"key":"REST"},{"data":"Chaos","floor":15,"key":"SMITH"},{"data":"Defragment","floor":23,"key":"SMITH"},{"floor":25,"key":"REST"},{"data":"Redo","floor":29,"key":"SMITH"},{"floor":32,"key":"REST"},{"data":"Coolheaded","floor":40,"key":"SMITH"},{"data":"Multi-Cast","floor":44,"key":"SMITH"},{"data":"Conserve Battery","floor":46,"key":"SMITH"},{"floor":49,"key":"REST"}],"circlet_count":0,"master_deck":["AscendersBane","Strike_B","Strike_B","Defend_B","Defend_B","Zap+1","Dualcast+1","Go for the Eyes","Rebound","Redo+1","Defragment+1","Coolheaded+1","Chaos+1","Electrodynamics","Skim","Conserve Battery+1","Cold Snap","Stack","Chill+1","Buffer","Capacitor","Leap+1","Multi-Cast+1","Finesse","Ball Lightning+1"],"relics":["Cracked Core","InkBottle","Cables","Eternal Feather","Runic Pyramid","Potion Belt","Calipers","Bottled Tornado","MawBank","SacredBark","Shuriken","Red Mask","Kunai","Ornamental Fan"],"acts_visited":["Exordium","TheCity","TheBeyond"],"potions_floor_usage":[18,18,30,50,50,50,50],"damage_taken":[{"damage":7,"enemies":"Jaw Worm","floor":1,"turns":2},{"damage":0,"enemies":"Small Slimes","floor":3,"turns":3},{"damage":40,"enemies":"3 Sentries","floor":7,"turns":8},{"damage":1,"enemies":"Cultist","floor":8,"turns":3},{"damage":2,"enemies":"2 Fungi Beasts","floor":12,"turns":3},{"damage":7,"enemies":"Lagavulin","floor":14,"turns":6},{"damage":13,"enemies":"The Guardian","floor":16,"turns":8},{"damage":20,"enemies":"2 Thieves","floor":18,"turns":3},{"damage":1,"enemies":"Spheric Guardian","floor":20,"turns":3},{"damage":17,"enemies":"Snecko","floor":21,"turns":4},{"damage":2,"enemies":"Shelled Parasite and Fungi","floor":24,"turns":5},{"damage":11,"enemies":"Centurion and Healer","floor":28,"turns":5},{"damage":14,"enemies":"Book of Stabbing","floor":30,"turns":5},{"damage":33,"enemies":"Champ","floor":33,"turns":15},{"damage":19,"enemies":"3 Darklings","floor":35,"turns":3},{"damage":0,"enemies":"3 Shapes","floor":37,"turns":4},{"damage":5,"enemies":"Sphere and 2 Shapes","floor":38,"turns":6},{"damage":0,"enemies":"Maw","floor":39,"turns":8},{"damage":14,"enemies":"Spire Growth","floor":41,"turns":6},{"damage":17,"enemies":"Writhing Mass","floor":48,"turns":7},{"damage":42,"enemies":"Time Eater","floor":50,"turns":9}],"seed_played":"5832328546630221470","potions_obtained":[{"floor":7,"key":"EssenceOfDarkness"},{"floor":14,"key":"Weak Potion"},{"floor":28,"key":"LiquidBronze"},{"floor":33,"key":"Strength Potion"},{"floor":37,"key":"SpeedPotion"},{"floor":38,"key":"CultistPotion"},{"floor":39,"key":"AttackPotion"}],"is_trial":false,"path_per_floor":["M","?","M","?","$","R","E","M","T","R","$","M","?","E","R","B",null,"M","T","M","M","?","R","M","R","T","$","M","R","E","?","R","B",null,"M","$","M","M","M","R","M","?","T","R","?","R","T","M","R","B",null],"character_chosen":"DEFECT","items_purchased":["Bottled Tornado","Shuriken"],"campfire_rested":4,"item_purchase_floors":[27,36],"current_hp_per_floor":[61,61,61,61,61,61,21,20,20,42,42,40,40,33,42,29,64,44,44,43,26,26,35,33,64,64,64,53,62,48,48,75,42,67,48,48,48,43,43,55,41,41,41,53,53,65,65,48,75,33],"gold":10,"neow_bonus":"UPGRADE_CARD","is_daily":false,"chose_seed":false,"campfire_upgraded":7,"win_rate":0.0,"timestamp":1610550887,"path_taken":["M","?","M","?","$","R","E","M","T","R","?","M","?","E","R","BOSS","M","?","M","M","?","R","M","R","T","$","M","R","E","?","R","BOSS","M","$","M","?","M","R","M","?","T","R","?","R","?","?","R","BOSS"],"items_purchased_type":["Relic","Relic"],"build_version":"2020-12-22","purchased_purges":2,"victory":true,"max_hp_per_floor":[75,75,75,75,75,75,75,75,75,75,75,75,75,75,75,75,75,75,75,75,75,75,75,75,75,75,75,75,75,75,75,75,75,75,75,75,75,75,75,75,75,75,75,75,75,75,75,75,75,75],"card_choices":[{"not_picked":["Hologram","Leap"],"picked":"Go for the Eyes","floor":1},{"not_picked":["Heatsinks","Hologram"],"picked":"Rebound","floor":3},{"not_picked":["Fusion","Rebound"],"picked":"Redo","floor":7},{"not_picked":["Gash","Redo"],"picked":"Defragment","floor":8},{"not_picked":["Go for the Eyes","Rebound"],"picked":"Coolheaded","floor":12},{"not_picked":["Hyperbeam","Beam Cell"],"picked":"Chaos","floor":14},{"not_picked":["Meteor Strike","Fission"],"picked":"Electrodynamics","floor":16},{"not_picked":["Beam Cell+1","Barrage+1"],"picked":"Skim","floor":18},{"not_picked":["Cold Snap","Blizzard"],"picked":"Conserve Battery","floor":20},{"not_picked":["Rebound+1","Leap"],"picked":"Cold Snap","floor":21},{"not_picked":["Force Field","Cold Snap"],"picked":"Stack","floor":24},{"not_picked":["Sweeping Beam+1","Rainbow"],"picked":"Chill+1","floor":28},{"not_picked":["Reprogram","Steam","Gash+1"],"picked":"SKIP","floor":30},{"not_picked":["All For One","Fission"],"picked":"Buffer","floor":33},{"not_picked":["Barrage","Streamline+1"],"picked":"Capacitor","floor":35},{"not_picked":["Hello World","Cold Snap","Go for the Eyes"],"picked":"SKIP","floor":37},{"not_picked":["FTL+1","Coolheaded+1"],"picked":"Leap+1","floor":38},{"not_picked":["Leap","Rip and Tear","Stack"],"picked":"SKIP","floor":39},{"not_picked":["Double Energy","Skim+1"],"picked":"Multi-Cast","floor":41},{"not_picked":["Jack Of All Trades","Flash of Steel"],"picked":"Finesse","floor":45},{"not_picked":["Stack","Cold Snap"],"picked":"Ball Lightning+1","floor":48}],"player_experience":686474,"relics_obtained":[{"floor":7,"key":"InkBottle"},{"floor":9,"key":"Cables"},{"floor":14,"key":"Eternal Feather"},{"floor":19,"key":"Potion Belt"},{"floor":26,"key":"Calipers"},{"floor":30,"key":"MawBank"},{"floor":43,"key":"Kunai"},{"floor":47,"key":"Ornamental Fan"}],"event_choices":[{"damage_healed":0,"gold_gain":0,"player_choice":"Ignored","damage_taken":0,"max_hp_gain":0,"max_hp_loss":0,"event_name":"Liars Game","floor":2,"gold_loss":0},{"cards_removed":["Strike_B"],"damage_healed":0,"gold_gain":0,"player_choice":"Card Removal","damage_taken":0,"max_hp_gain":0,"max_hp_loss":0,"event_name":"The Cleric","floor":4,"gold_loss":50},{"damage_healed":0,"gold_gain":100,"player_choice":"Pray","damage_taken":0,"max_hp_gain":0,"max_hp_loss":0,"event_name":"Golden Shrine","floor":13,"gold_loss":0},{"cards_removed":["Strike_B"],"damage_healed":0,"gold_gain":0,"player_choice":"Elegance","damage_taken":0,"max_hp_gain":0,"max_hp_loss":0,"event_name":"Back to Basics","floor":22,"gold_loss":0},{"damage_healed":0,"gold_gain":100,"player_choice":"Pray","damage_taken":0,"max_hp_gain":0,"max_hp_loss":0,"event_name":"Golden Shrine","floor":31,"gold_loss":0},{"damage_healed":0,"gold_gain":0,"player_choice":"Paid","damage_taken":0,"relics_obtained":["Red Mask"],"max_hp_gain":0,"max_hp_loss":0,"event_name":"Tomb of Lord Red Mask","floor":42,"gold_loss":177},{"damage_healed":0,"gold_gain":0,"player_choice":"Memory 1","damage_taken":0,"max_hp_gain":0,"max_hp_loss":0,"event_name":"SensoryStone","floor":45,"gold_loss":0}],"is_beta":false,"boss_relics":[{"not_picked":["Cursed Key","Busted Crown"],"picked":"Runic Pyramid"},{"not_picked":["Snecko Eye","Velvet Choker"],"picked":"SacredBark"}],"items_purged_floors":[5,27],"is_endless":false,"potions_floor_spawned":[7,14,16,28,33,37,38,39],"ascension_level":11}}