{"host":"dhr6iszse2qz12e2","time":1610542057,"event":{"mods":["100% Spire Juice","2.2 Compatiblity","A Magickal Journey","Act Like it!","BaseMod","Bestiary","Better Note","BetterRewards","Colored Map","Downfall","Gensokyo","Hermit","Hubris","Infinite Spire","Marisa????????","Minty Spire (QoL Compilation)","Permanent Neow","Quick Restart","Reimu??????","Replay The Spire","Shop Mod","StSLib","Td1madao Mod","The Administrix","The Animator","The Bug Knight","The Cursed","The Gatherer","The Hierophant","The IronCluck","The Jungle","The Servant 0.9.4","everything is the same but u backflip on backflip","slay the spire mod where everything is the same but ironclad has a cowboy hat","??????REMEMod"],"gold_per_floor":[412,116,129,129,148,174,174,193,193,193,193,193,244,258,258,355,355,375,390,390,407,407,464,464,492,492,511,511,511,528,540,540,638,638,648,648,648,666,677,677,677,677,677,691,452,452,469,484,484,484,484,484,142,169,169],"floor_reached":56,"language":"ENG","playtime":2648,"items_purged":["hermit:Defend_Hermit"],"score":1214,"play_id":"5a183181-81bc-4260-9d35-41dda2df1644","local_time":"20210113144737","is_ascension_mode":false,"campfire_choices":[{"data":"hermit:Maintenance","floor":7.0,"key":"SMITH"},{"data":"hermit:Showdown","floor":12.0,"key":"SMITH"},{"floor":15.0,"key":"REST"},{"data":"hermit:EyeOfTheStorm","floor":24,"key":"SMITH"},{"floor":28,"key":"RECALL"},{"floor":32,"key":"REST"},{"floor":40,"key":"REST"},{"data":"hermit:HighCaliber","floor":49,"key":"SMITH"},{"data":"Impatience","floor":52,"key":"SMITH"}],"circlet_count":0,"master_deck":["hermit:Strike_Hermit","hermit:Strike_Hermit","hermit:Strike_Hermit","hermit:Strike_Hermit","hermit:Defend_Hermit+1","hermit:Defend_Hermit","hermit:Defend_Hermit","hermit:Snapshot","hermit:Covet","hermit:EyeOfTheStorm+1","hermit:Shortfuse+1","hermit:Showdown+1","hermit:Maintenance+1","hermit:HeroicBravado+1","hermit:Maintenance+1","hermit:CalledShot+1","hermit:EyeOfTheStorm+1","infinitespire:Collect+1","infinitespire:Collect+1","Impatience+1","hermit:HighCaliber+1","REME_BattleFury","hermit:CalledShot+1"],"relics":["hermit:Momento","REME_ComplimentaryCards","Old Coin","hubris:Icosahedron","hubris:SlimyHat","Shuriken","Mercury Hourglass","Pen Nib","Replay:Ancient Bell","Omamori","infinitespire:Bottled Soul","hubris:BundleOfHerbs","Sozu","infinitespire:PuzzleCube","Gremlin Food","REME_PuzzleBoxRelic","hubris:HollowSoul","Replay:Mystery Machine","DollysMirror","infinitespire:Lucky Rock","infinitespire:Lychee Nut"],"acts_visited":["Exordium","TheCity","TheBeyond","TheEnding"],"potions_floor_usage":[23,25],"damage_taken":[{"damage":6.0,"enemies":"Cultist","floor":1.0,"turns":3.0},{"damage":6.0,"enemies":"Jaw Worm","floor":3.0,"turns":2.0},{"damage":8.0,"enemies":"2 Louse","floor":5.0,"turns":2.0},{"damage":24.0,"enemies":"3 Sentries","floor":6.0,"turns":8.0},{"damage":0.0,"enemies":"2 Fungi Beasts","floor":8.0,"turns":2.0},{"damage":5.0,"enemies":"Lots of Slimes","floor":14.0,"turns":3.0},{"damage":10.0,"enemies":"Hexaghost","floor":16.0,"turns":6.0},{"damage":6.0,"enemies":"Chosen","floor":18.0,"turns":4.0},{"damage":2.0,"enemies":"Spheric Guardian","floor":19.0,"turns":3.0},{"damage":20.0,"enemies":"Snake Plant","floor":21.0,"turns":3.0},{"damage":40,"enemies":"REME_1_Revenger","floor":23,"turns":4},{"damage":18,"enemies":"Gremlin Leader","floor":25,"turns":7},{"damage":11,"enemies":"Shelled Parasite and Fungi","floor":27,"turns":2},{"damage":1,"enemies":"Chosen and Byrds","floor":30,"turns":4},{"damage":1,"enemies":"Snecko","floor":31,"turns":4},{"damage":1,"enemies":"Automaton","floor":33,"turns":5},{"damage":1,"enemies":"Orb Walker","floor":35,"turns":3},{"damage":8,"enemies":"3 Darklings","floor":38,"turns":4},{"damage":1,"enemies":"Jaw Worm Horde","floor":39,"turns":2},{"damage":5,"enemies":"Maw","floor":44,"turns":5},{"damage":1,"enemies":"Spire Growth","floor":47,"turns":2},{"damage":21,"enemies":"Jaw Worm Horde","floor":48,"turns":3},{"damage":40,"enemies":"Time Eater","floor":50,"turns":9},{"damage":54,"enemies":"Shield and Spear","floor":54,"turns":5},{"damage":55,"enemies":"The Heart","floor":55,"turns":5}],"seed_played":"9017096116866096118","potions_obtained":[{"floor":1.0,"key":"Block Potion"},{"floor":5.0,"key":"Reflective Coating"},{"floor":16.0,"key":"REME_GoldPotion"},{"floor":18.0,"key":"Explosive Potion"}],"is_trial":false,"path_per_floor":["M","$","M","?","M","E","R","M","T","?","$","R","T","M","R","B",null,"M","M","AVR","M","$","E","R","E","T","M","R","?","M","M","R","B",null,"M","?","?","M","M","R","$","?","T","M","$","$","M","M","R","B",null,"R","$","E","B",null],"character_chosen":"HERMIT","items_purchased":["hermit:Shortfuse","hermit:Showdown","hermit:Maintenance","DollysMirror","Impatience","REME_BattleFury","infinitespire:Lucky Rock"],"campfire_rested":3,"item_purchase_floors":[2,2,2,45,45,53,53],"current_hp_per_floor":[48,48,42,42,34,10,10,10,10,7,7,7,7,2,24,14,75,69,67,67,47,47,7,7,28,28,17,17,17,16,15,37,36,75,74,55,55,47,46,68,68,68,68,63,63,63,62,41,41,1,75,75,75,21,32],"gold":169,"neow_bonus":"ONE_RARE_RELIC","is_daily":false,"chose_seed":false,"campfire_upgraded":5,"win_rate":0.0,"timestamp":1610542057,"path_taken":["M","$","M","?","M","E","R","M","T","?","$","R","?","?","R","BOSS","M","M","AVR","M","$","E","R","E","T","M","R","?","?","M","R","BOSS","M","?","?","M","M","R","$","?","T","?","?","$","M","M","R","BOSS","R","$","E","BOSS"],"items_purchased_type":["Card","Card","Card","Relic","Card","Card","Relic"],"build_version":"2020-12-22","purchased_purges":1,"victory":true,"max_hp_per_floor":[75,75,75,75,75,75,75,75,75,75,75,75,75,75,75,75,75,75,75,75,75,75,75,75,75,75,75,75,75,75,75,75,75,75,75,75,75,75,75,75,75,75,75,75,75,75,75,75,75,75,75,75,75,56,56],"card_choices":[{"not_picked":["hermit:CalledShot","hermit:Desperado"],"picked":"hermit:EyeOfTheStorm","floor":1.0},{"not_picked":["hermit:Coalescence","hermit:BodyArmor","hermit:Gestalt"],"picked":"SKIP","floor":3.0},{"not_picked":["hermit:CursedWeapon","hermit:Cheat","hermit:Quickdraw"],"picked":"SKIP","floor":5.0},{"not_picked":["hermit:BlackWind","hermit:BodyArmor","hermit:FlashPowder"],"picked":"SKIP","floor":6.0},{"not_picked":["hermit:Snipe","hermit:Glare","hermit:SprayPray"],"picked":"SKIP","floor":8.0},{"not_picked":["hermit:Virtue","hermit:Feint","hermit:Shortfuse"],"picked":"SKIP","floor":14.0},{"not_picked":["hermit:FinalCanter","hermit:RoundhouseKick"],"picked":"hermit:HeroicBravado","floor":16.0},{"not_picked":["hubris:Gluttony","hubris:Lust"],"picked":"hubris:Envy","floor":17.0},{"not_picked":["Writhe","Sickly"],"picked":"Overencumbered","floor":17.0},{"not_picked":["Parasite","Doubt"],"picked":"animator:Curse_GriefSeed","floor":17.0},{"not_picked":["hermit:PistolWhip","hermit:ItchyTrigger","hermit:WideOpen"],"picked":"SKIP","floor":18.0},{"not_picked":["hermit:Roulette","hermit:HighCaliber"],"picked":"hermit:Maintenance+1","floor":19.0},{"not_picked":["hermit:GoldenBullet+1","hermit:HighCaliber","hermit:Shortfuse"],"picked":"SKIP","floor":21.0},{"not_picked":["hermit:GoldenBullet+1","hermit:HighCaliber","hermit:Shortfuse"],"picked":"SKIP","floor":21.0},{"not_picked":["hermit:Cheat","hermit:Purgatory","hermit:Glare+1"],"picked":"SKIP","floor":23},{"not_picked":["hermit:LoneWolf","hermit:Desperado","hermit:Glare+1"],"picked":"SKIP","floor":25},{"not_picked":["hermit:Brawl","hermit:Dive+1","hermit:TrackingShot+1"],"picked":"SKIP","floor":27},{"not_picked":["hermit:Showdown","hermit:Glare","hermit:BigShot"],"picked":"SKIP","floor":30},{"not_picked":["hermit:Brawl","hermit:Headshot+1"],"picked":"hermit:CalledShot+1","floor":31},{"not_picked":["hermit:HighCaliber+1","hermit:GoldenBullet"],"picked":"hermit:EyeOfTheStorm+1","floor":35},{"not_picked":["infinitespire:FinalStrike","ReplayTheSpireMod:Haul"],"picked":"infinitespire:Collect","floor":36},{"not_picked":["hermit:Feint","hermit:Misfire+1","hermit:Ricochet"],"picked":"SKIP","floor":38},{"not_picked":["hermit:Roulette","hermit:HighCaliber","hermit:Virtue+1"],"picked":"SKIP","floor":39},{"not_picked":["hermit:SprayPray","hermit:Showdown","hermit:Virtue"],"picked":"SKIP","floor":44},{"not_picked":["hermit:Feint+1","hermit:LowProfile+1","hermit:Cheat"],"picked":"SKIP","floor":47},{"not_picked":["hermit:LowProfile+1","hermit:Roulette"],"picked":"hermit:HighCaliber","floor":48},{"not_picked":["hermit:Vantage+1","hermit:FlashPowder"],"picked":"hermit:CalledShot+1","floor":54}],"player_experience":473128,"relics_obtained":[{"floor":6.0,"key":"hubris:SlimyHat"},{"floor":9.0,"key":"Shuriken"},{"floor":13.0,"key":"Pen Nib"},{"floor":23,"key":"Gremlin Food"},{"floor":25,"key":"REME_PuzzleBoxRelic"},{"floor":43,"key":"Replay:Mystery Machine"},{"floor":54,"key":"infinitespire:Lychee Nut"}],"event_choices":[{"damage_healed":0.0,"max_hp_gain":0.0,"max_hp_loss":0.0,"gold_gain":0.0,"event_name":"Scrap Ooze","player_choice":"Success","floor":10.0,"gold_loss":0.0,"damage_taken":3.0,"relics_obtained":["Mercury Hourglass"]},{"cards_removed":["animator:Curse_GriefSeed"],"damage_healed":0,"gold_gain":0,"player_choice":"Purged","damage_taken":0,"max_hp_gain":0,"max_hp_loss":0,"event_name":"Purifier","floor":29,"gold_loss":0},{"damage_healed":0,"gold_gain":0,"player_choice":"Forge","damage_taken":0,"max_hp_gain":0,"max_hp_loss":0,"event_name":"Accursed Blacksmith","floor":42,"gold_loss":0,"cards_upgraded":["hermit:Shortfuse"]}],"is_beta":false,"boss_relics":[{"not_picked":["Busted Crown","Runic Dome"],"picked":"Replay:Ancient Bell"},{"not_picked":["Dream Catcher","Happy Flower"],"picked":"Omamori"},{"not_picked":["Garlic","Darkstone Periapt"],"picked":"infinitespire:Bottled Soul"},{"not_picked":["infinitespire:Golems Mask","Counterbalance"],"picked":"hubris:BundleOfHerbs"},{"not_picked":["Tiny House","Fusion Hammer"],"picked":"hubris:HollowSoul"}],"items_purged_floors":[2],"is_endless":false,"potions_floor_spawned":[1,5,16,18,21,25,35,47,48],"ascension_level":0}}