{"host":"dftyqn972q7tuon4","time":1610512499,"event":{"mods":["AchievementEnabler","BaseMod","Better Altar","Better Match","Better Note","Better Sensory Stone","Better Skull","Better Third Choice","Colored Powertips","Highlight Path","Minty Spire (QoL Compilation)","Permanent Neow","Quick Restart","StSLib"],"gold_per_floor":[18,18,193,193,268,268,302,317,341,8,8,27,41,41,41,144,144,160,173,98,109,125,160,160,192,192,292,292,292,326,345,345,443,443,454,504,516,0,0,29,46,74,97,97,145,173,173,48,48,48],"floor_reached":51,"language":"ENG","playtime":3673,"items_purged":["Defend_B","Doubt"],"score":1295,"play_id":"37711ea0-d731-4782-ba8d-5c6345e12041","local_time":"20210113053459","is_ascension_mode":true,"campfire_choices":[{"data":"Doom and Gloom","floor":6.0,"key":"SMITH"},{"floor":11.0,"key":"REST"},{"floor":15.0,"key":"REST"},{"floor":24.0,"key":"REST"},{"floor":29.0,"key":"REST"},{"data":"Hologram","floor":32.0,"key":"SMITH"},{"data":"Zap","floor":47,"key":"SMITH"},{"data":"Defragment","floor":49,"key":"SMITH"}],"circlet_count":0,"master_deck":["Strike_B+1","Defend_B","Defend_B","Zap+1","Dualcast","Doom and Gloom+1","Hologram+1","Conserve Battery","Redo+1","Leap+1","Apotheosis+1","Fission+1","Chill+1","Self Repair","Defragment+1","Coolheaded+1","All For One","Chaos+1","Redo+1","Fusion+1","Go for the Eyes","Fission+1","Loop+1","FTL","Capacitor","Defragment+1","Storm+1","Hello World+1","Force Field+1","Barrage","Sunder","Hologram+1"],"relics":["Cracked Core","InkBottle","Ancient Tea Set","DataDisk","Toxic Egg 2","Nuclear Battery","Juzu Bracelet","Centennial Puzzle","Whetstone","FossilizedHelix","Gremlin Horn","Nunchaku","Black Star","Calipers","Incense Burner","Runic Capacitor","Du-Vu Doll","Bottled Flame","Girya","Blue Candle","MealTicket","Gambling Chip","Dead Branch","Potion Belt"],"acts_visited":["Exordium","TheCity","TheBeyond"],"potions_floor_usage":[40,40,42,50],"damage_taken":[{"damage":0.0,"enemies":"Small Slimes","floor":1.0,"turns":3.0},{"damage":21.0,"enemies":"Lagavulin","floor":7.0,"turns":5.0},{"damage":9.0,"enemies":"Jaw Worm","floor":8.0,"turns":3.0},{"damage":0.0,"enemies":"2 Louse","floor":12.0,"turns":1.0},{"damage":20.0,"enemies":"Lots of Slimes","floor":13.0,"turns":3.0},{"damage":14.0,"enemies":"The Guardian","floor":16.0,"turns":6.0},{"damage":3.0,"enemies":"2 Thieves","floor":18.0,"turns":3.0},{"damage":0.0,"enemies":"3 Byrds","floor":19.0,"turns":3.0},{"damage":0.0,"enemies":"Centurion and Healer","floor":21.0,"turns":3.0},{"damage":18.0,"enemies":"Snecko","floor":22.0,"turns":4.0},{"damage":49.0,"enemies":"Slavers","floor":23.0,"turns":4.0},{"damage":3.0,"enemies":"Gremlin Leader","floor":25.0,"turns":6.0},{"damage":11.0,"enemies":"Colosseum Slavers","floor":27.0,"turns":3.0},{"damage":40.0,"enemies":"Colosseum Nobs","floor":27.0,"turns":4.0},{"damage":15.0,"enemies":"Slavers","floor":30.0,"turns":5.0},{"damage":4.0,"enemies":"Sentry and Sphere","floor":31.0,"turns":4.0},{"damage":2.0,"enemies":"Collector","floor":33.0,"turns":8.0},{"damage":0.0,"enemies":"Orb Walker","floor":35.0,"turns":2.0},{"damage":14.0,"enemies":"Mind Bloom Boss Battle","floor":36.0,"turns":7.0},{"damage":3.0,"enemies":"3 Shapes","floor":37.0,"turns":5.0},{"damage":53,"enemies":"Nemesis","floor":40,"turns":9},{"damage":6,"enemies":"Spire Growth","floor":41,"turns":4},{"damage":0,"enemies":"Reptomancer","floor":42,"turns":4},{"damage":5,"enemies":"2 Orb Walkers","floor":45,"turns":4},{"damage":0,"enemies":"Giant Head","floor":46,"turns":6},{"damage":0,"enemies":"Awakened One","floor":50,"turns":7}],"seed_played":"-4424617806667125488","potions_obtained":[{"floor":1.0,"key":"ColorlessPotion"},{"floor":8.0,"key":"Block Potion"},{"floor":16.0,"key":"FearPotion"},{"floor":19.0,"key":"Weak Potion"},{"floor":22.0,"key":"FocusPotion"},{"floor":23.0,"key":"ColorlessPotion"},{"floor":27.0,"key":"CultistPotion"},{"floor":33.0,"key":"SneckoOil"},{"floor":35.0,"key":"BlessingOfTheForge"},{"floor":41,"key":"BlessingOfTheForge"},{"floor":42,"key":"SteroidPotion"},{"floor":46,"key":"DuplicationPotion"}],"is_trial":false,"path_per_floor":["M","?","?","T","?","R","E","M","T","$","R","M","M","?","R","B",null,"M","M","?","M","M","E","R","E","T","?","?","R","E","M","R","B",null,"M","?","M","$","?","E","M","E","T","?","?","E","R","$","R","B",null],"character_chosen":"DEFECT","items_purchased":["Toxic Egg 2","Defragment","Incense Burner","Runic Capacitor","Hologram+1"],"campfire_rested":4,"item_purchase_floors":[10,38,38,38,48],"current_hp_per_floor":[68,61,61,61,54,54,33,24,24,24,46,46,26,26,48,34,65,62,62,62,72,64,25,47,54,54,20,20,42,37,43,43,48,68,75,71,75,75,75,32,36,46,46,46,41,48,48,63,63,70],"gold":48,"neow_bonus":"REMOVE_TWO","is_daily":false,"chose_seed":false,"campfire_upgraded":4,"win_rate":0.0,"timestamp":1610512499,"path_taken":["M","?","?","?","?","R","E","M","T","$","R","?","?","?","R","BOSS","M","M","?","?","M","E","R","E","T","?","?","R","E","M","R","BOSS","M","?","M","$","?","E","M","E","T","?","?","E","R","$","R","BOSS"],"items_purchased_type":["Relic","Card","Relic","Relic","Card"],"build_version":"2020-12-22","purchased_purges":2,"victory":true,"max_hp_per_floor":[75,75,75,75,75,75,75,75,75,75,75,75,75,75,75,75,75,75,75,75,75,75,75,75,75,75,75,75,75,75,75,75,75,75,75,75,75,75,75,75,75,75,75,75,75,75,75,75,75,75],"card_choices":[{"not_picked":["Reinforced Body","Ball Lightning"],"picked":"Doom and Gloom","floor":1.0},{"not_picked":["Cold Snap","Ball Lightning"],"picked":"Hologram","floor":7.0},{"not_picked":["Go for the Eyes","Hologram"],"picked":"Conserve Battery","floor":8.0},{"not_picked":["Recycle+1","Leap+1"],"picked":"Redo+1","floor":12.0},{"not_picked":["Barrage","Streamline"],"picked":"Leap+1","floor":13.0},{"not_picked":["Machine Learning","Amplify+1"],"picked":"Fission+1","floor":16.0},{"not_picked":["Blizzard+1","Beam Cell"],"picked":"Chill+1","floor":18.0},{"not_picked":["Sweeping Beam","Rebound","Stack+1"],"picked":"SKIP","floor":19.0},{"not_picked":["Static Discharge","Glacier"],"picked":"Self Repair","floor":20.0},{"not_picked":["Redo+1","Melter"],"picked":"Defragment","floor":21.0},{"not_picked":["Double Energy+1","Gash"],"picked":"Coolheaded+1","floor":22.0},{"not_picked":["Gash","Steam Power+1"],"picked":"All For One","floor":23.0},{"not_picked":["Auto Shields+1","BootSequence+1"],"picked":"Chaos+1","floor":25.0},{"not_picked":["Streamline+1","Tempest+1"],"picked":"Redo+1","floor":27.0},{"not_picked":["Hello World","Static Discharge+1"],"picked":"Fusion+1","floor":30.0},{"not_picked":["Gash+1","Turbo+1"],"picked":"Go for the Eyes","floor":31.0},{"not_picked":["Seek+1","Buffer"],"picked":"Fission+1","floor":33.0},{"not_picked":["Gash+1","Blizzard+1"],"picked":"Loop+1","floor":35.0},{"not_picked":["Self Repair","Reprogram+1"],"picked":"FTL","floor":36.0},{"not_picked":["Compile Driver","Ball Lightning+1"],"picked":"Capacitor","floor":37.0},{"not_picked":["Creative AI","Reinforced Body+1"],"picked":"Storm+1","floor":40},{"not_picked":["Compile Driver","FTL+1"],"picked":"Hello World+1","floor":41},{"not_picked":["Redo+1","Coolheaded+1"],"picked":"Force Field+1","floor":42},{"not_picked":["Tempest+1","Heatsinks+1"],"picked":"Barrage","floor":45},{"not_picked":["Skim+1","Go for the Eyes"],"picked":"Sunder","floor":46}],"player_experience":615757,"relics_obtained":[{"floor":4.0,"key":"InkBottle"},{"floor":7.0,"key":"Ancient Tea Set"},{"floor":9.0,"key":"DataDisk"},{"floor":23.0,"key":"Juzu Bracelet"},{"floor":25.0,"key":"Centennial Puzzle"},{"floor":26.0,"key":"Whetstone"},{"floor":27.0,"key":"FossilizedHelix"},{"floor":27.0,"key":"Gremlin Horn"},{"floor":30.0,"key":"Nunchaku"},{"floor":36.0,"key":"Calipers"},{"floor":40,"key":"Du-Vu Doll"},{"floor":40,"key":"Bottled Flame"},{"floor":42,"key":"Girya"},{"floor":42,"key":"Blue Candle"},{"floor":43,"key":"MealTicket"},{"floor":45,"key":"Gambling Chip"},{"floor":46,"key":"Dead Branch"},{"floor":46,"key":"Potion Belt"}],"event_choices":[{"cards_removed":["Strike_B"],"damage_healed":0.0,"max_hp_gain":0.0,"max_hp_loss":0.0,"gold_gain":0.0,"event_name":"Golden Wing","player_choice":"Card Removal","floor":2.0,"gold_loss":0.0,"damage_taken":7.0},{"damage_healed":0.0,"max_hp_gain":0.0,"max_hp_loss":0.0,"gold_gain":175.0,"event_name":"betterThird:BetterSerpent","player_choice":"AGREE","floor":3.0,"gold_loss":0.0,"damage_taken":18.0},{"damage_healed":0.0,"max_hp_gain":0.0,"max_hp_loss":0.0,"gold_gain":75.0,"event_name":"FaceTrader","player_choice":"Touch","floor":5.0,"gold_loss":0.0,"damage_taken":7.0},{"damage_healed":26.0,"max_hp_gain":0.0,"max_hp_loss":75.0,"gold_gain":0.0,"event_name":"betterThird:BetterShining","player_choice":"Embrace","floor":14.0,"gold_loss":0.0,"damage_taken":0.0},{"damage_healed":0.0,"max_hp_gain":0.0,"max_hp_loss":0.0,"gold_gain":0.0,"event_name":"betterMatch:BetterMatch","player_choice":"1","floor":20.0,"gold_loss":0.0,"damage_taken":0.0,"cards_obtained":["betterMatch:UncommonCard"]},{"damage_healed":0.0,"max_hp_gain":0.0,"max_hp_loss":0.0,"gold_gain":0.0,"event_name":"Colosseum","player_choice":"Fight","floor":27.0,"gold_loss":0.0,"damage_taken":0.0},{"damage_healed":0.0,"max_hp_gain":0.0,"max_hp_loss":0.0,"gold_gain":0.0,"event_name":"Colosseum","player_choice":"Fought Nobs","floor":27.0,"gold_loss":0.0,"damage_taken":0.0},{"damage_healed":0.0,"max_hp_gain":0.0,"max_hp_loss":0.0,"gold_gain":0.0,"event_name":"Ghosts","player_choice":"Ignored","floor":28.0,"gold_loss":0.0,"damage_taken":0.0},{"damage_healed":0.0,"max_hp_gain":0.0,"max_hp_loss":0.0,"gold_gain":0.0,"event_name":"MindBloom","player_choice":"Fight","floor":36.0,"gold_loss":0.0,"damage_taken":0.0},{"damage_healed":0.0,"max_hp_gain":0.0,"max_hp_loss":0.0,"gold_gain":0.0,"event_name":"Accursed Blacksmith","player_choice":"Forge","floor":39.0,"gold_loss":0.0,"damage_taken":0.0,"cards_upgraded":["Defragment"]},{"cards_removed":["Strike_B"],"damage_healed":0,"gold_gain":0,"player_choice":"Removed Attack","damage_taken":0,"max_hp_gain":0,"max_hp_loss":0,"event_name":"Falling","floor":44,"gold_loss":0},{"damage_healed":0,"gold_gain":0,"player_choice":"Fight","damage_taken":0,"max_hp_gain":0,"max_hp_loss":0,"event_name":"Mysterious Sphere","floor":45,"gold_loss":0}],"is_beta":false,"boss_relics":[{"not_picked":["Empty Cage","Runic Dome"],"picked":"Nuclear Battery"},{"not_picked":["Snecko Eye","Runic Pyramid"],"picked":"Black Star"}],"items_purged_floors":[10,48],"is_endless":false,"potions_floor_spawned":[1,8,16,19,22,23,27,27,33,35,41,42,46],"ascension_level":8}}