{"host":"dhlnk6yox2l1s6up","time":1610568871,"event":{"mods":["BaseMod","Colored Map","Highlight Path","Minty Spire (QoL Compilation)","Relic Stats","StSLib"],"gold_per_floor":[113,113,178,303,8,8,24,24,48,83,95,204,221,249,249,345,345,363,323,373,423,473,502,502,24,24,24,52,52,70,102,102,206,206,223,235,248,44,94,126,142,192,219,219,236,236,286,314,314,314,314],"floor_reached":50,"language":"ENG","playtime":3581,"items_purged":["Defend_B"],"score":850,"play_id":"7f4adf0d-6845-4bb6-9977-1b2475ae5e82","local_time":"20210113141431","is_ascension_mode":true,"campfire_choices":[{"data":"Streamline","floor":6,"key":"SMITH"},{"data":"Sweeping Beam","floor":8,"key":"SMITH"},{"data":"Beam Cell","floor":15,"key":"SMITH"},{"floor":24,"key":"REST"},{"data":"Conserve Battery","floor":27,"key":"SMITH"},{"floor":32,"key":"REST"},{"floor":44,"key":"RECALL"},{"floor":46,"key":"REST"},{"floor":49,"key":"REST"}],"circlet_count":0,"master_deck":["Strike_B+1","Strike_B+1","Defend_B+1","Streamline+1","Conserve Battery+1","Sweeping Beam+1","Conserve Battery","Darkness","Beam Cell+1","Hologram","Genetic Algorithm","Lockon","Multi-Cast","Skim","Creative AI+1","Heatsinks","Doubt","Hologram","Steam Power+1","Fusion+1","Sweeping Beam+1","Electrodynamics","Conserve Battery+1","Chaos+1","Meteor Strike+1","Go for the Eyes+1","Hologram+1","Chill","BootSequence+1","Leap","BootSequence+1","Writhe","Coolheaded+1"],"relics":["Empty Cage","SsserpentHead","Bag of Marbles","OrangePellets","Whetstone","Ancient Tea Set","Sundial","Juzu Bracelet","Cursed Key","Nilry\u0027s Codex","Vajra","Anchor","Pen Nib","Prayer Wheel","Nunchaku","Turnip","Astrolabe","Lantern","Art of War","White Beast Statue"],"acts_visited":["Exordium","TheCity","TheBeyond"],"potions_floor_usage":[13,14,16,31,31,31,33,42,45,45],"damage_taken":[{"damage":5,"enemies":"Cultist","floor":1,"turns":5},{"damage":5,"enemies":"2 Louse","floor":3,"turns":2},{"damage":7,"enemies":"Jaw Worm","floor":7,"turns":3},{"damage":11,"enemies":"3 Sentries","floor":10,"turns":6},{"damage":6,"enemies":"Looter","floor":11,"turns":2},{"damage":3,"enemies":"3 Sentries","floor":12,"turns":6},{"damage":0,"enemies":"Exordium Wildlife","floor":13,"turns":3},{"damage":2,"enemies":"Gremlin Nob","floor":14,"turns":3},{"damage":16,"enemies":"Hexaghost","floor":16,"turns":9},{"damage":6,"enemies":"3 Byrds","floor":18,"turns":6},{"damage":50,"enemies":"Gremlin Leader","floor":23,"turns":8},{"damage":9,"enemies":"Slavers","floor":28,"turns":5},{"damage":15,"enemies":"Chosen","floor":30,"turns":5},{"damage":7,"enemies":"Gremlin Leader","floor":31,"turns":6},{"damage":4,"enemies":"Champ","floor":33,"turns":9},{"damage":17,"enemies":"3 Darklings","floor":35,"turns":5},{"damage":0,"enemies":"Orb Walker","floor":36,"turns":3},{"damage":30,"enemies":"Maw","floor":37,"turns":8},{"damage":42,"enemies":"Reptomancer","floor":40,"turns":6},{"damage":0,"enemies":"4 Shapes","floor":41,"turns":7},{"damage":22,"enemies":"3 Darklings","floor":45,"turns":5},{"damage":0,"enemies":"Giant Head","floor":48,"turns":8},{"damage":58,"enemies":"Time Eater","floor":50,"turns":7}],"seed_played":"-1514186810052780403","potions_obtained":[{"floor":7,"key":"DuplicationPotion"},{"floor":10,"key":"Fruit Juice"},{"floor":11,"key":"Fire Potion"},{"floor":13,"key":"LiquidMemories"},{"floor":31,"key":"Swift Potion"},{"floor":33,"key":"SpeedPotion"},{"floor":37,"key":"SpeedPotion"},{"floor":40,"key":"Weak Potion"},{"floor":42,"key":"Fruit Juice"},{"floor":42,"key":"BlessingOfTheForge"},{"floor":42,"key":"GamblersBrew"}],"is_trial":false,"path_per_floor":["M","?","M","?","$","R","M","R","T","E","M","?","M","E","R","B",null,"M","?","?","?","?","E","R","$","T","R","E","$","M","E","R","B",null,"M","M","M","$","?","E","M","?","T","R","M","R","?","E","R","B"],"character_chosen":"DEFECT","items_purchased":["Bag of Marbles","OrangePellets","Sweeping Beam","Anchor","Strength Potion","Weak Potion","Pen Nib","Lantern","Leap"],"campfire_rested":4,"item_purchase_floors":[5,5,5,25,25,25,25,38,38],"current_hp_per_floor":[63,63,58,47,47,47,40,40,40,29,23,20,25,23,23,7,62,56,56,40,40,66,16,40,40,40,40,31,31,16,9,33,29,67,50,50,20,20,70,28,28,33,33,33,11,33,33,33,55,0,0],"gold":314,"neow_bonus":"BOSS_RELIC","is_daily":false,"chose_seed":false,"campfire_upgraded":4,"win_rate":0.0,"timestamp":1610568871,"path_taken":["M","?","?","?","?","R","M","R","T","E","M","?","M","E","R","BOSS","M","?","?","?","?","E","R","$","T","R","E","$","M","E","R","BOSS","M","M","M","$","?","E","M","?","T","R","M","R","?","E","R","BOSS"],"items_purchased_type":["Relic","Relic","Card","Relic","Potion","Potion","Relic","Relic","Card"],"build_version":"2020-12-22","purchased_purges":1,"victory":false,"max_hp_per_floor":[75,75,75,75,75,75,75,75,75,75,75,75,80,80,80,80,80,80,80,80,80,80,80,80,80,80,80,80,80,80,80,80,80,80,80,80,80,80,70,70,70,75,75,75,75,75,75,75,75,75,75],"relic_stats":{"counters":[23,127],"Astrolabe":["Conserve Battery","Chaos","Meteor Strike"],"Pen Nib":[14],"Juzu Bracelet":3,"Whetstone":["Strike_B","Strike_B"],"Cursed Key":2,"SsserpentHead":550,"OrangePellets":[24],"Nunchaku":[13],"Sundial":[12],"Prayer Wheel":6,"Turnip":[11],"Art of War":[4],"obtain_stats":[{"Lantern":38,"Nilry\u0027s Codex":20,"Astrolabe":34,"Vajra":23,"Pen Nib":25,"Juzu Bracelet":14,"Whetstone":9,"Empty Cage":0,"Ancient Tea Set":10,"Cursed Key":17,"White Beast Statue":48,"SsserpentHead":2,"OrangePellets":5,"Anchor":25,"Nunchaku":28,"Sundial":12,"Prayer Wheel":26,"Turnip":31,"Bag of Marbles":5,"Art of War":40,"Cracked Core":0},{"Lantern":18,"Nilry\u0027s Codex":10,"Astrolabe":15,"Vajra":11,"Pen Nib":11,"Juzu Bracelet":8,"Whetstone":3,"Empty Cage":0,"Ancient Tea Set":4,"Cursed Key":9,"White Beast Statue":22,"SsserpentHead":1,"OrangePellets":2,"Anchor":11,"Nunchaku":12,"Sundial":6,"Prayer Wheel":11,"Turnip":14,"Bag of Marbles":2,"Art of War":19,"Cracked Core":0},{"Lantern":94,"Nilry\u0027s Codex":45,"Astrolabe":78,"Vajra":53,"Pen Nib":53,"Juzu Bracelet":30,"Whetstone":10,"Empty Cage":0,"Ancient Tea Set":16,"Cursed Key":39,"White Beast Statue":120,"SsserpentHead":5,"OrangePellets":7,"Anchor":53,"Nunchaku":58,"Sundial":24,"Prayer Wheel":53,"Turnip":69,"Bag of Marbles":7,"Art of War":100,"Cracked Core":0}]},"card_choices":[{"not_picked":["Hologram","Rip and Tear"],"picked":"Streamline","floor":1},{"not_picked":["Turbo","Meteor Strike"],"picked":"Conserve Battery","floor":3},{"not_picked":["White Noise","Leap"],"picked":"Conserve Battery","floor":7},{"not_picked":["Redo","Stack"],"picked":"Darkness","floor":10},{"not_picked":["Darkness","Rebound"],"picked":"Beam Cell","floor":11},{"not_picked":["Hello World","Static Discharge"],"picked":"Hologram","floor":12},{"not_picked":["Leap","Rebound"],"picked":"Genetic Algorithm","floor":13},{"not_picked":["Glacier","Hyperbeam"],"picked":"Lockon","floor":14},{"not_picked":["Core Surge","Meteor Strike"],"picked":"Multi-Cast","floor":16},{"not_picked":["Turbo","Streamline+1"],"picked":"Skim","floor":18},{"not_picked":["Compile Driver","Stack"],"picked":"Heatsinks","floor":23},{"not_picked":["Compile Driver","Sunder+1"],"picked":"Hologram","floor":28},{"not_picked":["Capacitor","Compile Driver+1"],"picked":"Steam Power+1","floor":30},{"not_picked":["Conserve Battery","Rebound"],"picked":"Fusion+1","floor":30},{"not_picked":["Hologram","Consume+1"],"picked":"Sweeping Beam+1","floor":31},{"not_picked":["Core Surge","Seek"],"picked":"Electrodynamics","floor":33},{"not_picked":["Scrape+1","Rebound"],"picked":"Go for the Eyes+1","floor":35},{"not_picked":["Recycle","Steam","Rebound"],"picked":"SKIP","floor":35},{"not_picked":["Auto Shields+1","FTL"],"picked":"Hologram+1","floor":36},{"not_picked":["Ball Lightning+1","Sweeping Beam+1","Barrage"],"picked":"SKIP","floor":36},{"not_picked":["Barrage+1","Compile Driver"],"picked":"Chill","floor":37},{"not_picked":["Blizzard","Streamline"],"picked":"BootSequence+1","floor":37},{"not_picked":["Turbo","Hyperbeam"],"picked":"BootSequence+1","floor":40},{"not_picked":["Rebound","Redo","Hologram+1"],"picked":"SKIP","floor":41},{"not_picked":["Leap","Barrage","Streamline+1"],"picked":"SKIP","floor":41},{"not_picked":["Beam Cell","Chill+1"],"picked":"Coolheaded+1","floor":45},{"not_picked":["Skim","Cold Snap+1","Ball Lightning"],"picked":"SKIP","floor":45},{"not_picked":["Sweeping Beam+1","Cold Snap","Creative AI"],"picked":"SKIP","floor":48}],"player_experience":5777771,"relics_obtained":[{"floor":9,"key":"Whetstone"},{"floor":10,"key":"Ancient Tea Set"},{"floor":12,"key":"Sundial"},{"floor":14,"key":"Juzu Bracelet"},{"floor":20,"key":"Nilry\u0027s Codex"},{"floor":23,"key":"Vajra"},{"floor":26,"key":"Prayer Wheel"},{"floor":28,"key":"Nunchaku"},{"floor":31,"key":"Turnip"},{"floor":40,"key":"Art of War"},{"floor":48,"key":"White Beast Statue"}],"event_choices":[{"damage_healed":0,"gold_gain":0,"player_choice":"Trade","damage_taken":0,"relics_obtained":["SsserpentHead"],"max_hp_gain":0,"max_hp_loss":0,"event_name":"FaceTrader","floor":2,"gold_loss":0},{"damage_healed":0,"gold_gain":75,"player_choice":"Gather Gold","damage_taken":11,"max_hp_gain":0,"max_hp_loss":0,"event_name":"World of Goop","floor":4,"gold_loss":0},{"damage_healed":0,"gold_gain":0,"player_choice":"Searched \u00271\u0027 times","damage_taken":0,"max_hp_gain":0,"max_hp_loss":0,"event_name":"Dead Adventurer","floor":12,"gold_loss":0},{"cards_removed":["Strike_B"],"damage_healed":0,"gold_gain":0,"player_choice":"Upgrade and Remove","damage_taken":0,"max_hp_gain":0,"max_hp_loss":0,"event_name":"Designer","floor":19,"gold_loss":90,"cards_upgraded":["Defend_B"]},{"damage_healed":0,"gold_gain":0,"player_choice":"Obtained Book","damage_taken":16,"max_hp_gain":0,"max_hp_loss":0,"event_name":"Cursed Tome","floor":20,"gold_loss":0},{"damage_healed":0,"gold_gain":0,"player_choice":"1 cards matched","damage_taken":0,"max_hp_gain":0,"max_hp_loss":0,"event_name":"Match and Keep!","floor":21,"gold_loss":0,"cards_obtained":["Creative AI"]},{"damage_healed":26,"gold_gain":0,"player_choice":"Heal","damage_taken":0,"max_hp_gain":0,"max_hp_loss":0,"event_name":"The Library","floor":22,"gold_loss":0},{"damage_healed":70,"gold_gain":0,"player_choice":"Heal","damage_taken":0,"max_hp_gain":0,"max_hp_loss":10,"event_name":"The Moai Head","floor":39,"gold_loss":0},{"damage_healed":0,"gold_gain":0,"player_choice":"Got Potions","damage_taken":0,"max_hp_gain":0,"max_hp_loss":0,"event_name":"Lab","floor":42,"gold_loss":0},{"damage_healed":0,"gold_gain":0,"player_choice":"Forge","damage_taken":0,"max_hp_gain":0,"max_hp_loss":0,"event_name":"Accursed Blacksmith","floor":47,"gold_loss":0,"cards_upgraded":["Creative AI"]}],"is_beta":false,"boss_relics":[{"not_picked":["SacredBark","Sozu"],"picked":"Cursed Key"},{"not_picked":["Philosopher\u0027s Stone","Inserter"],"picked":"Astrolabe"}],"items_purged_floors":[25],"is_endless":false,"potions_floor_spawned":[7,10,11,13,30,31,33,37,40],"killed_by":"Time Eater","ascension_level":8}}