{"host":"mai03x2ekbjy4059","time":1610499925,"event":{"mods":["2.2 Compatiblity","BaseMod","DeckTracker","Highlight Path","Keyboard Shortcuts","Minty Spire (QoL Compilation)","Permanent Neow","Quick Restart","SuperFastMode","everything is the same but u backflip on backflip"],"gold_per_floor":[362,382,129,129,143,172,172,172,197,231,259,259,295,366,366,455,455,478,493,418,443,452,452,452],"floor_reached":23,"language":"KOR","playtime":673,"items_purged":["Defend_P"],"score":355,"play_id":"ca101615-39fe-42a0-872f-d00d0484f8c0","local_time":"20210113100525","is_ascension_mode":true,"campfire_choices":[{"data":"Eruption","floor":8.0,"key":"SMITH"},{"data":"Adaptation","floor":12.0,"key":"SMITH"},{"data":"Adaptation","floor":15.0,"key":"SMITH"}],"circlet_count":0,"master_deck":["AscendersBane","Strike_P","Strike_P","Strike_P","Defend_P","Defend_P","Defend_P","Eruption+1","Vigilance","Adaptation+1","Master of Strategy","Adaptation+1","FearNoEvil","MentalFortress","Decay"],"relics":["PureWater","Bag of Marbles","Golden Idol","Potion Belt","CeramicFish","WingedGreaves","StrikeDummy","VioletLotus"],"acts_visited":["Exordium","TheCity"],"potions_floor_usage":[23],"damage_taken":[{"damage":0.0,"enemies":"2 Louse","floor":1.0,"turns":1.0},{"damage":1.0,"enemies":"Small Slimes","floor":2.0,"turns":3.0},{"damage":0.0,"enemies":"Jaw Worm","floor":5.0,"turns":3.0},{"damage":24.0,"enemies":"Lagavulin","floor":6.0,"turns":7.0},{"damage":16.0,"enemies":"3 Sentries","floor":10.0,"turns":6.0},{"damage":12.0,"enemies":"Exordium Wildlife","floor":11.0,"turns":2.0},{"damage":29.0,"enemies":"Gremlin Nob","floor":13.0,"turns":4.0},{"damage":10.0,"enemies":"3 Sentries","floor":14.0,"turns":4.0},{"damage":6.0,"enemies":"Hexaghost","floor":16.0,"turns":6.0},{"damage":3.0,"enemies":"Spheric Guardian","floor":18.0,"turns":3.0},{"damage":2.0,"enemies":"Shell Parasite","floor":19.0,"turns":3.0},{"damage":21.0,"enemies":"Cultist and Chosen","floor":21.0,"turns":4.0},{"damage":14,"enemies":"Slavers","floor":23,"turns":2}],"seed_played":"3181706049993678260","potions_obtained":[{"floor":5.0,"key":"FairyPotion"},{"floor":11.0,"key":"BlessingOfTheForge"},{"floor":13.0,"key":"Strength Potion"},{"floor":14.0,"key":"SkillPotion"},{"floor":19.0,"key":"BottledMiracle"},{"floor":21.0,"key":"SpeedPotion"}],"is_trial":false,"path_per_floor":["M","M","$","?","M","E","?","R","T","E","M","R","E","?","R","B",null,"M","M","?","M","?","E"],"character_chosen":"WATCHER","items_purchased":["Master of Strategy"],"campfire_rested":0,"item_purchase_floors":[3],"current_hp_per_floor":[61,60,60,65,65,41,41,41,41,25,13,13,18,8,8,2,47,44,42,42,21,21,7,7],"gold":452,"neow_bonus":"TWO_FIFTY_GOLD","is_daily":false,"chose_seed":false,"campfire_upgraded":3,"win_rate":0.0,"timestamp":1610499925,"path_taken":["M","M","$","?","M","E","?","R","T","E","M","R","E","?","R","BOSS","M","M","?","M","?","E"],"items_purchased_type":["Card"],"build_version":"2020-12-22","purchased_purges":1,"victory":false,"max_hp_per_floor":[62,62,62,67,67,67,62,62,62,62,62,62,62,62,62,62,62,62,62,62,62,62,62,62],"card_choices":[{"not_picked":["Crescendo","EmptyBody"],"picked":"Adaptation","floor":1.0},{"not_picked":["BowlingBash","Halt","CrushJoints"],"picked":"SKIP","floor":2.0},{"not_picked":["ThirdEye","CrushJoints","Perseverance"],"picked":"SKIP","floor":5.0},{"not_picked":["FollowUp","Judgement"],"picked":"Adaptation","floor":6.0},{"not_picked":["FollowUp","LikeWater","SashWhip"],"picked":"SKIP","floor":10.0},{"not_picked":["Indignation","Wireheading"],"picked":"FearNoEvil","floor":11.0},{"not_picked":["Prostrate","Tantrum","PathToVictory"],"picked":"SKIP","floor":13.0},{"not_picked":["ForeignInfluence","TalkToTheHand","WheelKick"],"picked":"SKIP","floor":18.0},{"not_picked":["Fasting2","FlyingSleeves+1","Wallop"],"picked":"SKIP","floor":19.0},{"not_picked":["ClearTheMind","FlurryOfBlows"],"picked":"MentalFortress","floor":21.0}],"player_experience":1070411,"relics_obtained":[{"floor":6.0,"key":"Bag of Marbles"},{"floor":9.0,"key":"Potion Belt"},{"floor":10.0,"key":"CeramicFish"},{"floor":13.0,"key":"WingedGreaves"}],"event_choices":[{"damage_healed":0.0,"max_hp_gain":5.0,"max_hp_loss":0.0,"gold_gain":0.0,"event_name":"Big Fish","player_choice":"Donut","floor":4.0,"gold_loss":0.0,"damage_taken":0.0},{"damage_healed":0.0,"max_hp_gain":0.0,"max_hp_loss":5.0,"gold_gain":0.0,"event_name":"Golden Idol","player_choice":"Lose Max HP","floor":7.0,"gold_loss":0.0,"damage_taken":0.0,"relics_obtained":["Golden Idol"]},{"damage_healed":0.0,"max_hp_gain":0.0,"max_hp_loss":0.0,"gold_gain":30.0,"event_name":"Dead Adventurer","player_choice":"Searched \u00273\u0027 times","floor":14.0,"gold_loss":0.0,"damage_taken":0.0,"relics_obtained":["StrikeDummy"]},{"cards_removed":["Strike_P"],"damage_healed":0.0,"max_hp_gain":0.0,"max_hp_loss":0.0,"gold_gain":0.0,"event_name":"Beggar","player_choice":"Gave Gold","floor":20.0,"gold_loss":75.0,"damage_taken":0.0},{"damage_healed":0.0,"max_hp_gain":0.0,"max_hp_loss":0.0,"gold_gain":0.0,"event_name":"Wheel of Change","player_choice":"Cursed","floor":22.0,"gold_loss":0.0,"damage_taken":0.0,"cards_obtained":["Decay"]}],"is_beta":false,"boss_relics":[{"not_picked":["Runic Dome","HolyWater"],"picked":"VioletLotus"}],"items_purged_floors":[3],"is_endless":false,"potions_floor_spawned":[5,11,13,14,19,21],"killed_by":"Slavers","ascension_level":14}}