{"host":"x21cvmfdo17nyhii","time":1610533036,"event":{"mods":["AchievementEnabler","BaseMod","Colored Map","Colored Powertips","DeckTracker","Highlight Path","Minty Spire (QoL Compilation)","Quick Restart","Rare Cards Sparkle","SuperFastMode"],"gold_per_floor":[113,113,113,124,140,140,140,61,86,102,102,114,114,127,127,231,231,251,269,167,178,178,178,189,189,189,189,189,189,206,226,226,326,326,337,337,337],"floor_reached":36,"language":"ENG","playtime":1081,"items_purged":["Defend_R"],"score":381,"play_id":"527c3f44-eacd-42d3-90a2-cbcb54334a9b","local_time":"20210113021716","is_ascension_mode":false,"campfire_choices":[{"data":"Shrug It Off","floor":6.0,"key":"SMITH"},{"data":"Bash","floor":11.0,"key":"SMITH"},{"data":"Dropkick","floor":13.0,"key":"SMITH"},{"data":"Shrug It Off","floor":15.0,"key":"SMITH"},{"floor":23.0,"key":"REST"},{"data":"Seeing Red","floor":25.0,"key":"SMITH"},{"data":"Barricade","floor":29.0,"key":"SMITH"},{"floor":32.0,"key":"REST"}],"circlet_count":0,"master_deck":["Defend_R","Defend_R","Defend_R","Bash+1","Demon Form+1","Anger+1","Shrug It Off+1","Dropkick+1","Shrug It Off+1","Barricade+1","Dropkick","Seeing Red+1","Shrug It Off","Bite","Bite","Bite","Bite","Bite","Warcry","Impervious"],"relics":["Burning Blood"],"acts_visited":["Exordium","TheCity","TheBeyond"],"potions_floor_usage":[],"damage_taken":[{"damage":4.0,"enemies":"2 Louse","floor":1.0,"turns":4.0},{"damage":5.0,"enemies":"Small Slimes","floor":4.0,"turns":4.0},{"damage":6.0,"enemies":"Cultist","floor":5.0,"turns":3.0},{"damage":2.0,"enemies":"2 Fungi Beasts","floor":10.0,"turns":3.0},{"damage":0.0,"enemies":"Looter","floor":12.0,"turns":3.0},{"damage":0.0,"enemies":"Large Slime","floor":14.0,"turns":4.0},{"damage":34.0,"enemies":"Hexaghost","floor":16.0,"turns":6.0},{"damage":24.0,"enemies":"Shell Parasite","floor":18.0,"turns":4.0},{"damage":0.0,"enemies":"Chosen","floor":19.0,"turns":4.0},{"damage":25.0,"enemies":"Shelled Parasite and Fungi","floor":21.0,"turns":5.0},{"damage":16.0,"enemies":"Centurion and Healer","floor":24.0,"turns":6.0},{"damage":18.0,"enemies":"Colosseum Slavers","floor":28.0,"turns":4.0},{"damage":43.0,"enemies":"Snake Plant","floor":30.0,"turns":6.0},{"damage":28.0,"enemies":"Cultist and Chosen","floor":31.0,"turns":8.0},{"damage":42.0,"enemies":"Automaton","floor":33.0,"turns":9.0},{"damage":49.0,"enemies":"3 Darklings","floor":35.0,"turns":8.0},{"damage":31,"enemies":"3 Shapes","floor":36,"turns":2}],"seed_played":"475918262970474313","potions_obtained":[{"floor":4.0,"key":"EssenceOfSteel"},{"floor":10.0,"key":"Block Potion"},{"floor":19.0,"key":"DistilledChaos"},{"floor":24.0,"key":"Swift Potion"},{"floor":31.0,"key":"Energy Potion"}],"is_trial":false,"path_per_floor":["M","?","?","M","M","R","?","$","T","M","R","M","R","M","R","B",null,"M","M","$","M","?","R","M","R","T","?","?","R","M","M","R","B",null,"M","M"],"character_chosen":"IRONCLAD","items_purchased":["Dropkick","Shrug It Off"],"campfire_rested":2,"item_purchase_floors":[8,20],"current_hp_per_floor":[80,80,64,65,65,65,65,65,65,69,69,75,75,80,80,52,80,62,68,68,49,49,73,63,63,63,56,52,52,29,19,35,17,56,23,0,0],"gold":337,"neow_bonus":"ONE_RANDOM_RARE_CARD","is_daily":false,"chose_seed":false,"campfire_upgraded":6,"win_rate":0.0,"timestamp":1610533036,"path_taken":["M","?","?","M","M","R","?","$","T","M","R","M","R","M","R","BOSS","M","M","$","?","?","R","M","R","T","?","?","R","M","M","R","BOSS","M","M"],"items_purchased_type":["Card","Card"],"build_version":"2020-12-22","purchased_purges":1,"victory":false,"max_hp_per_floor":[80,80,80,80,80,80,80,80,80,80,80,80,80,80,80,80,80,80,80,80,80,80,80,80,80,80,56,56,56,56,56,56,56,56,56,56,56],"card_choices":[{"not_picked":["Sword Boomerang","Twin Strike","Hemokinesis"],"picked":"SKIP","floor":1.0},{"not_picked":["Havoc","Thunderclap"],"picked":"Anger","floor":4.0},{"not_picked":["Pommel Strike","Wild Strike"],"picked":"Shrug It Off","floor":5.0},{"not_picked":["Fire Breathing","Searing Blow","Rampage"],"picked":"SKIP","floor":10.0},{"not_picked":["Spot Weakness","Evolve","Sentinel"],"picked":"SKIP","floor":12.0},{"not_picked":["Blood for Blood","Twin Strike"],"picked":"Shrug It Off","floor":14.0},{"not_picked":["Offering","Berserk"],"picked":"Barricade","floor":16.0},{"not_picked":["Uppercut+1","Infernal Blade"],"picked":"Dropkick","floor":18.0},{"not_picked":["Perfected Strike+1","Heavy Blade"],"picked":"Seeing Red","floor":19.0},{"not_picked":["Headbutt","Twin Strike","Thunderclap"],"picked":"SKIP","floor":21.0},{"not_picked":["Twin Strike","Offering","Armaments"],"picked":"SKIP","floor":24.0},{"not_picked":["Searing Blow","Iron Wave"],"picked":"Warcry","floor":30.0},{"not_picked":["Clothesline+1","Evolve","Thunderclap"],"picked":"SKIP","floor":31.0},{"not_picked":["Bludgeon","Berserk"],"picked":"Impervious","floor":33.0},{"not_picked":["Sword Boomerang+1","Pommel Strike","Headbutt"],"picked":"SKIP","floor":35.0}],"player_experience":340782,"relics_obtained":[],"event_choices":[{"damage_healed":0.0,"max_hp_gain":0.0,"max_hp_loss":0.0,"gold_gain":0.0,"event_name":"Golden Idol","player_choice":"Ignored","floor":2.0,"gold_loss":0.0,"damage_taken":0.0},{"damage_healed":0.0,"max_hp_gain":0.0,"max_hp_loss":0.0,"gold_gain":0.0,"event_name":"Shining Light","player_choice":"Entered Light","floor":3.0,"gold_loss":0.0,"damage_taken":16.0,"cards_upgraded":["Strike_R","Demon Form"]},{"damage_healed":0.0,"max_hp_gain":0.0,"max_hp_loss":0.0,"gold_gain":0.0,"event_name":"Accursed Blacksmith","player_choice":"Forge","floor":7.0,"gold_loss":0.0,"damage_taken":0.0,"cards_upgraded":["Anger"]},{"damage_healed":0.0,"max_hp_gain":0.0,"max_hp_loss":0.0,"gold_gain":0.0,"event_name":"The Mausoleum","player_choice":"Ignored","floor":22.0,"gold_loss":0.0,"damage_taken":0.0},{"damage_healed":0.0,"max_hp_gain":0.0,"max_hp_loss":24.0,"gold_gain":0.0,"event_name":"Vampires","player_choice":"Became a vampire","floor":27.0,"gold_loss":0.0,"damage_taken":0.0,"cards_obtained":["Bite","Bite","Bite","Bite","Bite"]},{"damage_healed":0.0,"max_hp_gain":0.0,"max_hp_loss":0.0,"gold_gain":0.0,"event_name":"Colosseum","player_choice":"Fight","floor":28.0,"gold_loss":0.0,"damage_taken":0.0},{"damage_healed":0.0,"max_hp_gain":0.0,"max_hp_loss":0.0,"gold_gain":0.0,"event_name":"Colosseum","player_choice":"Fled From Nobs","floor":28.0,"gold_loss":0.0,"damage_taken":0.0}],"is_beta":false,"boss_relics":[{"not_picked":["Calling Bell","Snecko Eye","Tiny House"]},{"not_picked":["Calling Bell","Snecko Eye","Tiny House"]}],"items_purged_floors":[20],"is_endless":false,"potions_floor_spawned":[4,10,19,24,28,31],"killed_by":"3 Shapes","ascension_level":0}}