{"host":"swphzoo6hmc78epl","time":1610508638,"event":{"mods":["BaseMod","Highlight Path","Minty Spire (QoL Compilation)","Quick Restart"],"gold_per_floor":[112,125,135,146,146,162,162,182,231,49,49,49,69,103,103,199,199,209,209,222,73,93,126,126,126,126],"floor_reached":25,"language":"ENG","playtime":1380,"items_purged":[],"score":236,"play_id":"a9c528b2-1772-45a7-a38d-2d6c6dedfbbb","local_time":"20210112223038","is_ascension_mode":true,"campfire_choices":[{"data":"Sweeping Beam","floor":7,"key":"SMITH"},{"data":"Mayhem","floor":15,"key":"SMITH"},{"floor":24,"key":"RECALL"}],"circlet_count":0,"master_deck":["Strike_B","Strike_B","Strike_B","Defend_B","Defend_B+1","Defend_B","Defend_B+1","Zap","Dualcast","Sweeping Beam+1","Rebound","Cold Snap","Cold Snap","Melter","Coolheaded","Mayhem+1","Barrage","Multi-Cast","Buffer","Chaos","Defragment","Streamline+1","Self Repair","Fusion+1"],"relics":["Cracked Core","NeowsBlessing","Strawberry","War Paint","Black Star","Bronze Scales","Pantograph","Dream Catcher"],"acts_visited":["Exordium","TheCity"],"potions_floor_usage":[13,18,23,25],"damage_taken":[{"damage":0,"enemies":"2 Louse","floor":1,"turns":1},{"damage":0,"enemies":"Jaw Worm","floor":2,"turns":1},{"damage":0,"enemies":"Small Slimes","floor":3,"turns":1},{"damage":5,"enemies":"Blue Slaver","floor":4,"turns":4},{"damage":7,"enemies":"2 Fungi Beasts","floor":6,"turns":3},{"damage":4,"enemies":"Looter","floor":8,"turns":3},{"damage":5,"enemies":"3 Louse","floor":13,"turns":2},{"damage":22,"enemies":"3 Sentries","floor":14,"turns":6},{"damage":25,"enemies":"The Guardian","floor":16,"turns":12},{"damage":20,"enemies":"2 Thieves","floor":18,"turns":4},{"damage":18,"enemies":"3 Byrds","floor":20,"turns":4},{"damage":26,"enemies":"Snake Plant","floor":22,"turns":3},{"damage":21,"enemies":"Book of Stabbing","floor":23,"turns":5},{"damage":20,"enemies":"Slavers","floor":25,"turns":1}],"seed_played":"-9216409496449733500","potions_obtained":[{"floor":2,"key":"EssenceOfSteel"},{"floor":4,"key":"LiquidBronze"},{"floor":13,"key":"DuplicationPotion"},{"floor":16,"key":"FearPotion"},{"floor":22,"key":"Fire Potion"}],"is_trial":false,"path_per_floor":["M","M","M","M","?","M","R","M","T","$","?","$","M","E","R","B",null,"M","?","M","$","M","E","R","E"],"character_chosen":"DEFECT","items_purchased":["Mayhem","Bronze Scales"],"campfire_rested":0,"item_purchase_floors":[10,21],"current_hp_per_floor":[75,75,75,70,63,56,56,52,59,59,64,64,59,37,37,12,87,67,67,49,49,23,9,9,0,0],"gold":126,"neow_bonus":"THREE_ENEMY_KILL","is_daily":false,"chose_seed":false,"campfire_upgraded":2,"win_rate":0.0,"timestamp":1610508638,"path_taken":["M","M","M","M","?","M","R","M","T","?","?","$","M","E","R","BOSS","M","?","M","$","M","E","R","E"],"items_purchased_type":["Card","Relic"],"build_version":"2020-12-22","purchased_purges":0,"victory":false,"max_hp_per_floor":[75,75,75,75,75,75,75,75,82,82,87,87,87,87,87,87,87,87,87,87,87,87,87,87,87,87],"card_choices":[{"not_picked":["Gash","Redo"],"picked":"Sweeping Beam","floor":1},{"not_picked":["Steam","Stack"],"picked":"Rebound","floor":2},{"not_picked":["White Noise","Storm"],"picked":"Cold Snap","floor":3},{"not_picked":["Reprogram","Thunder Strike"],"picked":"Cold Snap","floor":4},{"not_picked":["Ball Lightning","Recycle"],"picked":"Melter","floor":6},{"not_picked":["Sweeping Beam","Beam Cell"],"picked":"Coolheaded","floor":8},{"not_picked":["Hello World","Tempest"],"picked":"Barrage","floor":13},{"not_picked":["Conserve Battery","Double Energy"],"picked":"Multi-Cast","floor":14},{"not_picked":["Hyperbeam","Reboot"],"picked":"Buffer","floor":16},{"not_picked":["Beam Cell","FTL"],"picked":"Chaos","floor":18},{"not_picked":["Barrage","Reinforced Body"],"picked":"Streamline+1","floor":20},{"not_picked":["Stack","Sweeping Beam+1"],"picked":"Self Repair","floor":22},{"not_picked":["Hologram","Go for the Eyes"],"picked":"Fusion+1","floor":23}],"player_experience":759650,"relics_obtained":[{"floor":9,"key":"Strawberry"},{"floor":14,"key":"War Paint"},{"floor":23,"key":"Pantograph"},{"floor":23,"key":"Dream Catcher"}],"event_choices":[{"cards_removed":["Strike_B"],"damage_healed":0,"gold_gain":0,"player_choice":"Card Removal","damage_taken":7,"max_hp_gain":0,"max_hp_loss":0,"event_name":"Golden Wing","floor":5,"gold_loss":0},{"damage_healed":0,"gold_gain":0,"player_choice":"Donut","damage_taken":0,"max_hp_gain":5,"max_hp_loss":0,"event_name":"Big Fish","floor":11,"gold_loss":0},{"damage_healed":0,"gold_gain":0,"player_choice":"Read","damage_taken":0,"max_hp_gain":0,"max_hp_loss":0,"event_name":"The Library","floor":19,"gold_loss":0,"cards_obtained":["Defragment"]}],"is_beta":false,"boss_relics":[{"not_picked":["Coffee Dripper","Velvet Choker"],"picked":"Black Star"}],"items_purged_floors":[],"is_endless":false,"potions_floor_spawned":[2,4,13,16,22],"killed_by":"Slavers","ascension_level":1}}