{"host":"tmzq6unyecs2p367","time":1610573963,"event":{"mods":["BaseMod","Koishi","Minty Spire (QoL Compilation)","StSLib","The Bug Knight","The Dragon Tamer","The Juggle","The Senshi"],"gold_per_floor":[115,290,290,309,326,326,22,39,65,65,135,135,260,292,292,395,395,405,380,430,512,121,121,149,169,194,207,207,242,308,321,321,321,321,321],"floor_reached":33,"language":"ENG","playtime":1707,"items_purged":["Doubt","DTMod:Strike"],"score":427,"play_id":"8e4b997d-5c83-4bee-b1c4-6fc16a39205a","local_time":"20210113223923","is_ascension_mode":true,"metric_token":531,"campfire_choices":[{"data":"DTMod:DoubleHit","floor":6,"key":"SMITH"},{"data":"DTMod:Dissolve","floor":10,"key":"SMITH"},{"data":"DTMod:HeadStart","floor":12,"key":"SMITH"},{"data":"DTMod:Training","floor":15,"key":"SMITH"},{"data":"DTMod:ShadowImage","floor":23,"key":"SMITH"},{"data":"DTMod:SwitchingTactic","floor":28,"key":"SMITH"},{"data":"DTMod:WarmUp","floor":32,"key":"SMITH"}],"dtmod_dragon_data":[0,56,0,-1,0,0],"circlet_count":0,"master_deck":["DTMod:Strike","DTMod:Strike","DTMod:Strike","DTMod:DoubleHit+1","DTMod:TargetDefense","DTMod:TargetDefense","DTMod:TargetDefense","DTMod:SwitchingTactic+1","DTMod:BreakAttack","DTMod:Dissolve+1","DTMod:StarRain","DTMod:HeadStart+1","DTMod:Training+1","DTMod:ShadowImage+1","DTMod:DragonDance","DTMod:Overwhelm","Thinking Ahead","DTMod:SneakAttack","DTMod:Outburst","DTMod:WarmUp+1"],"relics":["DTMod:PactStone","SsserpentHead","Membership Card","Boot","Art of War","Ancient Tea Set","Sozu","Red Mask","Eternal Feather","HollowMod:LifeEnderRelic","Ginger","Omamori","Strawberry"],"acts_visited":["Exordium","TheCity"],"potions_floor_usage":[14,16,16,18],"damage_taken":[{"damage":0,"enemies":"2 Louse","floor":1,"turns":3},{"damage":2,"enemies":"Cultist","floor":4,"turns":6},{"damage":0,"enemies":"Jaw Worm","floor":5,"turns":6},{"damage":7,"enemies":"3 Louse","floor":8,"turns":4},{"damage":3,"enemies":"Large Slime","floor":11,"turns":5},{"damage":0,"enemies":"Gremlin Nob","floor":14,"turns":3},{"damage":9,"enemies":"Hexaghost","floor":16,"turns":10},{"damage":0,"enemies":"3 Byrds","floor":18,"turns":3},{"damage":0,"enemies":"Masked Bandits","floor":21,"turns":5},{"damage":10,"enemies":"Slavers","floor":24,"turns":9},{"damage":0,"enemies":"2 Thieves","floor":25,"turns":4},{"damage":0,"enemies":"Centurion and Healer","floor":27,"turns":6},{"damage":0,"enemies":"HollowMod:Nosk","floor":29,"turns":6},{"damage":1,"enemies":"Cultist and Chosen","floor":30,"turns":6},{"damage":10,"enemies":"Snake Plant","floor":31,"turns":4},{"damage":75,"enemies":"Collector","floor":33,"turns":11}],"seed_played":"1788165359829967090","potions_obtained":[{"floor":1,"key":"Weak Potion"},{"floor":4,"key":"FearPotion"},{"floor":11,"key":"AttackPotion"},{"floor":16,"key":"LiquidBronze"}],"is_trial":false,"path_per_floor":["M","?","?","M","M","R","$","M","T","R","M","R","?","E","R","B",null,"M","?","?","?","$","R","E","M","T","M","R","E","M","M","R","B"],"character_chosen":"THE_DT","items_purchased":["Membership Card","DTMod:Dissolve","Boot","Eternal Feather","HollowMod:LifeEnderRelic","Thinking Ahead"],"campfire_rested":0,"item_purchase_floors":[7,7,7,22,22,22],"current_hp_per_floor":[49,49,49,47,47,47,47,40,40,40,37,37,26,26,26,17,49,49,49,49,49,49,49,39,39,39,39,48,55,54,44,56,0,0,0],"gold":321,"neow_bonus":"TEN_PERCENT_HP_BONUS","is_daily":false,"chose_seed":false,"campfire_upgraded":7,"win_rate":0.0,"timestamp":1610573963,"path_taken":["M","?","?","M","M","R","$","M","T","R","?","R","?","E","R","BOSS","M","?","?","?","$","R","E","M","T","M","R","E","?","M","R","BOSS"],"items_purchased_type":["Relic","Card","Relic","Relic","Relic","Card"],"build_version":"2020-12-22","purchased_purges":2,"victory":false,"max_hp_per_floor":[49,49,49,49,49,49,49,49,49,49,49,49,49,49,49,49,49,49,49,49,49,49,49,49,49,49,49,49,56,56,56,56,56,56,56],"card_choices":[{"not_picked":["DTMod:CalculatedDefense","DTMod:HeatWave","DTMod:Conduct"],"picked":"SKIP","floor":1},{"not_picked":["DTMod:Hide","DTMod:MasterPlan","DTMod:Cover"],"picked":"SKIP","floor":4},{"not_picked":["DTMod:BurningEnergy","DTMod:ForkedFire"],"picked":"DTMod:BreakAttack","floor":5},{"not_picked":["DTMod:Coolant","DTMod:QuickFly"],"picked":"DTMod:StarRain","floor":8},{"not_picked":["DTMod:PurifyingFlame","DTMod:FlameSlash"],"picked":"DTMod:HeadStart","floor":11},{"not_picked":["DTMod:CleansingStrike","DTMod:QuickFly"],"picked":"DTMod:Training","floor":14},{"not_picked":["DTMod:TriAttack","DTMod:SealedStrike"],"picked":"DTMod:ShadowImage","floor":16},{"not_picked":["DTMod:QuickFly+1","DTMod:Cover+1"],"picked":"DTMod:DragonDance","floor":18},{"not_picked":["DTMod:TagTeam","DTMod:Feint"],"picked":"DTMod:Overwhelm","floor":21},{"not_picked":["DTMod:BuildUp","DTMod:Cover","DTMod:FlameSlash"],"picked":"SKIP","floor":24},{"not_picked":["DTMod:QuickFly","DTMod:ForkedFire","DTMod:BlazingStrike+1"],"picked":"SKIP","floor":25},{"not_picked":["DTMod:Feint","DTMod:MasterPlan","DTMod:RecklessFlurry"],"picked":"SKIP","floor":27},{"not_picked":["DTMod:GhostSkin+1","DTMod:LowKick"],"picked":"DTMod:SneakAttack","floor":29},{"not_picked":["DTMod:Feint","DTMod:Overwhelm"],"picked":"DTMod:Outburst","floor":30},{"not_picked":["DTMod:TauntingStrike","DTMod:BuildUp+1"],"picked":"DTMod:WarmUp","floor":31}],"player_experience":1839802,"relics_obtained":[{"floor":9,"key":"Art of War"},{"floor":14,"key":"Ancient Tea Set"},{"floor":21,"key":"Red Mask"},{"floor":24,"key":"Ginger"},{"floor":26,"key":"Omamori"},{"floor":29,"key":"Strawberry"}],"event_choices":[{"damage_healed":0,"gold_gain":175,"player_choice":"AGREE","damage_taken":0,"max_hp_gain":0,"max_hp_loss":0,"event_name":"Liars Game","floor":2,"gold_loss":0,"cards_obtained":["Doubt"]},{"damage_healed":0,"gold_gain":0,"player_choice":"Trade","damage_taken":0,"relics_obtained":["SsserpentHead"],"max_hp_gain":0,"max_hp_loss":0,"event_name":"FaceTrader","floor":3,"gold_loss":0},{"damage_healed":0,"gold_gain":75,"player_choice":"Gather Gold","damage_taken":11,"max_hp_gain":0,"max_hp_loss":0,"event_name":"World of Goop","floor":13,"gold_loss":0},{"cards_removed":["DTMod:TargetDefense"],"damage_healed":0,"gold_gain":0,"player_choice":"Gave Gold","damage_taken":0,"max_hp_gain":0,"max_hp_loss":0,"event_name":"Beggar","floor":19,"gold_loss":75},{"damage_healed":0,"gold_gain":0,"player_choice":"Ignored","damage_taken":0,"max_hp_gain":0,"max_hp_loss":0,"event_name":"Vampires","floor":20,"gold_loss":0},{"damage_healed":0,"gold_gain":0,"player_choice":"Fought Bandits","damage_taken":0,"max_hp_gain":0,"max_hp_loss":0,"event_name":"Masked Bandits","floor":21,"gold_loss":0}],"is_beta":false,"boss_relics":[{"not_picked":["Snecko Eye","Philosopher\u0027s Stone"],"picked":"Sozu"}],"items_purged_floors":[7,22],"is_endless":false,"potions_floor_spawned":[1,4,11,16,21,29,31],"killed_by":"Collector","ascension_level":4}}