{"host":"b7j598ve05halrwk","time":1610523558,"event":{"mods":["2.2 Compatiblity","BaseMod","Block Reminder","DeckTracker","Minty Spire (QoL Compilation)","Relic Stats","Slay the Relics Exporter","StSLib","ojb\u0027s Better Paths Mod","ojb\u0027s Info Mod"],"gold_per_floor":[117,117,35,52,17,50,125,144,144,176,176,211,50,63,63,134,134,150,165,165,165,184,198,43,43,43,69,69,89,115,128,128,128,128],"floor_reached":33,"language":"ENG","playtime":1525,"items_purged":["Strike_B","Decay"],"score":864,"play_id":"87c5b180-ee8f-49b7-a22b-45a81d263cf4","local_time":"20210113023918","is_ascension_mode":true,"campfire_choices":[{"data":"Ball Lightning","floor":11.0,"key":"SMITH"},{"data":"Electrodynamics","floor":15.0,"key":"SMITH"},{"floor":25,"key":"REST"},{"data":"Seek","floor":32,"key":"SMITH"}],"circlet_count":0,"master_deck":["AscendersBane","Strike_B","Strike_B","Defend_B","Defend_B","Defend_B","Defend_B","Zap","Dualcast","Ball Lightning+1","Leap","Rebound","Compile Driver","Undo","White Noise","Electrodynamics+1","Capacitor","Amplify","BootSequence","Rebound+1","Cold Snap","FTL+1","Conserve Battery","Seek+1","Glacier"],"relics":["Cracked Core","NeowsBlessing","Bottled Flame","Blood Vial","PreservedInsect","Darkstone Periapt","Cursed Key","Cables","HornCleat","Frozen Egg 2"],"acts_visited":["Exordium","TheCity"],"potions_floor_usage":[18,20,23],"damage_taken":[{"damage":0.0,"enemies":"Jaw Worm","floor":1.0,"turns":1.0},{"damage":0.0,"enemies":"Cultist","floor":4.0,"turns":1.0},{"damage":0.0,"enemies":"Lagavulin","floor":6.0,"turns":1.0},{"damage":1.0,"enemies":"Small Slimes","floor":8.0,"turns":3.0},{"damage":19.0,"enemies":"3 Sentries","floor":10.0,"turns":6.0},{"damage":6.0,"enemies":"Gremlin Nob","floor":12.0,"turns":3.0},{"damage":4.0,"enemies":"3 Louse","floor":14.0,"turns":2.0},{"damage":0.0,"enemies":"Slime Boss","floor":16.0,"turns":6.0},{"damage":11,"enemies":"Shell Parasite","floor":18,"turns":3},{"damage":10,"enemies":"Spheric Guardian","floor":19,"turns":4},{"damage":0,"enemies":"3 Cultists","floor":20,"turns":3},{"damage":31,"enemies":"Snecko","floor":22,"turns":6},{"damage":0,"enemies":"Centurion and Healer","floor":23,"turns":4},{"damage":0,"enemies":"Slavers","floor":27,"turns":1},{"damage":3,"enemies":"Snake Plant","floor":29,"turns":4},{"damage":0,"enemies":"Gremlin Leader","floor":30,"turns":3},{"damage":0,"enemies":"Sentry and Sphere","floor":31,"turns":3},{"damage":64,"enemies":"Champ","floor":33,"turns":17}],"seed_played":"716059428557294760","potions_obtained":[{"floor":8.0,"key":"Weak Potion"},{"floor":12.0,"key":"PowerPotion"},{"floor":14.0,"key":"AttackPotion"},{"floor":16.0,"key":"DistilledChaos"},{"floor":18,"key":"SmokeBomb"},{"floor":29,"key":"Fire Potion"}],"is_trial":false,"path_per_floor":["M","?","$","M","?","E","?","M","T","E","R","E","$","M","R","B",null,"M","M","M","?","M","M","$","R","T","E","?","M","E","M","R","B"],"character_chosen":"DEFECT","items_purchased":["Leap","Rebound","Capacitor","Fire Potion"],"campfire_rested":1,"item_purchase_floors":[3,3,13,24],"current_hp_per_floor":[64,64,64,64,71,71,60,59,59,42,42,38,38,36,36,38,63,54,46,48,54,25,27,27,50,56,58,58,57,59,61,61,0,0],"gold":128,"neow_bonus":"THREE_ENEMY_KILL","is_daily":false,"chose_seed":false,"campfire_upgraded":3,"win_rate":0.0,"timestamp":1610523558,"path_taken":["M","?","?","?","?","E","?","M","T","E","R","E","$","M","R","BOSS","M","M","M","?","?","M","?","R","T","E","?","M","E","?","R","BOSS"],"items_purchased_type":["Card","Card","Card","Potion"],"build_version":"2020-12-22","purchased_purges":2,"victory":false,"max_hp_per_floor":[71,71,71,71,71,71,71,71,71,71,71,71,71,71,71,71,71,71,71,71,77,77,77,77,77,83,83,83,83,83,83,83,83,83],"relic_stats":{"Blood Vial":28,"Darkstone Periapt":12,"counters":[18,71],"PreservedInsect":113,"Cursed Key":1,"obtain_stats":[{"Blood Vial":9,"Darkstone Periapt":12,"Bottled Flame":6,"HornCleat":27,"NeowsBlessing":0,"PreservedInsect":10,"Frozen Egg 2":30,"Cracked Core":0,"Cursed Key":17,"Cables":26},{"Blood Vial":4,"Darkstone Periapt":6,"Bottled Flame":3,"HornCleat":14,"NeowsBlessing":0,"PreservedInsect":5,"Frozen Egg 2":16,"Cracked Core":0,"Cursed Key":8,"Cables":13},{"Blood Vial":6,"Darkstone Periapt":15,"Bottled Flame":3,"HornCleat":44,"NeowsBlessing":0,"PreservedInsect":12,"Frozen Egg 2":51,"Cracked Core":0,"Cursed Key":23,"Cables":43}],"Cables":[24,17,7,0,0]},"card_choices":[{"not_picked":["Stack","Turbo"],"picked":"Ball Lightning","floor":1.0},{"not_picked":["Consume","Streamline"],"picked":"Compile Driver","floor":4.0},{"not_picked":["Leap","Streamline"],"picked":"Undo","floor":6.0},{"not_picked":["Sweeping Beam","Gash"],"picked":"White Noise","floor":8.0},{"not_picked":["Gash","Compile Driver","Stack"],"picked":"SKIP","floor":10.0},{"not_picked":["Aggregate","Stack"],"picked":"Electrodynamics","floor":12.0},{"not_picked":["Turbo","Stack","Rebound"],"picked":"SKIP","floor":14.0},{"not_picked":["Rainbow","Creative AI"],"picked":"Amplify","floor":16.0},{"not_picked":["Barrage","Sweeping Beam","Compile Driver"],"picked":"SKIP","floor":18},{"not_picked":["Chaos","Redo"],"picked":"BootSequence","floor":19},{"not_picked":["Beam Cell","Steam"],"picked":"Rebound+1","floor":22},{"not_picked":["Streamline+1","Stack"],"picked":"Cold Snap","floor":23},{"not_picked":["Double Energy","Static Discharge"],"picked":"FTL+1","floor":27},{"not_picked":["Sweeping Beam","Ball Lightning"],"picked":"Conserve Battery","floor":29},{"not_picked":["Multi-Cast","Beam Cell"],"picked":"Seek","floor":30},{"not_picked":["Sweeping Beam+1","Gash+1"],"picked":"Glacier","floor":31}],"player_experience":939617,"relics_obtained":[{"floor":6.0,"key":"Bottled Flame"},{"floor":9.0,"key":"Blood Vial"},{"floor":10.0,"key":"PreservedInsect"},{"floor":12.0,"key":"Darkstone Periapt"},{"floor":26,"key":"Cables"},{"floor":27,"key":"HornCleat"},{"floor":30,"key":"Frozen Egg 2"}],"event_choices":[{"cards_removed":["Strike_B"],"damage_healed":0.0,"max_hp_gain":0.0,"max_hp_loss":0.0,"gold_gain":0.0,"event_name":"Purifier","player_choice":"Purged","floor":2.0,"gold_loss":0.0,"damage_taken":0.0},{"damage_healed":17.0,"max_hp_gain":0.0,"max_hp_loss":0.0,"gold_gain":0.0,"event_name":"The Cleric","player_choice":"Healed","floor":5.0,"gold_loss":35.0,"damage_taken":0.0},{"damage_healed":0.0,"max_hp_gain":0.0,"max_hp_loss":0.0,"gold_gain":75.0,"event_name":"World of Goop","player_choice":"Gather Gold","floor":7.0,"gold_loss":0.0,"damage_taken":11.0},{"damage_healed":0,"gold_gain":0,"player_choice":"Cursed","damage_taken":0,"max_hp_gain":0,"max_hp_loss":0,"event_name":"Wheel of Change","floor":21,"gold_loss":0,"cards_obtained":["Decay"]},{"cards_removed":["Shame"],"damage_healed":0,"gold_gain":0,"player_choice":"Elegance","damage_taken":0,"max_hp_gain":0,"max_hp_loss":0,"event_name":"Back to Basics","floor":28,"gold_loss":0}],"is_beta":false,"boss_relics":[{"not_picked":["Philosopher\u0027s Stone","Velvet Choker"],"picked":"Cursed Key"}],"items_purged_floors":[13,24],"is_endless":false,"potions_floor_spawned":[8,12,14,16,18,20,29],"killed_by":"Champ","ascension_level":20}}