{"host":"k85tjwrh7mjrrc9a","time":1610562769,"event":{"mods":["AchievementEnabler","BaseMod","Colored Powertips","Highlight Path","Minty Spire (QoL Compilation)","Rare Cards Sparkle","StSLib"],"gold_per_floor":[117,132,57,72,87,87,103,103,103,129,149,166,241,79,79,184,184,200,200,200,212,226,226,237,237,311,325,148,148,148],"floor_reached":29,"language":"ENG","playtime":1171,"items_purged":["Pain","Strike_R"],"score":344,"play_id":"9387e318-63b4-412e-8cde-174a9d3d18e1","local_time":"20210113133249","is_ascension_mode":true,"campfire_choices":[{"floor":6,"key":"DIG"},{"data":"Pommel Strike","floor":8,"key":"SMITH"},{"floor":15,"key":"REST"},{"floor":23,"key":"REST"}],"circlet_count":0,"master_deck":["AscendersBane","Strike_R","Strike_R","Strike_R","Strike_R","Defend_R","Defend_R","Defend_R","Defend_R","Bash","Heavy Blade","Pommel Strike+1","Rampage","Iron Wave","Shrug It Off","Demon Form","Double Tap","RitualDagger","Cleave","True Grit+1","Shrug It Off"],"relics":["Burning Blood","Shovel","Red Skull","Orichalcum","Matryoshka","Velvet Choker","Darkstone Periapt","Calipers","Molten Egg 2","White Beast Statue"],"acts_visited":["Exordium","TheCity"],"potions_floor_usage":[7,21,21,27,29,29,29],"damage_taken":[{"damage":11,"enemies":"Cultist","floor":1,"turns":3},{"damage":5,"enemies":"2 Louse","floor":2,"turns":5},{"damage":9,"enemies":"Jaw Worm","floor":4,"turns":5},{"damage":14,"enemies":"Blue Slaver","floor":5,"turns":4},{"damage":10,"enemies":"Exordium Thugs","floor":7,"turns":5},{"damage":29,"enemies":"Lagavulin","floor":10,"turns":5},{"damage":8,"enemies":"Red Slaver","floor":11,"turns":3},{"damage":7,"enemies":"3 Louse","floor":12,"turns":4},{"damage":32,"enemies":"Slime Boss","floor":16,"turns":5},{"damage":9,"enemies":"Chosen","floor":18,"turns":4},{"damage":23,"enemies":"Shell Parasite","floor":21,"turns":4},{"damage":21,"enemies":"Chosen and Byrds","floor":22,"turns":5},{"damage":48,"enemies":"Shelled Parasite and Fungi","floor":24,"turns":5},{"damage":13,"enemies":"Sentry and Sphere","floor":27,"turns":4},{"damage":49,"enemies":"Slavers","floor":29,"turns":4}],"seed_played":"7993391432524477005","potions_obtained":[{"floor":7,"key":"Fruit Juice"},{"floor":10,"key":"SpeedPotion"},{"floor":12,"key":"Block Potion"},{"floor":16,"key":"CultistPotion"},{"floor":22,"key":"FairyPotion"},{"floor":24,"key":"FearPotion"},{"floor":27,"key":"SteroidPotion"}],"is_trial":false,"path_per_floor":["M","M","$","M","M","R","M","R","T","E","M","M","?","$","R","B",null,"M","?","?","M","M","R","M","T","T","M","$","E"],"character_chosen":"IRONCLAD","items_purchased":["Demon Form","Regen Potion"],"campfire_rested":2,"item_purchase_floors":[14,28],"current_hp_per_floor":[67,68,68,65,57,57,58,58,58,35,33,32,21,21,46,20,69,66,60,60,43,28,53,11,11,11,31,31,0,0],"gold":148,"neow_bonus":"ONE_RARE_RELIC","is_daily":false,"chose_seed":false,"campfire_upgraded":1,"win_rate":0.0,"timestamp":1610562769,"path_taken":["M","?","$","M","M","R","M","R","T","E","M","M","?","$","R","BOSS","M","?","?","?","M","R","M","?","T","M","$","E"],"items_purchased_type":["Card","Potion"],"build_version":"2020-12-22","purchased_purges":2,"victory":false,"max_hp_per_floor":[80,80,80,80,80,80,85,85,85,85,85,85,85,85,85,85,85,85,85,85,85,85,85,85,85,85,85,85,85,85],"card_choices":[{"not_picked":["Warcry","Clash","Dark Embrace"],"picked":"SKIP","floor":1},{"not_picked":["Anger","Havoc"],"picked":"Heavy Blade","floor":2},{"not_picked":["Heavy Blade","Body Slam"],"picked":"Pommel Strike","floor":4},{"not_picked":["Clash","Warcry","Power Through"],"picked":"SKIP","floor":5},{"not_picked":["Blood for Blood","Offering"],"picked":"Rampage","floor":7},{"not_picked":["Infernal Blade","Power Through"],"picked":"Iron Wave","floor":10},{"not_picked":["Fire Breathing","Warcry","Thunderclap"],"picked":"SKIP","floor":11},{"not_picked":["Twin Strike","Thunderclap"],"picked":"Shrug It Off","floor":12},{"not_picked":["Demon Form","Limit Break"],"picked":"Double Tap","floor":16},{"not_picked":["Rage+1","Sentinel","Warcry"],"picked":"SKIP","floor":18},{"not_picked":["Flex","Warcry"],"picked":"True Grit+1","floor":21},{"not_picked":["Intimidate","Clash","Spot Weakness"],"picked":"SKIP","floor":22},{"not_picked":["Clash","Havoc"],"picked":"Shrug It Off","floor":24},{"not_picked":["Sentinel","Clash+1","Sword Boomerang+1"],"picked":"SKIP","floor":27},{"not_picked":["Sentinel","Clash+1","Sword Boomerang+1"],"picked":"SKIP","floor":27}],"player_experience":187156,"relics_obtained":[{"floor":6,"key":"Red Skull"},{"floor":9,"key":"Orichalcum"},{"floor":10,"key":"Matryoshka"},{"floor":25,"key":"Darkstone Periapt"},{"floor":25,"key":"Calipers"},{"floor":26,"key":"Molten Egg 2"},{"floor":26,"key":"White Beast Statue"}],"event_choices":[{"damage_healed":0,"gold_gain":75,"player_choice":"Gather Gold","damage_taken":11,"max_hp_gain":0,"max_hp_loss":0,"event_name":"World of Goop","floor":13,"gold_loss":0},{"damage_healed":0,"gold_gain":0,"player_choice":"Joined the Cult","damage_taken":6,"max_hp_gain":0,"max_hp_loss":0,"event_name":"Nest","floor":19,"gold_loss":0,"cards_obtained":["RitualDagger"]},{"damage_healed":0,"gold_gain":0,"player_choice":"Read","damage_taken":0,"max_hp_gain":0,"max_hp_loss":0,"event_name":"The Library","floor":20,"gold_loss":0,"cards_obtained":["Cleave"]}],"is_beta":false,"boss_relics":[{"not_picked":["Runic Cube","Calling Bell"],"picked":"Velvet Choker"}],"items_purged_floors":[3,28],"is_endless":false,"potions_floor_spawned":[7,10,12,16,22,24,27],"killed_by":"Slavers","ascension_level":10}}