{"host":"kn32u0f2pym5bozc","time":1610522766,"event":{"mods":["2.2 Compatiblity","BaseMod","Better Third Choice","Downfall","Minty Spire (QoL Compilation)","Permanent Neow","Relic Stats","StSLib","The Animator","The Marked"],"gold_per_floor":[10,10,10,26,44,78,92,112,190,190,525,525,536,549,549,651,651,664,676,369,385,396,429,429,429,500,322,341,351,351,363,363,458,458,476,446,464,480,500,500,500],"floor_reached":40,"language":"ENG","playtime":2868,"items_purged":["theMarked:Strike","theMarked:Strike"],"score":476,"play_id":"7bcc3e3b-c041-4d08-8c04-75ff4c510023","local_time":"20210113022606","is_ascension_mode":false,"campfire_choices":[{"data":"theMarked:Convert","floor":12.0,"key":"SMITH"},{"data":"theMarked:Reabsorb","floor":15.0,"key":"SMITH"},{"data":"theMarked:SummonStrength","floor":25.0,"key":"SMITH"},{"data":"theMarked:MysticalArsenal","floor":30.0,"key":"SMITH"},{"data":"theMarked:WardOff","floor":32.0,"key":"SMITH"}],"circlet_count":0,"master_deck":["theMarked:Strike","theMarked:Defend","theMarked:Defend","theMarked:Defend","theMarked:Defend","theMarked:SoldierOfQuellstein+1","theMarked:ElectricStrings","theMarked:Overthink","theMarked:Static","theMarked:Parkour","theMarked:BanishingWave","theMarked:RepellingDischarge","theMarked:Convert+1","theMarked:TwofoldDefense","theMarked:Reabsorb+1","theMarked:SummonStrength+1","theMarked:Panic","theMarked:AttractMetal+1","theMarked:Overcharge","theMarked:WastefulDefense","theMarked:WastefulDefense","theMarked:EmpowerWeapon","theMarked:MysticalArsenal+1","theMarked:ElementalBlade","theMarked:WardOff+1","theMarked:Static","theMarked:EternalStudent","theMarked:HeritageOfTheMarked+1","theMarked:RepellingDischarge","theMarked:MagicAdept"],"relics":["theMarked:ArtifactOfAir","Turnip","Mummified Hand","Pantograph","Old Coin","Coffee Dripper","Boot","Tiny Chest","Pear","Empty Cage"],"acts_visited":["Exordium","TheCity","TheBeyond"],"potions_floor_usage":[40],"damage_taken":[{"damage":2.0,"enemies":"Small Slimes","floor":1.0,"turns":4.0},{"damage":2.0,"enemies":"2 Louse","floor":4.0,"turns":4.0},{"damage":1.0,"enemies":"Cultist","floor":5.0,"turns":4.0},{"damage":19.0,"enemies":"Gremlin Nob","floor":6.0,"turns":4.0},{"damage":5.0,"enemies":"Looter","floor":7.0,"turns":3.0},{"damage":1.0,"enemies":"Exordium Thugs","floor":8.0,"turns":5.0},{"damage":9.0,"enemies":"3 Sentries","floor":11.0,"turns":3.0},{"damage":2.0,"enemies":"Blue Slaver","floor":13.0,"turns":4.0},{"damage":9.0,"enemies":"Gremlin Gang","floor":14.0,"turns":2.0},{"damage":42.0,"enemies":"Hexaghost","floor":16.0,"turns":11.0},{"damage":3.0,"enemies":"3 Byrds","floor":18.0,"turns":4.0},{"damage":15.0,"enemies":"2 Thieves","floor":19.0,"turns":3.0},{"damage":0.0,"enemies":"Sentry and Sphere","floor":21.0,"turns":3.0},{"damage":6.0,"enemies":"Centurion and Healer","floor":22.0,"turns":5.0},{"damage":22.0,"enemies":"Book of Stabbing","floor":23.0,"turns":7.0},{"damage":11.0,"enemies":"Snecko","floor":28.0,"turns":6.0},{"damage":0.0,"enemies":"Sentry and Sphere","floor":29.0,"turns":3.0},{"damage":2.0,"enemies":"Snake Plant","floor":31.0,"turns":4.0},{"damage":31.0,"enemies":"Automaton","floor":33.0,"turns":9.0},{"damage":50.0,"enemies":"3 Darklings","floor":35.0,"turns":5.0},{"damage":5.0,"enemies":"3 Shapes","floor":37.0,"turns":4.0},{"damage":12.0,"enemies":"Maw","floor":38.0,"turns":5.0},{"damage":2.0,"enemies":"Spire Growth","floor":39.0,"turns":4.0},{"damage":32,"enemies":"Nemesis","floor":40,"turns":6}],"seed_played":"6258943147930462993","potions_obtained":[{"floor":6.0,"key":"theMarked:ChargePotion"},{"floor":8.0,"key":"ColorlessPotion"},{"floor":11.0,"key":"Regen Potion"},{"floor":14.0,"key":"FearPotion"},{"floor":19.0,"key":"Fruit Juice"},{"floor":21.0,"key":"DuplicationPotion"},{"floor":23.0,"key":"FearPotion"},{"floor":28.0,"key":"DistilledChaos"},{"floor":31.0,"key":"Strength Potion"},{"floor":36.0,"key":"theMarked:ChargePotion"},{"floor":36.0,"key":"Fruit Juice"},{"floor":37.0,"key":"Energy Potion"},{"floor":38.0,"key":"BlessingOfTheForge"}],"is_trial":false,"path_per_floor":["M","?","?","M","M","E","M","M","T","?","E","R","M","M","R","B",null,"M","M","$","M","M","E","?","R","T","$","M","M","R","M","R","B",null,"M","?","M","M","M","E"],"character_chosen":"THE_DEFAULT","items_purchased":["Boot","theMarked:Overcharge","theMarked:MysticalArsenal"],"campfire_rested":0,"item_purchase_floors":[20,20,27],"current_hp_per_floor":[68,68,68,66,65,46,41,40,40,63,54,54,52,43,43,26,70,67,57,57,57,51,29,29,29,39,39,42,42,42,40,40,34,85,35,40,35,23,21,0,0],"gold":500,"neow_bonus":"ONE_RARE_RELIC","is_daily":false,"chose_seed":false,"campfire_upgraded":5,"win_rate":0.0,"timestamp":1610522766,"path_taken":["M","?","?","?","M","E","M","M","T","?","E","R","M","M","R","BOSS","M","M","$","M","M","E","?","R","T","$","M","M","R","M","R","BOSS","M","?","?","M","M","E"],"items_purchased_type":["Relic","Card","Card"],"build_version":"2020-12-22","purchased_purges":2,"victory":false,"max_hp_per_floor":[70,70,70,70,70,70,70,70,70,70,70,70,70,70,70,70,70,70,75,75,75,75,75,75,75,85,85,85,85,85,85,85,85,85,85,90,90,90,90,90,90],"relic_stats":{"counters":[24,111],"Mummified Hand":[25],"Pantograph":50,"Tiny Chest":0,"Turnip":[34],"Boot":[13],"obtain_stats":[{"theMarked:ArtifactOfAir":0,"Pear":26,"Mummified Hand":6,"Pantograph":9,"Tiny Chest":23,"Turnip":0,"Coffee Dripper":17,"Boot":20,"Empty Cage":34,"Old Coin":11},{"theMarked:ArtifactOfAir":0,"Pear":15,"Mummified Hand":4,"Pantograph":6,"Tiny Chest":15,"Turnip":0,"Coffee Dripper":10,"Boot":12,"Empty Cage":19,"Old Coin":7},{"theMarked:ArtifactOfAir":0,"Pear":66,"Mummified Hand":16,"Pantograph":24,"Tiny Chest":66,"Turnip":0,"Coffee Dripper":44,"Boot":51,"Empty Cage":88,"Old Coin":27}]},"card_choices":[{"not_picked":["theMarked:Frustration","theMarked:RepellingDischarge"],"picked":"theMarked:ElectricStrings","floor":1.0},{"not_picked":["theMarked:PowerFlow","theMarked:ChainLightning"],"picked":"theMarked:Static","floor":4.0},{"not_picked":["theMarked:HeightenedSenses","theMarked:ChainLightning"],"picked":"theMarked:Parkour","floor":5.0},{"not_picked":["theMarked:HeightenedSenses","theMarked:MysticalArsenal"],"picked":"theMarked:BanishingWave","floor":6.0},{"not_picked":["theMarked:Seal","theMarked:Reabsorb"],"picked":"theMarked:RepellingDischarge","floor":7.0},{"not_picked":["theMarked:ContemptForTheProud","theMarked:SwordAndMagic"],"picked":"theMarked:Convert","floor":8.0},{"not_picked":["theMarked:Panic","theMarked:Parkour"],"picked":"theMarked:Frustration","floor":11.0},{"not_picked":["theMarked:TunnelVision","theMarked:Standoff"],"picked":"theMarked:TwofoldDefense","floor":13.0},{"not_picked":["theMarked:ComboAttacks","theMarked:LightningStrikesTwice"],"picked":"theMarked:Reabsorb","floor":14.0},{"not_picked":["theMarked:Defy","theMarked:Challenge"],"picked":"theMarked:SummonStrength","floor":16.0},{"not_picked":["theMarked:RepellingDischarge","theMarked:Aftermath"],"picked":"theMarked:Panic","floor":18.0},{"not_picked":["theMarked:CreepingChasm","theMarked:HeightenedSenses"],"picked":"theMarked:AttractMetal+1","floor":19.0},{"not_picked":["theMarked:Frustration+1","theMarked:RepellingDischarge"],"picked":"theMarked:WastefulDefense","floor":21.0},{"not_picked":["theMarked:HeightenedSenses","theMarked:ChainLightning"],"picked":"theMarked:WastefulDefense","floor":22.0},{"not_picked":["theMarked:Parkour","theMarked:Frustration+1"],"picked":"theMarked:EmpowerWeapon","floor":23.0},{"not_picked":["theMarked:Improvise","theMarked:Defy"],"picked":"theMarked:ElementalBlade","floor":28.0},{"not_picked":["theMarked:WastefulDefense","theMarked:Parkour"],"picked":"theMarked:WardOff","floor":29.0},{"not_picked":["theMarked:ElectricStrings+1","theMarked:Parry"],"picked":"theMarked:Static","floor":31.0},{"not_picked":["theMarked:SuspiciousRaven","theMarked:SummonStrength"],"picked":"theMarked:EternalStudent","floor":33.0},{"not_picked":["theMarked:HeightenedSenses","theMarked:TunnelVision+1"],"picked":"theMarked:HeritageOfTheMarked+1","floor":35.0},{"not_picked":["theMarked:TakeCover","theMarked:Static+1"],"picked":"theMarked:RepellingDischarge","floor":37.0},{"not_picked":["theMarked:Opportunist+1","theMarked:WastefulDefense+1"],"picked":"theMarked:MagicAdept","floor":38.0},{"not_picked":["theMarked:EmpowerWeapon","theMarked:WardOff","theMarked:ElectricStrings"],"picked":"SKIP","floor":39.0}],"player_experience":866168,"relics_obtained":[{"floor":6.0,"key":"Mummified Hand"},{"floor":9.0,"key":"Pantograph"},{"floor":11.0,"key":"Old Coin"},{"floor":23.0,"key":"Tiny Chest"},{"floor":26.0,"key":"Pear"}],"event_choices":[{"damage_healed":0.0,"max_hp_gain":0.0,"max_hp_loss":0.0,"gold_gain":0.0,"event_name":"Living Wall","player_choice":"Grow","floor":2.0,"gold_loss":0.0,"damage_taken":0.0,"cards_upgraded":["theMarked:SoldierOfQuellstein"]},{"damage_healed":0.0,"max_hp_gain":0.0,"max_hp_loss":0.0,"gold_gain":0.0,"cards_transformed":["theMarked:Strike"],"event_name":"Transmorgrifier","player_choice":"Transformed","floor":3.0,"gold_loss":0.0,"damage_taken":0.0,"cards_obtained":["theMarked:Overthink"]},{"damage_healed":23.0,"max_hp_gain":0.0,"max_hp_loss":0.0,"gold_gain":0.0,"event_name":"Big Fish","player_choice":"Banana","floor":10.0,"gold_loss":0.0,"damage_taken":0.0},{"damage_healed":0.0,"max_hp_gain":0.0,"max_hp_loss":0.0,"gold_gain":0.0,"event_name":"Vampires","player_choice":"Ignored","floor":24.0,"gold_loss":0.0,"damage_taken":0.0},{"damage_healed":0.0,"max_hp_gain":0.0,"max_hp_loss":0.0,"gold_gain":0.0,"event_name":"The Woman in Blue","player_choice":"Bought 2 Potions","floor":36.0,"gold_loss":0.0,"damage_taken":0.0}],"is_beta":false,"boss_relics":[{"not_picked":["Fusion Hammer","theMarked:Eyepatch"],"picked":"Coffee Dripper"},{"not_picked":["Runic Dome","Runic Pyramid"],"picked":"Empty Cage"}],"items_purged_floors":[20,27],"is_endless":false,"potions_floor_spawned":[6,8,11,14,19,21,23,28,31,37,38],"killed_by":"Nemesis","ascension_level":0}}