{"host":"091y6d77ht7dl3wb","time":1610535463,"event":{"mods":["AchievementEnabler","BaseMod","Colored Map","Minty Spire (QoL Compilation)","Rare Cards Sparkle","StSLib"],"gold_per_floor":[109,63,63,338,357,357,370,445,472,526,538,73,73,99,99,203,203,217,217,217,244,19,54,89,89,89,120,120,220,249,260,260,361,361,379,379,379,84,96,128,128,128,128,153,0,34,34,81,81,81],"floor_reached":51,"language":"KOR","playtime":1387,"items_purged":["Regret"],"score":899,"play_id":"efe9f178-813c-4a34-98c4-c9805e273e18","local_time":"20210113195743","daily_mods":["Draft","Allstar","Heirloom","Time Dilation","Flight"],"is_ascension_mode":false,"campfire_choices":[{"data":"Defragment","floor":6,"key":"SMITH"},{"floor":13,"key":"REST"},{"floor":15,"key":"REST"},{"floor":25,"key":"REST"},{"floor":28,"key":"REST"},{"data":"Electrodynamics","floor":32,"key":"SMITH"},{"floor":42,"key":"REST"},{"floor":47,"key":"REST"},{"data":"Defragment","floor":49,"key":"SMITH"}],"circlet_count":0,"master_deck":["Heatsinks","Hologram","Ball Lightning","Turbo+1","Sunder","Lockon","Conserve Battery","Capacitor","Redo","Defragment","Compile Driver","Ball Lightning","Defragment+1","Cold Snap","Leap","Sunder","Ball Lightning","Loop","Conserve Battery","Electrodynamics+1","Amplify","Rip and Tear+1","Self Repair","Loop","Lockon","Static Discharge","Consume+1","Defragment+1","Double Energy","Echo Form","Panache"],"relics":["Cracked Core","Ice Cream","Tiny Chest","Ancient Tea Set","MawBank","Question Card","Anchor","Vajra","Bronze Scales","Sozu","Lantern","Akabeko","Blood Vial","Ornamental Fan","Mummified Hand","InkBottle","Bird Faced Urn","Bottled Tornado","Potion Belt","Busted Crown","Peace Pipe","War Paint","Juzu Bracelet","Smiling Mask","Unceasing Top","Red Mask","Frozen Egg 2","Gambling Chip"],"acts_visited":["Exordium","TheCity","TheBeyond"],"potions_floor_usage":[24],"damage_taken":[{"damage":0,"enemies":"Small Slimes","floor":1,"turns":2},{"damage":0,"enemies":"Jaw Worm","floor":5,"turns":3},{"damage":1,"enemies":"Cultist","floor":7,"turns":2},{"damage":15,"enemies":"Lagavulin","floor":14,"turns":4},{"damage":32,"enemies":"Hexaghost","floor":16,"turns":5},{"damage":9,"enemies":"2 Thieves","floor":18,"turns":3},{"damage":18,"enemies":"Book of Stabbing","floor":23,"turns":3},{"damage":10,"enemies":"Slavers","floor":24,"turns":4},{"damage":19,"enemies":"Gremlin Leader","floor":27,"turns":4},{"damage":0,"enemies":"Colosseum Slavers","floor":29,"turns":2},{"damage":0,"enemies":"Colosseum Nobs","floor":29,"turns":3},{"damage":15,"enemies":"Book of Stabbing","floor":30,"turns":2},{"damage":0,"enemies":"Shell Parasite","floor":31,"turns":3},{"damage":18,"enemies":"Collector","floor":33,"turns":4},{"damage":0,"enemies":"Orb Walker","floor":35,"turns":2},{"damage":0,"enemies":"3 Darklings","floor":39,"turns":2},{"damage":35,"enemies":"Reptomancer","floor":40,"turns":3},{"damage":3,"enemies":"Giant Head","floor":44,"turns":4},{"damage":39,"enemies":"Nemesis","floor":46,"turns":3},{"damage":4,"enemies":"2 Orb Walkers","floor":48,"turns":2},{"damage":56,"enemies":"Awakened One","floor":50,"turns":5}],"seed_played":"-3050600480180009408","potions_obtained":[{"floor":16,"key":"LiquidMemories"}],"is_trial":true,"path_per_floor":["M","$","?","?","M","R","M","?","T","T","?","$","R","E","R","B",null,"M","?","?","T","$","E","E","R","T","E","R","?","E","M","R","B",null,"M","?","?","$","M","E","T","R","T","E","?","E","R","?","R","B",null],"character_chosen":"DEFECT","items_purchased":["Leap","Anchor","Vajra","Loop","Conserve Battery","Akabeko","Loop","Peace Pipe"],"campfire_rested":6,"item_purchase_floors":[2,12,12,12,12,22,22,38],"current_hp_per_floor":[75,75,75,75,75,75,74,63,63,63,45,45,67,52,74,42,75,66,66,66,66,66,48,47,68,68,51,72,72,64,72,72,61,72,72,72,72,72,72,49,49,70,70,72,72,42,63,72,72,39],"gold":81,"neow_bonus":"","is_daily":false,"chose_seed":false,"campfire_upgraded":3,"win_rate":0.0,"timestamp":1610535463,"path_taken":["M","$","?","?","M","R","?","?","T","?","?","$","R","E","R","BOSS","M","?","?","?","$","E","E","R","T","E","R","?","E","M","R","BOSS","M","?","?","$","M","E","?","R","T","E","?","E","R","?","R","BOSS"],"items_purchased_type":["Card","Relic","Relic","Card","Card","Relic","Card","Relic"],"build_version":"2020-12-22","purchased_purges":1,"victory":true,"max_hp_per_floor":[75,75,75,75,75,75,75,75,75,75,75,75,75,75,75,75,75,75,75,72,72,72,72,72,72,72,72,72,72,72,72,72,72,72,72,72,72,72,72,72,72,72,72,72,72,72,72,72,72,72],"card_choices":[{"not_picked":["Barrage","Gash"],"picked":"Heatsinks","floor":0},{"not_picked":["Beam Cell","Gash"],"picked":"Hologram","floor":0},{"not_picked":["Streamline","Rebound"],"picked":"Ball Lightning","floor":0},{"not_picked":["Go for the Eyes","Sweeping Beam"],"picked":"Turbo","floor":0},{"not_picked":["Streamline","Beam Cell"],"picked":"Heatsinks","floor":0},{"not_picked":["Steam","Streamline"],"picked":"Sunder","floor":0},{"not_picked":["Aggregate","Sunder"],"picked":"Lockon","floor":0},{"not_picked":["Redo","Self Repair"],"picked":"Conserve Battery","floor":0},{"not_picked":["Double Energy","Turbo"],"picked":"Capacitor","floor":0},{"not_picked":["Gash","Leap"],"picked":"Redo","floor":0},{"not_picked":["Conserve Battery","Compile Driver"],"picked":"Defragment","floor":0},{"not_picked":["Sweeping Beam","Undo"],"picked":"Compile Driver","floor":0},{"not_picked":["Auto Shields","Sweeping Beam"],"picked":"Ball Lightning","floor":0},{"not_picked":["Steam","Sweeping Beam"],"picked":"Defragment","floor":0},{"not_picked":["Undo","Sunder"],"picked":"Cold Snap","floor":0},{"not_picked":["Beam Cell","Sweeping Beam"],"picked":"Coolheaded","floor":1},{"not_picked":["Skim","Blizzard"],"picked":"Sunder","floor":5},{"not_picked":["Coolheaded","Leap"],"picked":"Ball Lightning","floor":7},{"not_picked":["Amplify","Leap","Hello World"],"picked":"Electrodynamics","floor":14},{"not_picked":["Hyperbeam","Machine Learning","Rainbow"],"picked":"Amplify","floor":16},{"not_picked":["Fusion","Gash","Steam Power"],"picked":"Rip and Tear+1","floor":18},{"not_picked":["Rebound","Sweeping Beam+1","Beam Cell"],"picked":"Lockon","floor":23},{"not_picked":["Gash+1","Rip and Tear","Beam Cell","Stack"],"picked":"SKIP","floor":24},{"not_picked":["Beam Cell","Redo","Scrape+1"],"picked":"Static Discharge","floor":27},{"not_picked":["Skim","BootSequence","Ball Lightning+1"],"picked":"Consume","floor":29},{"not_picked":["Coolheaded+1","Conserve Battery","Undo"],"picked":"Defragment","floor":30},{"not_picked":["Ball Lightning+1","Stack","Cold Snap+1"],"picked":"Double Energy","floor":31},{"not_picked":["Core Surge","Electrodynamics","Creative AI"],"picked":"Echo Form","floor":33},{"not_picked":["White Noise+1","Reinforced Body+1"],"picked":"SKIP","floor":35},{"not_picked":["Transmutation"],"picked":"Panache","floor":36},{"not_picked":["Sweeping Beam+1","Turbo"],"picked":"SKIP","floor":39},{"not_picked":["Creative AI","Steam"],"picked":"SKIP","floor":40},{"not_picked":["Creative AI","Steam"],"picked":"SKIP","floor":40},{"not_picked":["Fission","Sweeping Beam"],"picked":"SKIP","floor":44},{"not_picked":["Chill+1","Leap"],"picked":"SKIP","floor":46}],"player_experience":218535,"relics_obtained":[{"floor":9,"key":"Ancient Tea Set"},{"floor":10,"key":"MawBank"},{"floor":14,"key":"Bronze Scales"},{"floor":21,"key":"Lantern"},{"floor":23,"key":"Blood Vial"},{"floor":24,"key":"Ornamental Fan"},{"floor":26,"key":"Mummified Hand"},{"floor":27,"key":"InkBottle"},{"floor":29,"key":"Bird Faced Urn"},{"floor":29,"key":"Bottled Tornado"},{"floor":30,"key":"Potion Belt"},{"floor":40,"key":"War Paint"},{"floor":41,"key":"Juzu Bracelet"},{"floor":43,"key":"Smiling Mask"},{"floor":44,"key":"Unceasing Top"},{"floor":46,"key":"Frozen Egg 2"},{"floor":48,"key":"Gambling Chip"}],"event_choices":[{"damage_healed":0,"gold_gain":0,"player_choice":"Box","damage_taken":0,"relics_obtained":["Tiny Chest"],"max_hp_gain":0,"max_hp_loss":0,"event_name":"Big Fish","floor":3,"gold_loss":0,"cards_obtained":["Regret"]},{"damage_healed":0,"gold_gain":275,"player_choice":"Desecrate","damage_taken":0,"max_hp_gain":0,"max_hp_loss":0,"event_name":"Golden Shrine","floor":4,"gold_loss":0,"cards_obtained":["Regret"]},{"damage_healed":0,"gold_gain":75,"player_choice":"Gather Gold","damage_taken":11,"max_hp_gain":0,"max_hp_loss":0,"event_name":"World of Goop","floor":8,"gold_loss":0},{"damage_healed":0,"gold_gain":0,"player_choice":"Success","damage_taken":18,"relics_obtained":["Question Card"],"max_hp_gain":0,"max_hp_loss":0,"event_name":"Scrap Ooze","floor":11,"gold_loss":0},{"damage_healed":0,"gold_gain":0,"cards_transformed":["Regret","Heatsinks"],"player_choice":"Became Test Subject","damage_taken":0,"max_hp_gain":0,"max_hp_loss":0,"event_name":"Drug Dealer","floor":19,"gold_loss":0,"cards_obtained":["Parasite","Self Repair"]},{"cards_removed":["Parasite"],"damage_healed":0,"gold_gain":0,"player_choice":"Elegance","damage_taken":0,"max_hp_gain":0,"max_hp_loss":0,"event_name":"Back to Basics","floor":20,"gold_loss":0},{"damage_healed":0,"gold_gain":0,"player_choice":"Fight","damage_taken":0,"max_hp_gain":0,"max_hp_loss":0,"event_name":"Colosseum","floor":29,"gold_loss":0},{"damage_healed":0,"gold_gain":0,"player_choice":"Fought Nobs","damage_taken":0,"max_hp_gain":0,"max_hp_loss":0,"event_name":"Colosseum","floor":29,"gold_loss":0},{"damage_healed":0,"gold_gain":0,"player_choice":"Memory 1","damage_taken":0,"max_hp_gain":0,"max_hp_loss":0,"event_name":"SensoryStone","floor":36,"gold_loss":0},{"cards_removed":["Coolheaded"],"damage_healed":0,"gold_gain":0,"player_choice":"Removed Skill","damage_taken":0,"max_hp_gain":0,"max_hp_loss":0,"event_name":"Falling","floor":37,"gold_loss":0},{"damage_healed":0,"gold_gain":0,"player_choice":"Paid","damage_taken":0,"relics_obtained":["Red Mask"],"max_hp_gain":0,"max_hp_loss":0,"event_name":"Tomb of Lord Red Mask","floor":45,"gold_loss":153},{"damage_healed":0,"gold_gain":0,"player_choice":"Fight","damage_taken":0,"max_hp_gain":0,"max_hp_loss":0,"event_name":"Mysterious Sphere","floor":48,"gold_loss":0}],"is_beta":false,"boss_relics":[{"not_picked":["Philosopher\u0027s Stone","Cursed Key"],"picked":"Sozu"},{"not_picked":["Astrolabe","Calling Bell"],"picked":"Busted Crown"}],"items_purged_floors":[12],"is_endless":false,"potions_floor_spawned":[16,18,23,30,31,39,44],"ascension_level":0}}