{"host":"jpcy2bclvs7juczu","time":1610539908,"event":{"mods":["AchievementEnabler","BaseMod","Block Reminder","Colored Map","Colored Powertips","Curses Come First","Dark Map","Minty Spire (QoL Compilation)","Quick Restart","Relic Stats","StSLib","ojb\u0027s Better Paths Mod","ojb\u0027s Info Mod","slay the spire mod where everything is the same but ironclad has a cowboy hat"],"gold_per_floor":[111,111,130,145,145,145,155,185,210,210,228,255,272,291,291,365,365,380,305,318,318,331,364,382,41,41,41,73,73,88,116,116,190,190,204,204,222,233,248,248,283,283,283,13,13,13],"floor_reached":45,"language":"ENG","playtime":2993,"items_purged":["Strike_P"],"score":1284,"play_id":"744b8e24-235c-4268-9d15-6672f50ea195","local_time":"20210113121148","is_ascension_mode":true,"campfire_choices":[{"data":"Eruption","floor":6.0,"key":"SMITH"},{"data":"Meditate","floor":10.0,"key":"SMITH"},{"data":"DevaForm","floor":15.0,"key":"SMITH"},{"data":"Trip","floor":29.0,"key":"SMITH"},{"data":"SpiritShield","floor":32.0,"key":"SMITH"},{"data":"MentalFortress","floor":40.0,"key":"SMITH"},{"data":"Fasting2","floor":42.0,"key":"SMITH"}],"circlet_count":0,"master_deck":["AscendersBane","Defend_P","Defend_P","Defend_P","Defend_P","Eruption+1","Vigilance","Worship","Consecrate","FearNoEvil","Meditate+1","EmptyFist","DeceiveReality","Sanctity","DevaForm+1","SpiritShield+1","CutThroughFate","EmptyBody","Wireheading","Meditate+1","Conclude","Trip+1","BowlingBash","Fasting2+1","MentalFortress+1","CarveReality","TalkToTheHand","SpiritShield","SpiritShield+1","LessonLearned"],"relics":["Runic Pyramid","Happy Flower","Potion Belt","Toy Ornithopter","Coffee Dripper","Enchiridion","The Courier","Pen Nib","Singing Bowl","Eternal Feather","Empty Cage","Frozen Egg 2"],"acts_visited":["Exordium","TheCity","TheBeyond"],"potions_floor_usage":[45,45,45,45],"damage_taken":[{"damage":7.0,"enemies":"Jaw Worm","floor":1.0,"turns":3.0},{"damage":1.0,"enemies":"2 Louse","floor":3.0,"turns":2.0},{"damage":0.0,"enemies":"Cultist","floor":4.0,"turns":4.0},{"damage":8.0,"enemies":"Exordium Wildlife","floor":7.0,"turns":3.0},{"damage":12.0,"enemies":"Lagavulin","floor":8.0,"turns":6.0},{"damage":0.0,"enemies":"Large Slime","floor":11.0,"turns":4.0},{"damage":0.0,"enemies":"Gremlin Nob","floor":12.0,"turns":2.0},{"damage":0.0,"enemies":"Lots of Slimes","floor":13.0,"turns":3.0},{"damage":0.0,"enemies":"Looter","floor":14.0,"turns":4.0},{"damage":2.0,"enemies":"The Guardian","floor":16.0,"turns":10.0},{"damage":4.0,"enemies":"2 Thieves","floor":18.0,"turns":4.0},{"damage":4.0,"enemies":"Chosen","floor":20.0,"turns":6.0},{"damage":0.0,"enemies":"Snecko","floor":22.0,"turns":5.0},{"damage":0.0,"enemies":"Gremlin Leader","floor":23.0,"turns":7.0},{"damage":0.0,"enemies":"Centurion and Healer","floor":24.0,"turns":6.0},{"damage":36.0,"enemies":"Slavers","floor":28.0,"turns":6.0},{"damage":13.0,"enemies":"Sentry and Sphere","floor":30.0,"turns":5.0},{"damage":6.0,"enemies":"Book of Stabbing","floor":31.0,"turns":4.0},{"damage":0.0,"enemies":"Collector","floor":33.0,"turns":7.0},{"damage":0.0,"enemies":"Orb Walker","floor":35.0,"turns":7.0},{"damage":0.0,"enemies":"3 Shapes","floor":37.0,"turns":6.0},{"damage":34.0,"enemies":"Transient","floor":38.0,"turns":6.0},{"damage":7.0,"enemies":"Sphere and 2 Shapes","floor":39.0,"turns":13.0},{"damage":38.0,"enemies":"Giant Head","floor":41.0,"turns":6.0},{"damage":65,"enemies":"Reptomancer","floor":45,"turns":2}],"seed_played":"-391678368637919418","potions_obtained":[{"floor":3.0,"key":"Ancient Potion"},{"floor":4.0,"key":"DistilledChaos"},{"floor":11.0,"key":"ColorlessPotion"},{"floor":13.0,"key":"StancePotion"},{"floor":16.0,"key":"EssenceOfSteel"},{"floor":18.0,"key":"ColorlessPotion"},{"floor":22.0,"key":"SteroidPotion"},{"floor":28.0,"key":"FearPotion"},{"floor":33.0,"key":"Swift Potion"},{"floor":35.0,"key":"Energy Potion"},{"floor":38.0,"key":"StancePotion"}],"is_trial":false,"path_per_floor":["M","?","M","M","?","R","M","E","T","R","M","E","M","M","R","B",null,"M","?","M","?","M","E","M","$","T","$","E","R","M","E","R","B",null,"M","?","M","M","M","R","E","R","T","$","E"],"character_chosen":"WATCHER","items_purchased":["Conclude","Trip","BowlingBash","Fasting2","MentalFortress","SteroidPotion","Strength Potion","BlessingOfTheForge","LessonLearned"],"campfire_rested":0,"item_purchase_floors":[25,25,25,25,25,44,44,44,44],"current_hp_per_floor":[54,54,53,53,49,49,41,29,29,29,29,29,34,34,34,32,59,60,60,56,35,35,45,45,45,45,45,16,16,3,2,17,22,58,60,60,62,35,35,50,14,29,29,29,0,0],"gold":13,"neow_bonus":"BOSS_RELIC","is_daily":false,"chose_seed":false,"campfire_upgraded":7,"win_rate":0.0,"timestamp":1610539908,"path_taken":["M","?","M","M","?","R","M","E","T","R","?","E","M","M","R","BOSS","M","?","M","?","M","E","M","$","T","?","E","R","?","E","R","BOSS","M","?","?","M","?","R","E","R","T","$","E"],"items_purchased_type":["Card","Card","Card","Card","Card","Potion","Potion","Potion","Card"],"build_version":"2020-12-22","purchased_purges":1,"victory":false,"max_hp_per_floor":[68,68,68,68,68,68,68,68,68,68,68,68,68,68,68,68,68,68,68,68,68,68,68,68,68,68,68,70,70,70,70,70,70,70,72,72,74,76,78,78,80,80,80,80,80,80],"relic_stats":{"Happy Flower":[37],"Singing Bowl":12,"counters":[25,131],"Eternal Feather":45,"Pen Nib":[9],"obtain_stats":[{"Potion Belt":9,"Happy Flower":8,"Singing Bowl":28,"Enchiridion":21,"Eternal Feather":31,"The Courier":23,"Pen Nib":26,"Frozen Egg 2":41,"Empty Cage":34,"Coffee Dripper":17,"PureWater":0,"Toy Ornithopter":12,"Runic Pyramid":0},{"Potion Belt":5,"Happy Flower":5,"Singing Bowl":16,"Enchiridion":12,"Eternal Feather":18,"The Courier":14,"Pen Nib":15,"Frozen Egg 2":24,"Empty Cage":19,"Coffee Dripper":10,"PureWater":0,"Toy Ornithopter":7,"Runic Pyramid":0},{"Potion Belt":18,"Happy Flower":18,"Singing Bowl":75,"Enchiridion":51,"Eternal Feather":84,"The Courier":63,"Pen Nib":69,"Frozen Egg 2":129,"Empty Cage":91,"Coffee Dripper":41,"PureWater":0,"Toy Ornithopter":24,"Runic Pyramid":0}],"Toy Ornithopter":65},"card_choices":[{"not_picked":["ClearTheMind","Consecrate"],"picked":"Worship","floor":1.0},{"not_picked":["Fasting2","Halt"],"picked":"Consecrate","floor":3.0},{"not_picked":["PathToVictory","Sanctity","Worship"],"picked":"SKIP","floor":4.0},{"not_picked":["Perseverance","Adaptation"],"picked":"FearNoEvil","floor":7.0},{"not_picked":["ClearTheMind","Study"],"picked":"Meditate","floor":8.0},{"not_picked":["Evaluate","ThirdEye"],"picked":"EmptyFist","floor":11.0},{"not_picked":["Weave","FollowUp"],"picked":"DeceiveReality","floor":12.0},{"not_picked":["WheelKick","Perseverance"],"picked":"Sanctity","floor":13.0},{"not_picked":["EmptyBody","Evaluate"],"picked":"DevaForm","floor":14.0},{"not_picked":["MasterReality","Blasphemy"],"picked":"SpiritShield","floor":16.0},{"not_picked":["FlyingSleeves","JustLucky","ThirdEye"],"picked":"SKIP","floor":18.0},{"not_picked":["EmptyFist+1","Consecrate"],"picked":"CutThroughFate","floor":20.0},{"not_picked":["Crescendo","FlurryOfBlows"],"picked":"EmptyBody","floor":22.0},{"not_picked":["Consecrate","Indignation+1"],"picked":"Wireheading","floor":23.0},{"not_picked":["EmptyFist","FollowUp"],"picked":"Meditate+1","floor":24.0},{"not_picked":["FollowUp","FearNoEvil","BowlingBash"],"picked":"Singing Bowl","floor":28.0},{"not_picked":["Conclude","Adaptation+1"],"picked":"CarveReality","floor":30.0},{"not_picked":["CrushJoints","Fasting2"],"picked":"TalkToTheHand","floor":31.0},{"not_picked":["MasterReality","Blasphemy"],"picked":"SpiritShield","floor":33.0},{"not_picked":["Perseverance+1","FlyingSleeves","Prostrate+1"],"picked":"Singing Bowl","floor":35.0},{"not_picked":["Halt+1","ClearTheMind+1","FollowUp"],"picked":"Singing Bowl","floor":37.0},{"not_picked":["Protect","PathToVictory+1","EmptyFist"],"picked":"Singing Bowl","floor":38.0},{"not_picked":["PathToVictory","Swivel","Protect"],"picked":"Singing Bowl","floor":39.0},{"not_picked":["Halt+1","Consecrate","SandsOfTime"],"picked":"Singing Bowl","floor":41.0}],"player_experience":396276,"relics_obtained":[{"floor":8.0,"key":"Happy Flower"},{"floor":9.0,"key":"Potion Belt"},{"floor":12.0,"key":"Toy Ornithopter"},{"floor":21.0,"key":"Enchiridion"},{"floor":23.0,"key":"The Courier"},{"floor":26.0,"key":"Pen Nib"},{"floor":28.0,"key":"Singing Bowl"},{"floor":31.0,"key":"Eternal Feather"},{"floor":41.0,"key":"Frozen Egg 2"}],"event_choices":[{"damage_healed":0.0,"max_hp_gain":0.0,"max_hp_loss":0.0,"gold_gain":0.0,"event_name":"Liars Game","player_choice":"Ignored","floor":2.0,"gold_loss":0.0,"damage_taken":0.0},{"damage_healed":0.0,"max_hp_gain":0.0,"max_hp_loss":0.0,"gold_gain":0.0,"event_name":"The Woman in Blue","player_choice":"Bought 0 Potions","floor":5.0,"gold_loss":0.0,"damage_taken":0.0},{"cards_removed":["Strike_P"],"damage_healed":0.0,"max_hp_gain":0.0,"max_hp_loss":0.0,"gold_gain":0.0,"event_name":"Beggar","player_choice":"Gave Gold","floor":19.0,"gold_loss":75.0,"damage_taken":0.0},{"damage_healed":0.0,"max_hp_gain":0.0,"max_hp_loss":0.0,"gold_gain":0.0,"event_name":"Cursed Tome","player_choice":"Obtained Book","floor":21.0,"gold_loss":0.0,"damage_taken":21.0},{"damage_healed":0.0,"max_hp_gain":0.0,"max_hp_loss":0.0,"gold_gain":0.0,"event_name":"Duplicator","player_choice":"Copied","floor":36.0,"gold_loss":0.0,"damage_taken":0.0,"cards_obtained":["SpiritShield"]}],"is_beta":false,"boss_relics":[{"not_picked":["Pandora\u0027s Box","Snecko Eye"],"picked":"Coffee Dripper"},{"not_picked":["Busted Crown","Sozu"],"picked":"Empty Cage"}],"items_purged_floors":[25],"is_endless":false,"potions_floor_spawned":[3,4,11,13,16,18,22,28,33,35,38],"killed_by":"Reptomancer","ascension_level":20}}