{"host":"y193d0agu1dp5x1y","time":1610514356,"event":{"mods":["BaseMod","Googly Eyes","Minty Spire (QoL Compilation)"],"gold_per_floor":[116,116,62,62,87,87,127,127,127,150,75,91,112,112,112,236,236,252,103,103,54,79,79,114,134,134,134,155,155,178,194,194,194,194],"floor_reached":33,"language":"ENG","playtime":1339,"items_purged":["Bash","Strike_R"],"score":292,"play_id":"153dd70b-8f04-46de-8cc6-3cf4cea99d36","local_time":"20210112230556","is_ascension_mode":false,"campfire_choices":[{"data":"Armaments","floor":6,"key":"SMITH"},{"data":"Fire Breathing","floor":8,"key":"SMITH"},{"data":"Combust","floor":15,"key":"SMITH"},{"data":"Flame Barrier","floor":23,"key":"SMITH"},{"floor":29,"key":"REST"},{"floor":32,"key":"REST"}],"circlet_count":0,"master_deck":["Strike_R","Strike_R","Strike_R","Defend_R","Defend_R","Defend_R","Defend_R","Iron Wave+1","Armaments+1","Injury","Anger","Fire Breathing+1","Iron Wave","Combust+1","Offering","Flame Barrier+1","Flex","Shame","Flex","Flex","Body Slam","Anger+1","Defend_R","Iron Wave+1"],"relics":["Burning Blood","NeowsBlessing","Golden Idol","Pantograph","Oddly Smooth Stone","Strawberry","Black Star","Bronze Scales","Bottled Tornado","Blood Vial","The Courier"],"acts_visited":["Exordium","TheCity"],"potions_floor_usage":[25],"damage_taken":[{"damage":0,"enemies":"Cultist","floor":1,"turns":1},{"damage":0,"enemies":"Small Slimes","floor":5,"turns":1},{"damage":0,"enemies":"Gremlin Nob","floor":7,"turns":1},{"damage":4,"enemies":"Jaw Worm","floor":10,"turns":3},{"damage":0,"enemies":"Red Slaver","floor":12,"turns":3},{"damage":5,"enemies":"Gremlin Gang","floor":13,"turns":4},{"damage":49,"enemies":"Hexaghost","floor":16,"turns":9},{"damage":10,"enemies":"Shell Parasite","floor":18,"turns":5},{"damage":19,"enemies":"Chosen","floor":22,"turns":4},{"damage":44,"enemies":"Gremlin Leader","floor":24,"turns":7},{"damage":24,"enemies":"Snecko","floor":25,"turns":6},{"damage":9,"enemies":"Chosen and Byrds","floor":28,"turns":5},{"damage":15,"enemies":"Shelled Parasite and Fungi","floor":30,"turns":5},{"damage":12,"enemies":"Snake Plant","floor":31,"turns":4},{"damage":92,"enemies":"Automaton","floor":33,"turns":10}],"seed_played":"-1460402195953785631","potions_obtained":[{"floor":1,"key":"LiquidBronze"},{"floor":7,"key":"Explosive Potion"},{"floor":22,"key":"DuplicationPotion"},{"floor":25,"key":"BloodPotion"},{"floor":30,"key":"DuplicationPotion"}],"is_trial":false,"path_per_floor":["M","?","$","?","M","R","E","R","T","M","$","M","M","?","R","B",null,"M","$","?","$","M","R","E","M","T","?","M","R","M","M","R","B"],"character_chosen":"IRONCLAD","items_purchased":["Armaments","Flex","Flex"],"campfire_rested":2,"item_purchase_floors":[3,19,21],"current_hp_per_floor":[80,80,80,80,80,80,80,80,80,80,80,80,80,84,84,44,87,83,83,83,83,70,70,32,33,33,33,32,58,51,47,73,0,0],"gold":194,"neow_bonus":"THREE_ENEMY_KILL","is_daily":false,"chose_seed":false,"campfire_upgraded":4,"win_rate":0.0,"timestamp":1610514356,"path_taken":["M","?","$","?","M","R","E","R","T","M","$","M","M","?","R","BOSS","M","$","?","$","M","R","E","M","T","?","M","R","?","?","R","BOSS"],"items_purchased_type":["Card","Card","Card"],"build_version":"2020-12-22","purchased_purges":2,"victory":false,"max_hp_per_floor":[80,80,80,80,80,80,80,80,80,80,80,80,80,87,87,87,87,87,87,87,87,87,87,87,87,87,87,87,87,87,87,87,87,87],"card_choices":[{"not_picked":["Feel No Pain","Carnage"],"picked":"Iron Wave","floor":1},{"not_picked":["Heavy Blade","Shockwave"],"picked":"Anger","floor":5},{"not_picked":["Armaments","Clothesline"],"picked":"Fire Breathing","floor":7},{"not_picked":["Sword Boomerang","Armaments"],"picked":"Iron Wave","floor":10},{"not_picked":["Shrug It Off","Armaments","Rupture"],"picked":"SKIP","floor":12},{"not_picked":["Hemokinesis","Pommel Strike"],"picked":"Combust","floor":13},{"not_picked":["Reaper","Berserk"],"picked":"Offering","floor":16},{"not_picked":["Pommel Strike","Twin Strike"],"picked":"Flame Barrier","floor":18},{"not_picked":["Seeing Red","Searing Blow"],"picked":"Flex","floor":22},{"not_picked":["Searing Blow","Second Wind"],"picked":"Body Slam","floor":24},{"not_picked":["Headbutt+1","Rampage"],"picked":"Anger+1","floor":25},{"not_picked":["Carnage","Rage"],"picked":"Iron Wave+1","floor":28},{"not_picked":["Twin Strike","Wild Strike","Perfected Strike"],"picked":"SKIP","floor":30},{"not_picked":["Dropkick+1","Brutality","Flex"],"picked":"SKIP","floor":31}],"player_experience":67083,"relics_obtained":[{"floor":7,"key":"Pantograph"},{"floor":9,"key":"Oddly Smooth Stone"},{"floor":24,"key":"Bottled Tornado"},{"floor":24,"key":"Blood Vial"},{"floor":26,"key":"The Courier"}],"event_choices":[{"damage_healed":0,"gold_gain":0,"player_choice":"Grow","damage_taken":0,"max_hp_gain":0,"max_hp_loss":0,"event_name":"Living Wall","floor":2,"gold_loss":0,"cards_upgraded":["Iron Wave"]},{"damage_healed":0,"gold_gain":0,"player_choice":"Take Wound","damage_taken":0,"relics_obtained":["Golden Idol"],"max_hp_gain":0,"max_hp_loss":0,"event_name":"Golden Idol","floor":4,"gold_loss":0,"cards_obtained":["Injury"]},{"damage_healed":0,"gold_gain":0,"player_choice":"Success","damage_taken":3,"relics_obtained":["Strawberry"],"max_hp_gain":0,"max_hp_loss":0,"event_name":"Scrap Ooze","floor":14,"gold_loss":0},{"damage_healed":0,"gold_gain":0,"player_choice":"Stole Relic","damage_taken":0,"relics_obtained":["Bronze Scales"],"max_hp_gain":0,"max_hp_loss":0,"event_name":"Addict","floor":20,"gold_loss":0,"cards_obtained":["Shame"]},{"cards_removed":["Strike_R"],"damage_healed":0,"gold_gain":0,"player_choice":"Took Card","damage_taken":0,"max_hp_gain":0,"max_hp_loss":0,"event_name":"NoteForYourself","floor":27,"gold_loss":0,"cards_obtained":["Defend_R"]}],"is_beta":false,"boss_relics":[{"not_picked":["Fusion Hammer","Ectoplasm"],"picked":"Black Star"}],"items_purged_floors":[11,19],"is_endless":false,"potions_floor_spawned":[1,7,22,25,30],"killed_by":"Automaton","ascension_level":0}}