{"host":"qxeepl7ydvsgmfdb","time":1610543019,"event":{"mods":["AchievementEnabler","BaseMod","Colored Powertips","Minty Spire (QoL Compilation)","Quick Restart","slay the spire mod where everything is the same but ironclad has a cowboy hat"],"gold_per_floor":[110,123,298,223,223,251,265,284,311,322,322,322,50,77,77,173,173,184,204,204,222,222,253,272,272,272,272,283,297,323,337,337,437,437,451,451,466,482,127,127,162,162,162,191,262,275,306,306,306,306],"floor_reached":51,"playtime":1933,"items_purged":["Doubt","Strike_G"],"score":1065,"play_id":"8c0ec696-695c-4ffa-9fc9-da00f65c6b96","local_time":"20210113080339","is_ascension_mode":true,"campfire_choices":[{"data":"Backstab","floor":11,"key":"SMITH"},{"floor":15,"key":"REST"},{"floor":25,"key":"REST"},{"data":"After Image","floor":27,"key":"SMITH"},{"floor":32,"key":"REST"},{"data":"1","floor":40,"key":"LIFT"},{"floor":49,"key":"REST"}],"circlet_count":0,"master_deck":["Strike_G","Defend_G","Defend_G","Defend_G","Defend_G","Survivor","Neutralize","Blade Dance","Infinite Blades","Quick Slash","Backstab+1","Poisoned Stab","After Image+1","Blade Dance","Adrenaline","Slice","Noxious Fumes+1","Deadly Poison+1","All Out Attack","Backstab","Finisher","Phantasmal Killer","CurseOfTheBell","Distraction+1"],"relics":["Ring of the Snake","NeowsBlessing","Tiny Chest","Anchor","Bottled Tornado","Lantern","Toy Ornithopter","Empty Cage","Kunai","InkBottle","Letter Opener","Oddly Smooth Stone","Calling Bell","Juzu Bracelet","Gremlin Horn","Girya","Lee\u0027s Waffle","Art of War","The Courier","Du-Vu Doll","Paper Crane","Ornamental Fan"],"acts_visited":["Exordium","TheCity","TheBeyond"],"potions_floor_usage":[16,23,23,30,33,33,38,47,50,50,50],"damage_taken":[{"damage":0,"enemies":"Jaw Worm","floor":1,"turns":1},{"damage":0,"enemies":"Cultist","floor":2,"turns":1},{"damage":0,"enemies":"Lagavulin","floor":6,"turns":1},{"damage":5,"enemies":"2 Louse","floor":7,"turns":3},{"damage":6,"enemies":"Looter","floor":8,"turns":3},{"damage":8,"enemies":"Gremlin Gang","floor":10,"turns":3},{"damage":16,"enemies":"3 Sentries","floor":14,"turns":7},{"damage":32,"enemies":"Slime Boss","floor":16,"turns":11},{"damage":2,"enemies":"Shell Parasite","floor":18,"turns":4},{"damage":1,"enemies":"Spheric Guardian","floor":19,"turns":3},{"damage":14,"enemies":"Snake Plant","floor":21,"turns":4},{"damage":17,"enemies":"Slavers","floor":23,"turns":5},{"damage":0,"enemies":"Cultist and Chosen","floor":24,"turns":5},{"damage":1,"enemies":"Centurion and Healer","floor":28,"turns":4},{"damage":12,"enemies":"Snecko","floor":29,"turns":4},{"damage":2,"enemies":"Gremlin Leader","floor":30,"turns":4},{"damage":8,"enemies":"Chosen and Byrds","floor":31,"turns":4},{"damage":19,"enemies":"Champ","floor":33,"turns":11},{"damage":0,"enemies":"Orb Walker","floor":35,"turns":3},{"damage":0,"enemies":"3 Shapes","floor":37,"turns":3},{"damage":0,"enemies":"Spire Growth","floor":38,"turns":4},{"damage":55,"enemies":"Reptomancer","floor":41,"turns":3},{"damage":51,"enemies":"Nemesis","floor":44,"turns":7},{"damage":0,"enemies":"4 Shapes","floor":46,"turns":1},{"damage":0,"enemies":"Reptomancer","floor":47,"turns":3},{"damage":43,"enemies":"Donu and Deca","floor":50,"turns":7}],"seed_played":"2251851469509112042","potions_obtained":[{"floor":1,"key":"LiquidMemories"},{"floor":6,"key":"Energy Potion"},{"floor":16,"key":"Swift Potion"},{"floor":23,"key":"Poison Potion"},{"floor":24,"key":"Ancient Potion"},{"floor":29,"key":"Strength Potion"},{"floor":31,"key":"PowerPotion"},{"floor":41,"key":"Dexterity Potion"},{"floor":46,"key":"Strength Potion"},{"floor":47,"key":"Dexterity Potion"}],"is_trial":false,"path_per_floor":["M","M","?","$","?","E","M","M","T","M","R","T","$","E","R","B",null,"M","M","?","M","T","E","M","R","T","R","M","M","E","M","R","B",null,"M","?","M","M","$","R","E","?","T","E","T","M","E","?","R","B",null],"character_chosen":"THE_SILENT","items_purchased":["Lantern","After Image","AttackPotion","Lee\u0027s Waffle","Fire Potion","Poison Potion"],"campfire_rested":4,"item_purchase_floors":[13,13,13,39,39,39],"current_hp_per_floor":[70,70,70,70,63,63,58,52,52,44,44,44,44,28,49,22,58,56,55,42,28,28,21,21,43,43,43,42,30,33,25,47,38,66,66,66,66,71,82,82,27,72,72,21,21,21,26,26,47,19],"gold":306,"neow_bonus":"THREE_ENEMY_KILL","is_daily":false,"chose_seed":false,"campfire_upgraded":2,"win_rate":0.0,"timestamp":1610543019,"path_taken":["M","M","?","$","?","E","M","M","T","M","R","?","$","E","R","BOSS","M","?","?","M","?","E","M","R","T","R","?","M","E","M","R","BOSS","M","?","M","M","$","R","E","?","T","E","?","M","E","?","R","BOSS"],"items_purchased_type":["Relic","Card","Potion","Relic","Potion","Potion"],"build_version":"2020-12-22","purchased_purges":2,"victory":true,"max_hp_per_floor":[70,70,70,70,70,70,70,70,70,70,70,70,70,70,70,70,70,70,70,75,75,75,75,75,75,75,75,75,75,75,75,75,75,75,75,75,75,75,82,82,82,72,72,72,72,72,72,72,72,72],"card_choices":[{"not_picked":["Finisher","Acrobatics"],"picked":"Blade Dance","floor":1},{"not_picked":["Flechettes","Acrobatics"],"picked":"Infinite Blades","floor":2},{"not_picked":["Deflect","PiercingWail"],"picked":"Quick Slash","floor":6},{"not_picked":["Terror","Choke"],"picked":"Backstab","floor":7},{"not_picked":["Acrobatics","PiercingWail"],"picked":"Poisoned Stab","floor":8},{"not_picked":["Acrobatics","PiercingWail","Flechettes"],"picked":"SKIP","floor":10},{"not_picked":["Expertise","Reflex"],"picked":"Blade Dance","floor":14},{"not_picked":["After Image","Burst"],"picked":"Adrenaline","floor":16},{"not_picked":["Underhanded Strike","Deflect+1"],"picked":"Slice","floor":18},{"not_picked":["Prepared","Bane"],"picked":"Noxious Fumes+1","floor":19},{"not_picked":["Dagger Throw","Unload","Sucker Punch"],"picked":"SKIP","floor":21},{"not_picked":["PiercingWail","Well Laid Plans"],"picked":"Deadly Poison+1","floor":23},{"not_picked":["Setup+1","Endless Agony","Prepared"],"picked":"SKIP","floor":24},{"not_picked":["Caltrops","Expertise"],"picked":"All Out Attack","floor":28},{"not_picked":["Outmaneuver","Acrobatics"],"picked":"Backstab","floor":29},{"not_picked":["Bane","Choke+1","Calculated Gamble"],"picked":"SKIP","floor":30},{"not_picked":["Acrobatics","Flying Knee"],"picked":"Finisher","floor":31},{"not_picked":["Burst","Storm of Steel"],"picked":"Phantasmal Killer","floor":33},{"not_picked":["Cloak And Dagger","Quick Slash+1","Acrobatics+1"],"picked":"SKIP","floor":35},{"not_picked":["Flechettes","Underhanded Strike"],"picked":"Distraction+1","floor":37},{"not_picked":["Infinite Blades","PiercingWail+1","Flying Knee"],"picked":"SKIP","floor":38},{"not_picked":["Expertise+1","Skewer","Acrobatics+1"],"picked":"SKIP","floor":41},{"not_picked":["Dash+1","Dodge and Roll+1","Well Laid Plans+1"],"picked":"SKIP","floor":44},{"not_picked":["Dodge and Roll","Adrenaline","Deflect+1"],"picked":"SKIP","floor":46},{"not_picked":["Flying Knee+1","Backflip+1","Reflex"],"picked":"SKIP","floor":47}],"player_experience":128800,"relics_obtained":[{"floor":6,"key":"Tiny Chest"},{"floor":9,"key":"Anchor"},{"floor":12,"key":"Bottled Tornado"},{"floor":14,"key":"Toy Ornithopter"},{"floor":22,"key":"Kunai"},{"floor":23,"key":"InkBottle"},{"floor":26,"key":"Letter Opener"},{"floor":30,"key":"Oddly Smooth Stone"},{"floor":34,"key":"Juzu Bracelet"},{"floor":34,"key":"Gremlin Horn"},{"floor":34,"key":"Girya"},{"floor":41,"key":"Art of War"},{"floor":43,"key":"The Courier"},{"floor":44,"key":"Du-Vu Doll"},{"floor":45,"key":"Paper Crane"},{"floor":47,"key":"Ornamental Fan"}],"event_choices":[{"damage_healed":0,"gold_gain":175,"player_choice":"AGREE","damage_taken":0,"max_hp_gain":0,"max_hp_loss":0,"event_name":"Liars Game","floor":3,"gold_loss":0,"cards_obtained":["Doubt"]},{"cards_removed":["Strike_G"],"damage_healed":0,"gold_gain":0,"player_choice":"Card Removal","damage_taken":7,"max_hp_gain":0,"max_hp_loss":0,"event_name":"Golden Wing","floor":5,"gold_loss":0},{"damage_healed":0,"gold_gain":0,"player_choice":"Shed Blood","damage_taken":18,"max_hp_gain":5,"max_hp_loss":0,"event_name":"Forgotten Altar","floor":20,"gold_loss":0},{"damage_healed":0,"gold_gain":0,"player_choice":"Ignored","damage_taken":0,"max_hp_gain":0,"max_hp_loss":0,"event_name":"Tomb of Lord Red Mask","floor":36,"gold_loss":0},{"damage_healed":72,"gold_gain":0,"player_choice":"Heal","damage_taken":0,"max_hp_gain":0,"max_hp_loss":10,"event_name":"The Moai Head","floor":42,"gold_loss":0},{"cards_removed":["Strike_G"],"damage_healed":0,"gold_gain":0,"player_choice":"Removed Attack","damage_taken":0,"max_hp_gain":0,"max_hp_loss":0,"event_name":"Falling","floor":48,"gold_loss":0}],"is_beta":false,"boss_relics":[{"not_picked":["Snecko Eye","Sozu"],"picked":"Empty Cage"},{"not_picked":["Ring of the Serpent","Cursed Key"],"picked":"Calling Bell"}],"items_purged_floors":[4,39],"is_endless":false,"potions_floor_spawned":[1,6,14,16,21,23,24,29,31,41,46,47],"ascension_level":5}}