{"host":"418g6sfkt80mlacg","time":1610538971,"event":{"mods":["Act Like it!","BaseMod","Colored Powertips","Downfall","Gensokyo","Hermit","KinomotoSakuraMod(ƒæ÷Æ±æ”£)","KomeijiMod","Marisa£®ÏF”Í°°ƒß¿Ì…≥£©","Minty Spire (QoL Compilation)","Reimu£®≤©¿ˆ¡È√Œ£©","Remilia£®¿Ÿ√◊¿Ú—«£©","Replay The Spire","Shop Mod","StSLib","Td1madao Mod","The Administrix","The Animator","The Cursed","The Servant 0.9.4","WarShipGirlsR/’ΩΩ¢…Ÿ≈ÆR mod","Youmu£®ªÍ∆«—˝√Œ£©","Yuyuko","[IsaacMod]“‘»ˆº‚À˛"],"gold_per_floor":[116,116,126,38,51,51,70,101,101,120,150,325,325,335,385,512,512,565,574,91,139,139,139,242,242,265,284,244,244,238,238],"floor_reached":30,"language":"ZHS","playtime":4012,"items_purged":["Doubt"],"score":260,"play_id":"939c2199-4889-4d5f-8fec-865ac858f430","local_time":"20210113195611","is_ascension_mode":false,"campfire_choices":[{"data":"Wandering Soul","floor":6,"key":"SMITH"},{"floor":13,"key":"RECALL"},{"data":"Phantom Gift","floor":23,"key":"SMITH"},{"data":"Reunion after Death","floor":25,"key":"SMITH"},{"data":"Ghost Spot","floor":29,"key":"SMITH"}],"circlet_count":0,"master_deck":["Fantasy Butterflies","Fantasy Butterflies","Fantasy Butterflies","Fantasy Butterflies","Fantasy Butterflies","Dreamy Sakura","Dreamy Sakura","Dreamy Sakura","Dreamy Sakura","Dreamy Sakura","Deathly Ground","Open The Fan","Redemption of Death","Gauzy Sakura+1","Wandering Soul+1","Spear of Papilio","Mini Ghostdom","Bloom","Ghostdom Sakura","Phantom Gift+1","Ghost Spot+1","Sweet of Phantom","Unfulfilling Attachment","Dark Wind","Lunch","Showy Withering","Bloom","Reunion after Death+1","Wandering Soul"],"relics":["Coronal","Yuyuko\u0027s fan","HushsDoor","PunchingBag","DeathBook","Bottled Lightning","AntiCross","SalivaCoin","Sozu","TentaclePot:ReiMu","Replay:Bottled Steam","Ghost Lamp","Mastiff:ReiMu","ZunR:ReiMu"],"acts_visited":["Exordium","TheCity"],"potions_floor_usage":[11,24],"damage_taken":[{"damage":11,"enemies":"2 Louse","floor":1,"turns":3},{"damage":12,"enemies":"Jaw Worm","floor":3,"turns":3},{"damage":11,"enemies":"Cultist","floor":5,"turns":4},{"damage":13,"enemies":"Lots of Slimes","floor":7,"turns":2},{"damage":70,"enemies":"Lagavulin","floor":8,"turns":10},{"damage":25,"enemies":"2 Fungi Beasts","floor":10,"turns":5},{"damage":50,"enemies":"Gremlin Nob","floor":11,"turns":5},{"damage":6,"enemies":"Large Slime","floor":14,"turns":6},{"damage":26,"enemies":"Hiden Room Battle","floor":15,"turns":2},{"damage":31,"enemies":"Fading Forest","floor":16,"turns":10},{"damage":25,"enemies":"Shell Parasite","floor":18,"turns":3},{"damage":20,"enemies":"Chosen","floor":19,"turns":4},{"damage":24,"enemies":"Snecko","floor":21,"turns":4},{"damage":50,"enemies":"Slavers","floor":24,"turns":4},{"damage":2,"enemies":"3 Cultists","floor":27,"turns":2},{"damage":14,"enemies":"Snake Plant","floor":30,"turns":1}],"seed_played":"-7799818496986158590","potions_obtained":[{"floor":3,"key":"FearPotion"},{"floor":8,"key":"Fire Potion"},{"floor":10,"key":"Fire Potion"},{"floor":15,"key":"Adrenaline Potion"}],"is_trial":false,"path_per_floor":["M","?","M","$","M","R","M","E","T","M","E","?","R","M","R","B",null,"M","M","$","M","?","R","E","R","T","M","?","R","M"],"character_chosen":"YUYOKO","items_purchased":["Gauzy Sakura+1","Wandering Soul","TentaclePot:ReiMu","Replay:Bottled Steam"],"campfire_rested":0,"item_purchase_floors":[4,4,20,20],"current_hp_per_floor":[41,34,40,40,40,40,33,25,25,39,20,20,20,38,1,34,44,26,31,31,33,33,33,16,16,16,14,14,14,0,0],"gold":238,"neow_bonus":"TEN_PERCENT_HP_BONUS","is_daily":false,"chose_seed":false,"campfire_upgraded":4,"win_rate":0.0,"timestamp":1610538971,"path_taken":["M","?","M","?","M","R","M","E","T","?","E","?","R","M","R","BOSS","M","M","$","M","?","R","E","R","T","M","?","R","?"],"items_purchased_type":["Card","Card","Relic","Relic"],"build_version":"2020-12-22","purchased_purges":1,"victory":false,"max_hp_per_floor":[44,44,44,44,44,44,44,44,44,44,44,44,44,44,44,44,44,44,44,44,44,44,44,44,44,44,44,44,44,44,44],"card_choices":[{"not_picked":[],"picked":"ChaosCard","floor":0},{"not_picked":["Become Phantom","Ticket to Heaven"],"picked":"Open The Fan","floor":1},{"not_picked":["Sweet of Phantom","Dark Wind"],"picked":"Redemption of Death","floor":3},{"not_picked":["The Nether","Childlike"],"picked":"Spear of Papilio","floor":5},{"not_picked":["Full Moon","Serene Spring"],"picked":"Mini Ghostdom","floor":7},{"not_picked":["Sweet of Phantom","Childlike"],"picked":"Bloom","floor":8},{"not_picked":["Bomb","Unpaved Way"],"picked":"Ghostdom Sakura","floor":10},{"not_picked":["Song of Papilio","The Nether"],"picked":"Phantom Gift","floor":11},{"not_picked":["Snow","Suicide"],"picked":"Ghost Spot","floor":14},{"not_picked":["Postpone Bloom","Bomb"],"picked":"Sweet of Phantom","floor":15},{"not_picked":["The Inky Sakura","Reunion after Death"],"picked":"Unfulfilling Attachment","floor":16},{"not_picked":["Serene Spring","Fondling of Papilio+1"],"picked":"Dark Wind","floor":18},{"not_picked":["Stifle","Bloom"],"picked":"Lunch","floor":19},{"not_picked":["Unpaved Way+1","Spear of Papilio+1"],"picked":"Showy Withering","floor":21},{"not_picked":["Mini Ghostdom","Death Dancing"],"picked":"Reunion after Death","floor":24},{"not_picked":["Bloom","Chase The Sukhavati"],"picked":"Wandering Soul","floor":27}],"player_experience":16579,"relics_obtained":[{"floor":8,"key":"DeathBook"},{"floor":11,"key":"Bottled Lightning"},{"floor":15,"key":"AntiCross"},{"floor":15,"key":"SalivaCoin"},{"floor":24,"key":"Ghost Lamp"},{"floor":26,"key":"Mastiff:ReiMu"}],"event_choices":[{"cards_removed":["Faramita\u0027s Temptation"],"damage_healed":0,"gold_gain":0,"player_choice":"Card Removal","damage_taken":7,"max_hp_gain":0,"max_hp_loss":0,"event_name":"Golden Wing","floor":2,"gold_loss":0},{"damage_healed":0,"gold_gain":175,"player_choice":"AGREE","damage_taken":0,"max_hp_gain":0,"max_hp_loss":0,"event_name":"Liars Game","floor":12,"gold_loss":0,"cards_obtained":["Doubt"]},{"damage_healed":0,"gold_gain":0,"player_choice":"Fight","damage_taken":0,"max_hp_gain":0,"max_hp_loss":0,"event_name":"HidenRoomEvent","floor":15,"gold_loss":0},{"damage_healed":0,"gold_gain":0,"player_choice":"Read","damage_taken":0,"max_hp_gain":0,"max_hp_loss":0,"event_name":"The Library","floor":22,"gold_loss":0,"cards_obtained":["Bloom"]},{"damage_healed":0,"gold_gain":0,"player_choice":"π∫¬Ú…Òæ∆","damage_taken":0,"relics_obtained":["ZunR:ReiMu"],"max_hp_gain":0,"max_hp_loss":0,"event_name":"ZunEvent","floor":28,"gold_loss":40}],"is_beta":false,"boss_relics":[{"not_picked":["Replay:Grab Bag","Runic Pyramid"],"picked":"Sozu"},{"not_picked":[]}],"items_purged_floors":[20],"is_endless":false,"potions_floor_spawned":[3,8,10,15,18],"killed_by":"Snake Plant","ascension_level":0}}