{"host":"vfg9szunmpjwj08o","time":1610567588,"event":{"mods":["Act Like it!","BaseMod","Challenge The Spire","Colored Map","Colored Powertips","Conspire","Dark Map","Fox Events","Minty Spire (QoL Compilation)","Relic Stats","StSLib","Waifu the Spire"],"gold_per_floor":[116,41,41,41,58,58,87,87,87,87,87,4,33,43,43,43,43],"floor_reached":16,"language":"ENG","playtime":416,"items_purged":["Strike_B"],"score":255,"play_id":"7f22e9f2-e862-4efb-8414-3bc9aa5c7b86","local_time":"20210113205308","is_ascension_mode":true,"campfire_choices":[{"data":"Zap","floor":6,"key":"SMITH"},{"data":"Dualcast","floor":10,"key":"SMITH"},{"data":"Lockon","floor":15,"key":"SMITH"}],"circlet_count":0,"master_deck":["AscendersBane","Strike_B","Strike_B","Defend_B","Defend_B","Defend_B","Defend_B","Zap+1","Dualcast+1","Glacier","Reinforced Body","Storm","Lockon+1","Blizzard","Ball Lightning"],"relics":["Cracked Core","NeowsBlessing","Unceasing Top","Question Card","Mummified Hand"],"acts_visited":["Exordium"],"potions_floor_usage":[13,16],"damage_taken":[{"damage":0,"enemies":"2 Louse","floor":1,"turns":1},{"damage":0,"enemies":"Jaw Worm","floor":5,"turns":1},{"damage":0,"enemies":"Lagavulin","floor":7,"turns":1},{"damage":13,"enemies":"3 Sentries","floor":13,"turns":10},{"damage":0,"enemies":"Small Slimes","floor":14,"turns":3},{"damage":39,"enemies":"Hexaghost","floor":16,"turns":11}],"seed_played":"3032470126517855350","potions_obtained":[{"floor":1,"key":"Explosive Potion"},{"floor":7,"key":"SpeedPotion"},{"floor":13,"key":"Explosive Potion"}],"is_trial":false,"path_per_floor":["M","$","?","?","M","R","E","?","T","R","?","$","E","M","R","B"],"character_chosen":"DEFECT","items_purchased":["Lockon"],"campfire_rested":0,"item_purchase_floors":[12],"current_hp_per_floor":[64,64,59,59,59,59,59,55,55,55,48,48,35,35,35,0,0],"gold":43,"neow_bonus":"THREE_ENEMY_KILL","is_daily":false,"chose_seed":false,"campfire_upgraded":3,"win_rate":0.0,"timestamp":1610567588,"path_taken":["M","$","?","?","M","R","E","?","T","R","?","$","E","?","R","BOSS"],"items_purchased_type":["Card"],"build_version":"2020-12-22","purchased_purges":1,"victory":false,"max_hp_per_floor":[71,71,71,71,71,71,71,71,71,71,71,71,71,71,71,71,71],"relic_stats":{"counters":[6,27],"Mummified Hand":[0],"Question Card":2,"obtain_stats":[{"NeowsBlessing":0,"Mummified Hand":13,"Cracked Core":0,"Question Card":7,"Unceasing Top":3},{"NeowsBlessing":0,"Mummified Hand":4,"Cracked Core":0,"Question Card":3,"Unceasing Top":1},{"NeowsBlessing":0,"Mummified Hand":13,"Cracked Core":0,"Question Card":3,"Unceasing Top":1}],"Unceasing Top":[0]},"card_choices":[{"not_picked":["Beam Cell","Ball Lightning"],"picked":"Glacier","floor":1},{"not_picked":["Coolheaded","Steam"],"picked":"Reinforced Body","floor":5},{"not_picked":["Barrage","Darkness"],"picked":"Storm","floor":7},{"not_picked":["Multi-Cast","Beam Cell","Redo"],"picked":"Blizzard","floor":13},{"not_picked":["Undo","Lockon","Stack"],"picked":"Ball Lightning","floor":14}],"player_experience":1062201,"relics_obtained":[{"floor":7,"key":"Question Card"},{"floor":13,"key":"Mummified Hand"}],"event_choices":[{"damage_healed":0,"gold_gain":0,"player_choice":"Success","damage_taken":5,"relics_obtained":["Unceasing Top"],"max_hp_gain":0,"max_hp_loss":0,"event_name":"Scrap Ooze","floor":3,"gold_loss":0},{"damage_healed":0,"gold_gain":0,"player_choice":"Leave","damage_taken":0,"max_hp_gain":0,"max_hp_loss":0,"event_name":"The Cleric","floor":4,"gold_loss":0},{"damage_healed":0,"gold_gain":0,"player_choice":"Leave","damage_taken":0,"max_hp_gain":0,"max_hp_loss":0,"event_name":"conspire:Investor","floor":8,"gold_loss":0},{"cards_removed":["Strike_B"],"damage_healed":0,"gold_gain":0,"player_choice":"Card Removal","damage_taken":7,"max_hp_gain":0,"max_hp_loss":0,"event_name":"Golden Wing","floor":11,"gold_loss":0}],"is_beta":false,"boss_relics":[],"items_purged_floors":[2],"is_endless":false,"potions_floor_spawned":[1,7,13],"killed_by":"Hexaghost","ascension_level":19}}