{"host":"50per11302020","time":1610524916,"event":{"mods":["AchievementEnabler","BaseMod","Colored Map","Minty Spire (QoL Compilation)","Relic Stats","StSLib"],"gold_per_floor":[20,33,53,203,203,203,216,216,216,234,234,234,249,279,279,279,279],"floor_reached":16,"language":"ENG","playtime":949,"items_purged":[],"score":199,"play_id":"f1ddd0ae-4e2b-4e90-b008-17be2436c04a","local_time":"20210113000156","is_ascension_mode":true,"campfire_choices":[{"data":"Neutralize","floor":6.0,"key":"SMITH"},{"data":"Leg Sweep","floor":8.0,"key":"SMITH"},{"floor":12.0,"key":"REST"},{"floor":15.0,"key":"REST"}],"circlet_count":0,"master_deck":["AscendersBane","Strike_G","Strike_G","Strike_G","Strike_G","Strike_G","Defend_G","Defend_G","Defend_G","Defend_G","Defend_G","Survivor","Neutralize+1","Finisher","Doubt","Leg Sweep+1","Phantasmal Killer","Phantasmal Killer"],"relics":["Ring of the Snake","Incense Burner","NlothsMask","Pantograph"],"acts_visited":["Exordium"],"potions_floor_usage":[16],"damage_taken":[{"damage":6.0,"enemies":"Cultist","floor":1.0,"turns":5.0},{"damage":2.0,"enemies":"2 Louse","floor":2.0,"turns":4.0},{"damage":0.0,"enemies":"Jaw Worm","floor":3.0,"turns":5.0},{"damage":15.0,"enemies":"Gremlin Gang","floor":7.0,"turns":7.0},{"damage":18.0,"enemies":"Large Slime","floor":10.0,"turns":13.0},{"damage":7.0,"enemies":"Exordium Wildlife","floor":13.0,"turns":6.0},{"damage":46.0,"enemies":"Gremlin Nob","floor":14.0,"turns":5.0},{"damage":56,"enemies":"Hexaghost","floor":16,"turns":14}],"seed_played":"-3302822063672437643","potions_obtained":[{"floor":3.0,"key":"Regen Potion"},{"floor":7.0,"key":"LiquidMemories"},{"floor":13.0,"key":"Swift Potion"},{"floor":14.0,"key":"GamblersBrew"}],"is_trial":false,"path_per_floor":["M","M","M","?","?","R","M","R","T","M","?","R","M","E","R","B"],"character_chosen":"THE_SILENT","items_purchased":[],"campfire_rested":2,"item_purchase_floors":[],"current_hp_per_floor":[53,51,51,51,51,51,36,36,36,33,38,59,52,6,27,0,0],"gold":279,"neow_bonus":"ONE_RARE_RELIC","is_daily":false,"chose_seed":false,"campfire_upgraded":2,"win_rate":0.0,"timestamp":1610524916,"path_taken":["M","M","?","?","?","R","?","R","T","M","?","R","M","E","R","BOSS"],"items_purchased_type":[],"build_version":"2020-12-18","purchased_purges":0,"victory":false,"max_hp_per_floor":[66,66,66,66,66,66,66,66,66,66,71,71,71,71,71,71,71],"relic_stats":{"counters":[8,59],"Pantograph":25,"obtain_stats":[{"Pantograph":14,"Incense Burner":0,"Ring of the Snake":0,"NlothsMask":5},{"Pantograph":7,"Incense Burner":0,"Ring of the Snake":0,"NlothsMask":3},{"Pantograph":45,"Incense Burner":0,"Ring of the Snake":0,"NlothsMask":14}],"Ring of the Snake":[16]},"card_choices":[{"not_picked":["Blade Dance","Bane"],"picked":"Finisher","floor":1.0},{"not_picked":["Dagger Spray","Tactician","Underhanded Strike"],"picked":"SKIP","floor":2.0},{"not_picked":["Quick Slash","Underhanded Strike","Sucker Punch"],"picked":"SKIP","floor":3.0},{"not_picked":["Dagger Spray","Setup"],"picked":"Leg Sweep","floor":7.0},{"not_picked":["Slice","Underhanded Strike","Reflex"],"picked":"SKIP","floor":10.0},{"not_picked":["Cloak And Dagger","Backstab"],"picked":"Phantasmal Killer","floor":13.0},{"not_picked":["Poisoned Stab","Acrobatics"],"picked":"Phantasmal Killer","floor":14.0}],"player_experience":192635,"relics_obtained":[{"floor":14.0,"key":"Pantograph"}],"event_choices":[{"damage_healed":0.0,"max_hp_gain":0.0,"max_hp_loss":0.0,"gold_gain":150.0,"event_name":"Liars Game","player_choice":"AGREE","floor":4.0,"gold_loss":0.0,"damage_taken":0.0,"cards_obtained":["Doubt"]},{"damage_healed":0.0,"max_hp_gain":0.0,"max_hp_loss":0.0,"gold_gain":0.0,"event_name":"FaceTrader","player_choice":"Trade","floor":5.0,"gold_loss":0.0,"damage_taken":0.0,"relics_obtained":["NlothsMask"]},{"damage_healed":0.0,"max_hp_gain":5.0,"max_hp_loss":0.0,"gold_gain":0.0,"event_name":"Big Fish","player_choice":"Donut","floor":11.0,"gold_loss":0.0,"damage_taken":0.0}],"is_beta":true,"boss_relics":[],"items_purged_floors":[],"is_endless":false,"potions_floor_spawned":[3,7,13,14],"killed_by":"Hexaghost","ascension_level":19}}