{"host":"esx1hwjnbftf3eqj","time":1610499357,"event":{"mods":["BaseMod","Colored Map","Minty Spire (QoL Compilation)","StSLib","The Jungle"],"gold_per_floor":[116,128,53,64,81,81,106,106,130,130,150,75,75,105,105,177,177,194,214,25,25,43,43,43,43,121,150,165,165,197,215,215,288,288,299,299,249,263,280,310,326,354,378,403,403,403,182,196,196,196,196,196],"floor_reached":51,"language":"ENG","playtime":4352,"items_purged":["Strike_R","Strike_R","Strike_R","Shame"],"score":1720,"play_id":"9ca5d379-fc65-4a26-8bd8-501bcc3055c7","local_time":"20210112165557","is_ascension_mode":true,"campfire_choices":[{"data":"Entrench","floor":6.0,"key":"SMITH"},{"data":"Offering","floor":8.0,"key":"SMITH"},{"data":"Bash","floor":10.0,"key":"SMITH"},{"data":"Uppercut","floor":15.0,"key":"SMITH"},{"data":"Armaments","floor":23.0,"key":"SMITH"},{"data":"Armaments","floor":25.0,"key":"SMITH"},{"data":"Offering","floor":29.0,"key":"SMITH"},{"data":"Shockwave","floor":32.0,"key":"SMITH"},{"floor":46.0,"key":"RECALL"},{"data":"Dual Wield","floor":49.0,"key":"SMITH"}],"circlet_count":0,"master_deck":["AscendersBane","Defend_R","Defend_R","Defend_R","Defend_R","Bash+1","Bludgeon","Headbutt","Entrench+1","Iron Wave","Offering+1","Uppercut+1","Immolate","Offering+1","Clothesline+1","Evolve","Armaments+1","Armaments+1","Offering+1","Immolate","Shockwave+1","Juggernaut+1","Ghostly Armor","Dual Wield+1"],"relics":["Burning Blood","PreservedInsect","Smiling Mask","Pantograph","Pen Nib","Velvet Choker","Lantern","Eternal Feather","Pocketwatch","Omamori","Calling Bell","Bronze Scales","Pear","Bird Faced Urn","FossilizedHelix","Happy Flower","TungstenRod","Anchor"],"acts_visited":["Exordium","TheCity","TheBeyond"],"potions_floor_usage":[50],"damage_taken":[{"damage":0.0,"enemies":"Small Slimes","floor":1.0,"turns":3.0},{"damage":2.0,"enemies":"Jaw Worm","floor":2.0,"turns":3.0},{"damage":1.0,"enemies":"Cultist","floor":4.0,"turns":3.0},{"damage":14.0,"enemies":"3 Louse","floor":5.0,"turns":6.0},{"damage":15.0,"enemies":"Lagavulin","floor":7.0,"turns":7.0},{"damage":20.0,"enemies":"Exordium Thugs","floor":11.0,"turns":3.0},{"damage":6.0,"enemies":"Gremlin Nob","floor":14.0,"turns":2.0},{"damage":56.0,"enemies":"The Guardian","floor":16.0,"turns":10.0},{"damage":12.0,"enemies":"Shell Parasite","floor":18.0,"turns":1.0},{"damage":6.0,"enemies":"Spheric Guardian","floor":19.0,"turns":1.0},{"damage":13.0,"enemies":"Chosen and Byrds","floor":22.0,"turns":4.0},{"damage":23.0,"enemies":"Slavers","floor":27.0,"turns":3.0},{"damage":20.0,"enemies":"Snake Plant","floor":28.0,"turns":2.0},{"damage":12.0,"enemies":"Gremlin Leader","floor":30.0,"turns":2.0},{"damage":6.0,"enemies":"Centurion and Healer","floor":31.0,"turns":2.0},{"damage":36.0,"enemies":"Automaton","floor":33.0,"turns":8.0},{"damage":3.0,"enemies":"3 Darklings","floor":35.0,"turns":2.0},{"damage":8.0,"enemies":"3 Shapes","floor":38.0,"turns":5.0},{"damage":8.0,"enemies":"3 Darklings","floor":39.0,"turns":2.0},{"damage":12.0,"enemies":"Reptomancer","floor":40.0,"turns":2.0},{"damage":28.0,"enemies":"Transient","floor":41.0,"turns":6.0},{"damage":12.0,"enemies":"Giant Head","floor":42.0,"turns":5.0},{"damage":8.0,"enemies":"Reptomancer","floor":44.0,"turns":5.0},{"damage":0.0,"enemies":"Sphere and 2 Shapes","floor":48.0,"turns":1.0},{"damage":107,"enemies":"Donu and Deca","floor":50,"turns":9},{"damage":62,"enemies":"Time Eater","floor":51,"turns":5}],"seed_played":"-4808678215641020674","potions_obtained":[{"floor":1.0,"key":"PowerPotion"},{"floor":2.0,"key":"BlessingOfTheForge"},{"floor":7.0,"key":"SkillPotion"},{"floor":16.0,"key":"EntropicBrew"},{"floor":33.0,"key":"Block Potion"},{"floor":35.0,"key":"BlessingOfTheForge"},{"floor":39.0,"key":"Fire Potion"},{"floor":40.0,"key":"FairyPotion"}],"is_trial":false,"path_per_floor":["M","M","$","M","M","R","E","R","T","R","M","?","T","E","R","B",null,"M","M","$","?","M","R","?","R","T","E","M","R","E","M","R","B",null,"M","?","$","M","M","E","M","E","T","E","?","R","$","M","R","B","B"],"character_chosen":"IRONCLAD","items_purchased":["Evolve","Armaments","Anchor"],"campfire_rested":0,"item_purchase_floors":[20,20,47],"current_hp_per_floor":[74,75,75,75,67,67,58,58,58,58,44,44,44,44,44,19,61,55,55,55,55,48,48,48,48,48,31,17,29,23,23,35,30,74,77,77,77,79,79,75,55,53,53,55,55,67,67,75,85,17,0,0],"gold":196,"neow_bonus":"ONE_RANDOM_RARE_CARD","is_daily":false,"chose_seed":false,"campfire_upgraded":9,"win_rate":0.0,"timestamp":1610499357,"path_taken":["M","M","$","M","M","R","E","R","T","R","M","?","?","E","R","BOSS","M","M","$","?","M","R","?","R","T","E","?","R","E","M","R","BOSS","M","?","$","M","?","E","M","E","T","E","?","R","$","M","R","BOSS","BOSS"],"items_purchased_type":["Card","Card","Relic"],"build_version":"2020-12-22","purchased_purges":4,"victory":false,"max_hp_per_floor":[75,75,75,75,75,75,75,75,75,75,75,75,75,75,75,75,75,75,75,75,75,75,75,75,75,75,75,75,75,75,75,75,75,85,85,85,85,85,85,85,85,85,85,85,85,85,85,85,85,85,85,85],"card_choices":[{"not_picked":["Perfected Strike","Reckless Charge"],"picked":"Headbutt","floor":1.0},{"not_picked":["Bloodletting","Perfected Strike"],"picked":"Entrench","floor":2.0},{"not_picked":["Wild Strike","Sever Soul"],"picked":"Iron Wave","floor":4.0},{"not_picked":["Thunderclap","Pommel Strike","Havoc"],"picked":"SKIP","floor":5.0},{"not_picked":["Anger","Sever Soul"],"picked":"Offering","floor":7.0},{"not_picked":["Rage","Body Slam"],"picked":"Uppercut","floor":11.0},{"not_picked":["Searing Blow","Reckless Charge"],"picked":"Immolate","floor":14.0},{"not_picked":["Impervious","Exhume"],"picked":"Offering","floor":16.0},{"not_picked":["Cleave","Body Slam","Twin Strike+1"],"picked":"SKIP","floor":18.0},{"not_picked":["Cleave","Thunderclap+1"],"picked":"Clothesline+1","floor":19.0},{"not_picked":["Pummel","Clash"],"picked":"Armaments","floor":22.0},{"not_picked":["Headbutt+1","Perfected Strike"],"picked":"Immolate","floor":27.0},{"not_picked":["Armaments","Heavy Blade","Cleave"],"picked":"SKIP","floor":28.0},{"not_picked":["Bloodletting","Shrug It Off"],"picked":"Shockwave","floor":30.0},{"not_picked":["Burning Pact","Warcry+1","Cleave"],"picked":"SKIP","floor":31.0},{"not_picked":["Feed","Limit Break"],"picked":"Juggernaut","floor":33.0},{"not_picked":["Entrench","Carnage","Twin Strike+1"],"picked":"SKIP","floor":35.0},{"not_picked":["Iron Wave","Heavy Blade","Dark Embrace"],"picked":"SKIP","floor":38.0},{"not_picked":["Havoc","Armaments+1"],"picked":"Ghostly Armor","floor":39.0},{"not_picked":["Whirlwind+1","Fire Breathing","Iron Wave"],"picked":"SKIP","floor":40.0},{"not_picked":["Feed","Rampage+1","Sword Boomerang"],"picked":"SKIP","floor":41.0},{"not_picked":["Pommel Strike","Armaments","Sword Boomerang"],"picked":"SKIP","floor":42.0},{"not_picked":["Searing Blow","Uppercut","Clothesline"],"picked":"SKIP","floor":44.0},{"not_picked":["Battle Trance+1","Impervious"],"picked":"Dual Wield","floor":48.0}],"player_experience":706705,"relics_obtained":[{"floor":7.0,"key":"PreservedInsect"},{"floor":9.0,"key":"Smiling Mask"},{"floor":13.0,"key":"Pantograph"},{"floor":14.0,"key":"Pen Nib"},{"floor":26.0,"key":"Eternal Feather"},{"floor":27.0,"key":"Pocketwatch"},{"floor":30.0,"key":"Omamori"},{"floor":34.0,"key":"Bronze Scales"},{"floor":34.0,"key":"Pear"},{"floor":34.0,"key":"Bird Faced Urn"},{"floor":40.0,"key":"FossilizedHelix"},{"floor":42.0,"key":"Happy Flower"},{"floor":44.0,"key":"TungstenRod"}],"event_choices":[{"cards_removed":["Strike_R"],"damage_healed":0.0,"max_hp_gain":0.0,"max_hp_loss":0.0,"gold_gain":0.0,"event_name":"The Cleric","player_choice":"Card Removal","floor":12.0,"gold_loss":75.0,"damage_taken":0.0},{"damage_healed":0.0,"max_hp_gain":0.0,"max_hp_loss":0.0,"gold_gain":0.0,"event_name":"Addict","player_choice":"Stole Relic","floor":21.0,"gold_loss":0.0,"damage_taken":0.0,"relics_obtained":["Lantern"],"cards_obtained":["Shame"]},{"damage_healed":0.0,"max_hp_gain":0.0,"max_hp_loss":0.0,"gold_gain":0.0,"event_name":"Duplicator","player_choice":"Copied","floor":24.0,"gold_loss":0.0,"damage_taken":0.0,"cards_obtained":["Offering"]},{"damage_healed":0.0,"max_hp_gain":0.0,"max_hp_loss":0.0,"gold_gain":0.0,"event_name":"Accursed Blacksmith","player_choice":"Forge","floor":36.0,"gold_loss":0.0,"damage_taken":0.0,"cards_upgraded":["Juggernaut"]},{"cards_removed":["Strike_R"],"damage_healed":0.0,"max_hp_gain":0.0,"max_hp_loss":0.0,"gold_gain":0.0,"event_name":"Falling","player_choice":"Removed Attack","floor":45.0,"gold_loss":0.0,"damage_taken":0.0}],"is_beta":false,"boss_relics":[{"not_picked":["Runic Cube","Astrolabe"],"picked":"Velvet Choker"},{"not_picked":["Runic Pyramid","Sozu"],"picked":"Calling Bell"}],"items_purged_floors":[3,20,37,47],"is_endless":false,"potions_floor_spawned":[1,2,4,7,14,16,22,28,30,33,35,39,40,41],"killed_by":"Time Eater","ascension_level":20}}