{"host":"odz7g4gpgch153rb","time":1610566756,"event":{"mods":["AchievementEnabler","BaseMod","Better Match","Better Third Choice","BetterRewards","GifTheSpireLib","Infinite Spire","Jedi Mod","Minty Spire (QoL Compilation)","Quick Restart","Replay The Spire","Spikes Relics","StSLib","Stuff the Spire","The Blue Laboratory","Trackpad"],"gold_per_floor":[118,118,118,130,7,7,7,7,7,7,40,40,56,89,89,163,163,177,193,290,290,425,425,425,425,425,475,475,475,171,171,171,281,281,302,420,491,507,507,507,550,550,573,644,73,105,172,172,172,172],"floor_reached":51,"language":"ENG","playtime":2581,"items_purged":["Defend_P","Strike_P","Strike_P+1"],"score":1327,"play_id":"140511aa-543a-4241-bf3f-e82bd9ba4d47","local_time":"20210113143916","is_ascension_mode":true,"campfire_choices":[{"data":"Eruption","floor":6,"key":"SMITH"},{"data":"Vigilance","floor":8,"key":"SMITH"},{"data":"Consecrate","floor":15,"key":"SMITH"},{"floor":23,"key":"REST"},{"data":"infinitespire:Menacing","floor":25,"key":"SMITH"},{"floor":29,"key":"REST"},{"floor":32,"key":"REST"},{"floor":40,"key":"REST"},{"data":"infinitespire:Oblivion","floor":42,"key":"SMITH"},{"data":"Mayhem","floor":49,"key":"SMITH"}],"circlet_count":0,"master_deck":["AscendersBane","Strike_P+1","Defend_P+1","Defend_P+1","Eruption+1","Vigilance+1","Consecrate+1","DeceiveReality","Consecrate","Consecrate+1","infinitespire:Menacing+1","infinitespire:Oblivion+1","BattleHymn","BattleHymn","EmptyBody+1","infinitespire:Starlight","Mayhem+1","SashWhip+1"],"relics":["PureWater","NeowsBlessing","Snack Pack","trackpad:HandOfMidas","Quantum Egg","Turnip","trackpad:GuardianSpirit","jedi:crownofsimplicity","Sozu","GoldenEye","RollingBoulder","Yang","MealTicket","jedi:cryingmask","jedi:angrymask","Nunchaku","infinitespire:Satchel"],"acts_visited":["Exordium","TheCity","TheBeyond"],"potions_floor_usage":[14,14,18,19,33,36,41],"damage_taken":[{"damage":0,"enemies":"Cultist","floor":1,"turns":1},{"damage":0,"enemies":"Jaw Worm","floor":4,"turns":1},{"damage":0,"enemies":"3 Sentries","floor":11,"turns":1},{"damage":0,"enemies":"Small Slimes","floor":13,"turns":2},{"damage":2,"enemies":"Gremlin Nob","floor":14,"turns":4},{"damage":0,"enemies":"Slime Boss","floor":16,"turns":7},{"damage":21,"enemies":"Shell Parasite","floor":18,"turns":6},{"damage":43,"enemies":"Chosen","floor":19,"turns":8},{"damage":0,"enemies":"Snake Plant","floor":20,"turns":1},{"damage":0,"enemies":"Snecko","floor":22,"turns":1},{"damage":7,"enemies":"Centurion and Healer","floor":27,"turns":4},{"damage":20,"enemies":"Automaton","floor":33,"turns":12},{"damage":21,"enemies":"3 Darklings","floor":35,"turns":6},{"damage":0,"enemies":"2 Orb Walkers","floor":36,"turns":4},{"damage":2,"enemies":"Orb Walker","floor":38,"turns":3},{"damage":0,"enemies":"Reptomancer","floor":41,"turns":5},{"damage":0,"enemies":"Sphere and 2 Shapes","floor":44,"turns":2},{"damage":2,"enemies":"R_Hoarder","floor":46,"turns":4},{"damage":6,"enemies":"Maw","floor":47,"turns":6},{"damage":39,"enemies":"Donu and Deca","floor":50,"turns":8}],"seed_played":"-5322875288143534766","potions_obtained":[{"floor":12,"key":"BlessingOfTheForge"},{"floor":12,"key":"Toxic Potion"},{"floor":12,"key":"jedi:mysterypotion"},{"floor":13,"key":"Energy Potion"},{"floor":14,"key":"blueLaboratory:BubblePotion"},{"floor":16,"key":"blueLaboratory:RecallPotion"},{"floor":20,"key":"blueLaboratory:PhilterOfMotion"},{"floor":22,"key":"jedi:StrikingPotion"},{"floor":33,"key":"Weak Potion"}],"is_trial":false,"path_per_floor":["M","?","$","M","$","R","?","R","T","?","E","?","M","E","R","B",null,"M","M","M","AVR","M","R","?","R","T","M","?","R","$","?","R","B",null,"M","?","?","M","AVR","R","E","R","T","M","$","E","M","?","R","B",null],"character_chosen":"WATCHER","items_purchased":["Consecrate","jedi:crownofsimplicity","blueLaboratory:EmptyBottle","FlyingSleeves","jedi:angrymask","Mayhem","Nunchaku"],"campfire_rested":4,"item_purchase_floors":[5,30,30,30,45,45,45],"current_hp_per_floor":[65,58,58,58,58,58,58,58,58,44,44,44,46,48,48,54,68,55,16,16,16,16,37,37,37,37,34,21,44,44,44,67,63,74,61,67,37,39,39,62,76,76,76,77,77,77,77,77,77,64],"gold":172,"neow_bonus":"THREE_ENEMY_KILL","is_daily":false,"chose_seed":false,"campfire_upgraded":6,"win_rate":0.0,"timestamp":1610566756,"path_taken":["M","?","$","M","$","R","?","R","T","?","E","?","?","E","R","BOSS","M","M","M","AVR","M","R","?","R","T","?","?","R","$","?","R","BOSS","M","?","?","M","AVR","R","E","R","T","M","$","E","M","?","R","BOSS"],"items_purchased_type":["Card","Relic","Potion","Card","Relic","Card","Relic"],"build_version":"2020-12-22","purchased_purges":3,"victory":true,"max_hp_per_floor":[72,72,72,72,72,72,72,72,72,72,72,72,72,72,72,72,72,72,72,72,72,72,72,72,72,72,72,77,77,77,77,77,77,77,77,77,77,77,77,77,77,77,77,77,77,77,77,77,77,77],"card_choices":[{"not_picked":["Replay:ManipulateFuture","CutThroughFate"],"picked":"Consecrate","floor":1},{"not_picked":["Study","Replay:BluntJabs"],"picked":"DeceiveReality","floor":4},{"not_picked":["Ragnarok","Wallop"],"picked":"Consecrate","floor":11},{"not_picked":["EmptyMind","Evaluate","SashWhip"],"picked":"SKIP","floor":13},{"not_picked":["EmptyBody","Replay:Battleflow","Swivel"],"picked":"SKIP","floor":14},{"not_picked":["FlurryOfBlows","Pray+1","EmptyBody+1"],"picked":"SKIP","floor":18},{"not_picked":["Pray","Prostrate","Replay:Vibes"],"picked":"SKIP","floor":19},{"not_picked":["Replay:BluntJabs","Weave","Study"],"picked":"SKIP","floor":20},{"not_picked":["Prostrate","WreathOfFlame","CutThroughFate"],"picked":"SKIP","floor":22},{"not_picked":["ThirdEye","SashWhip","Evaluate"],"picked":"SKIP","floor":27},{"not_picked":["Replay:ManipulateFuture","FlyingSleeves"],"picked":"BattleHymn","floor":35},{"not_picked":["Consecrate","Crescendo+1"],"picked":"BattleHymn","floor":37},{"not_picked":["JustLucky","Weave"],"picked":"EmptyBody+1","floor":37},{"not_picked":["SashWhip","CutThroughFate","WreathOfFlame+1"],"picked":"SKIP","floor":38},{"not_picked":["WheelKick","WreathOfFlame","Replay:ManipulateFuture"],"picked":"SKIP","floor":41},{"not_picked":["CutThroughFate","DeceiveReality","Sanctity"],"picked":"SKIP","floor":44},{"not_picked":["ClearTheMind","BattleHymn","BowlingBash"],"picked":"SKIP","floor":46},{"not_picked":["DevaForm","Replay:Hum"],"picked":"SashWhip+1","floor":47}],"player_experience":1045239,"relics_obtained":[{"floor":9,"key":"Snack Pack"},{"floor":11,"key":"trackpad:HandOfMidas"},{"floor":14,"key":"Quantum Egg"},{"floor":26,"key":"trackpad:GuardianSpirit"},{"floor":36,"key":"GoldenEye"},{"floor":37,"key":"RollingBoulder"},{"floor":41,"key":"MealTicket"},{"floor":43,"key":"jedi:cryingmask"},{"floor":46,"key":"infinitespire:Satchel"}],"event_choices":[{"cards_removed":["Strike_P"],"damage_healed":0,"gold_gain":0,"player_choice":"Card Removal","damage_taken":7,"max_hp_gain":0,"max_hp_loss":0,"event_name":"Golden Wing","floor":2,"gold_loss":0},{"damage_healed":58,"gold_gain":0,"player_choice":"Upgrade","damage_taken":14,"max_hp_gain":0,"max_hp_loss":72,"event_name":"betterThird:BetterShining","floor":10,"gold_loss":0,"cards_upgraded":["Defend_P","Consecrate"]},{"damage_healed":0,"gold_gain":0,"player_choice":"Got Potions","damage_taken":0,"max_hp_gain":0,"max_hp_loss":0,"event_name":"Lab","floor":12,"gold_loss":0},{"cards_removed":["Defend_P"],"damage_healed":0,"gold_gain":0,"player_choice":"Purged","damage_taken":0,"max_hp_gain":0,"max_hp_loss":0,"event_name":"Purifier","floor":24,"gold_loss":0},{"damage_healed":0,"gold_gain":0,"player_choice":"Shed Blood","damage_taken":18,"max_hp_gain":5,"max_hp_loss":0,"event_name":"Forgotten Altar","floor":28,"gold_loss":0},{"damage_healed":0,"gold_gain":0,"player_choice":"Simplicity","damage_taken":0,"max_hp_gain":0,"max_hp_loss":2,"event_name":"betterThird:BetterWriting","floor":31,"gold_loss":0},{"damage_healed":0,"gold_gain":0,"player_choice":"Fight","damage_taken":0,"max_hp_gain":0,"max_hp_loss":0,"event_name":"Mysterious Sphere","floor":36,"gold_loss":0},{"cards_removed":["FlyingSleeves"],"damage_healed":0,"gold_gain":0,"player_choice":"Removed Attack","damage_taken":0,"max_hp_gain":0,"max_hp_loss":0,"event_name":"Falling","floor":48,"gold_loss":0}],"is_beta":false,"boss_relics":[{"not_picked":["infinitespire:Cupcake","Abe\u0027s Treasure","Replay:Bronze Core"]},{"not_picked":["ChewingGum","Replay:Wanted Poster"],"picked":"Sozu"}],"items_purged_floors":[5,21,39],"is_endless":false,"potions_floor_spawned":[13,14,16,20,22,27,33,38,41,47],"ascension_level":13}}