{"host":"78azdv0oxplymbah","time":1610528773,"event":{"mods":["Arknights The Spire","BaseMod","Decade(王小明)","DeckTracker","Highlight Path","KinomotoSakuraMod(木之本樱)","Minty Spire (QoL Compilation)","MostiFishMod","Quick Restart","Relic Stats","Remove Card Discount Mod","Replay The Spire","Spicy Shops","StSLib","Td1madao Mod","The Marked","The Servant 0.9.4","【功能Mod】混沌之环修复补丁","【遗物卡牌】REMEMod"],"gold_per_floor":[116,134,134,134,118,118,118],"floor_reached":6,"language":"ZHS","playtime":314,"items_purged":["Voices","ReplayTheSpireMod:Scrap Shanks","Strike_B","Strike_B","Strike_B","Strike_B","Defend_B","Defend_B"],"score":34,"play_id":"51e07f82-c71b-4ed6-98ec-2621d76da372","local_time":"20210113170613","is_ascension_mode":false,"campfire_choices":[],"circlet_count":0,"master_deck":["Defend_B","Defend_B","Zap","Dualcast","Redo","Compile Driver"],"relics":["Cracked Core","DaveBox","REME_ComplimentaryCards","BrkXgEgg","SynthV:TestCard","ReplayTheSpireMod:Lightbulb"],"acts_visited":["Exordium"],"potions_floor_usage":[],"damage_taken":[{"damage":1,"enemies":"Jaw Worm","floor":1,"turns":3},{"damage":4,"enemies":"2 Louse","floor":2,"turns":2},{"damage":52,"enemies":"3 Sentries","floor":6,"turns":6}],"seed_played":"5246946885904719911","potions_obtained":[],"is_trial":false,"path_per_floor":["M","M","?","?","$","E"],"character_chosen":"DEFECT","items_purchased":[],"campfire_rested":0,"item_purchase_floors":[],"current_hp_per_floor":[81,77,77,52,52,0,0],"gold":118,"neow_bonus":"TEN_PERCENT_HP_BONUS","is_daily":false,"chose_seed":false,"campfire_upgraded":0,"win_rate":0.0,"timestamp":1610528773,"path_taken":["M","M","?","?","$","E"],"items_purchased_type":[],"build_version":"2020-12-22","purchased_purges":8,"victory":false,"max_hp_per_floor":[82,82,82,82,82,82,82],"relic_stats":{"counters":[3,11],"obtain_stats":[{"SynthV:TestCard":1,"DaveBox":0,"BrkXgEgg":0,"Cracked Core":0,"ReplayTheSpireMod:Lightbulb":4,"REME_ComplimentaryCards":0},{"SynthV:TestCard":1,"DaveBox":0,"BrkXgEgg":0,"Cracked Core":0,"ReplayTheSpireMod:Lightbulb":2,"REME_ComplimentaryCards":0},{"SynthV:TestCard":3,"DaveBox":0,"BrkXgEgg":0,"Cracked Core":0,"ReplayTheSpireMod:Lightbulb":5,"REME_ComplimentaryCards":0}]},"card_choices":[{"not_picked":["Go for the Eyes","Streamline"],"picked":"Redo","floor":1},{"not_picked":["Barrage","Conserve Battery","Steam","Beam Cell"],"picked":"Compile Driver","floor":2}],"player_experience":10803,"relics_obtained":[{"floor":1,"key":"SynthV:TestCard"}],"event_choices":[{"damage_healed":0,"gold_gain":0,"player_choice":"Success","damage_taken":25,"relics_obtained":["ReplayTheSpireMod:Lightbulb"],"max_hp_gain":0,"max_hp_loss":0,"event_name":"Scrap Ooze","floor":4,"gold_loss":0}],"is_beta":false,"boss_relics":[],"items_purged_floors":[5,5,5,5,5,5,5,5],"is_endless":false,"potions_floor_spawned":[],"killed_by":"3 Sentries","ascension_level":0}}