{"host":"pletss163z7s8pvv","time":1610502113,"event":{"mods":["AchievementEnabler","BaseMod","Colored Map","Colored Powertips","Minty Spire (QoL Compilation)"],"gold_per_floor":[114,129,144,219,234,264,264,279,279,279,32,47,47,77,77,177,177,192,207,5,5,5,5,5,5,5,5,20,65,80,80,80,198,257,272,287,302,23,32,15,15,42,101,116,131,140,155,170,170,179],"floor_reached":51,"language":"ENG","playtime":1060,"items_purged":["Normality"],"score":1009,"play_id":"f4ff8025-1333-4fe7-8305-0a6fe8811f7f","local_time":"20210112194153","daily_mods":["Cursed Run","Vintage","Lethality"],"is_ascension_mode":false,"campfire_choices":[{"data":"Eruption","floor":7,"key":"SMITH"},{"data":"Halt","floor":10,"key":"SMITH"},{"floor":15,"key":"REST"},{"data":"ConjureBlade","floor":23,"key":"SMITH"},{"data":"Trip","floor":25,"key":"SMITH"},{"floor":27,"key":"REST"},{"floor":32,"key":"REST"},{"data":"Omniscience","floor":41,"key":"SMITH"},{"floor":46,"key":"REST"},{"data":"Secret Weapon","floor":49,"key":"SMITH"}],"circlet_count":0,"master_deck":["Defend_P+1","Defend_P+1","Defend_P","Defend_P","Eruption+1","Vigilance","Halt+1","Clumsy","CutThroughFate","EmptyBody","Regret","BowlingBash","Writhe","ConjureBlade+1","Consecrate+1","Shame","Purity","Trip+1","Dark Shackles","Bite","Bite","Bite","Bite","Bite","Clumsy","Omniscience+1","LikeWater","Consecrate","FlurryOfBlows","Pain","Prostrate","Panache","Secret Weapon+1","The Bomb","Normality","Protect+1","Injury"],"relics":["Cursed Key","Darkstone Periapt","Du-Vu Doll","Pen Nib","Happy Flower","PreservedInsect","Potion Belt","Meat on the Bone","Orichalcum","White Beast Statue","ClockworkSouvenir","Bottled Flame","Smiling Mask","War Paint","SacredBark","Blue Candle","Pantograph","Damaru","Nilry\u0027s Codex","Gremlin Horn","CeramicFish","Centennial Puzzle","Bronze Scales","Tiny House","Juzu Bracelet","Dream Catcher","Bag of Marbles","Strawberry","WarpedTongs","Akabeko","InkBottle","Toxic Egg 2","Ginger","The Courier"],"acts_visited":["Exordium","TheCity","TheBeyond"],"potions_floor_usage":[16,16,30,33,33,33,33,33,50,50,50,50,50],"damage_taken":[{"damage":0,"enemies":"Cultist","floor":1,"turns":2},{"damage":1,"enemies":"Jaw Worm","floor":2,"turns":3},{"damage":0,"enemies":"2 Louse","floor":3,"turns":2},{"damage":5,"enemies":"Exordium Thugs","floor":5,"turns":2},{"damage":0,"enemies":"Gremlin Nob","floor":6,"turns":2},{"damage":5,"enemies":"Exordium Wildlife","floor":8,"turns":2},{"damage":0,"enemies":"Looter","floor":12,"turns":1},{"damage":7,"enemies":"Lagavulin","floor":14,"turns":3},{"damage":4,"enemies":"Slime Boss","floor":16,"turns":5},{"damage":12,"enemies":"Shell Parasite","floor":18,"turns":4},{"damage":0,"enemies":"Spheric Guardian","floor":19,"turns":1},{"damage":0,"enemies":"Snecko","floor":28,"turns":2},{"damage":41,"enemies":"Snake Plant","floor":30,"turns":3},{"damage":50,"enemies":"Collector","floor":33,"turns":4},{"damage":7,"enemies":"Orb Walker","floor":35,"turns":2},{"damage":19,"enemies":"3 Darklings","floor":36,"turns":3},{"damage":10,"enemies":"Writhing Mass","floor":37,"turns":2},{"damage":2,"enemies":"Jaw Worm Horde","floor":44,"turns":1},{"damage":27,"enemies":"Maw","floor":45,"turns":3},{"damage":9,"enemies":"3 Darklings","floor":47,"turns":3},{"damage":0,"enemies":"Writhing Mass","floor":48,"turns":1},{"damage":27,"enemies":"Donu and Deca","floor":50,"turns":5}],"seed_played":"-4624312993155624390","potions_obtained":[{"floor":2,"key":"Ambrosia"},{"floor":3,"key":"Fire Potion"},{"floor":5,"key":"LiquidBronze"},{"floor":8,"key":"FearPotion"},{"floor":12,"key":"Block Potion"},{"floor":16,"key":"Strength Potion"},{"floor":18,"key":"Ancient Potion"},{"floor":28,"key":"PowerPotion"},{"floor":30,"key":"AttackPotion"},{"floor":33,"key":"Strength Potion"},{"floor":34,"key":"Weak Potion"},{"floor":35,"key":"BottledMiracle"},{"floor":36,"key":"SpeedPotion"},{"floor":37,"key":"BlessingOfTheForge"},{"floor":44,"key":"PowerPotion"},{"floor":45,"key":"ColorlessPotion"},{"floor":47,"key":"Dexterity Potion"}],"is_trial":false,"path_per_floor":["M","M","M","?","M","E","R","M","T","R","$","M","?","E","R","B",null,"M","M","$","?","?","R","?","R","T","R","M","?","M","?","R","B",null,"M","M","M","$","?","$","R","?","T","M","M","R","M","M","R","B",null],"character_chosen":"WATCHER","items_purchased":["ClockworkSouvenir","CutThroughFate","EmptyBody","Damaru","Consecrate","Strawberry","Consecrate","FlurryOfBlows","Prostrate"],"campfire_rested":4,"item_purchase_floors":[11,11,11,20,20,38,38,38,40],"current_hp_per_floor":[72,71,71,60,55,55,55,50,56,56,56,56,62,55,80,82,90,78,78,78,62,68,68,41,41,47,77,79,79,56,56,86,62,113,109,94,88,95,101,101,101,91,97,97,81,120,115,117,117,121],"gold":179,"neow_bonus":"","is_daily":true,"chose_seed":false,"campfire_upgraded":6,"win_rate":0.0,"timestamp":1610502113,"path_taken":["M","M","M","?","M","E","R","M","T","R","$","M","?","E","R","BOSS","M","M","$","?","?","R","?","R","T","R","?","?","M","?","R","BOSS","M","M","M","$","?","$","R","?","T","M","M","R","M","M","R","BOSS"],"items_purchased_type":["Relic","Card","Card","Relic","Card","Relic","Card","Card","Card"],"build_version":"2020-12-22","purchased_purges":1,"victory":true,"max_hp_per_floor":[72,72,72,72,72,72,72,72,78,78,78,78,84,84,84,90,90,90,90,90,90,96,96,96,96,102,102,102,102,102,102,102,108,113,113,113,113,120,126,126,126,126,132,132,132,132,132,132,132,138],"card_choices":[{"not_picked":["ClearTheMind","BowlingBash"],"picked":"Halt","floor":6},{"not_picked":["Nirvana","Halt"],"picked":"BowlingBash","floor":14},{"not_picked":["Brilliance","MasterReality"],"picked":"ConjureBlade","floor":16},{"not_picked":["Alpha","SpiritShield"],"picked":"Omniscience","floor":33},{"not_picked":["Fasting2","Evaluate"],"picked":"LikeWater","floor":34},{"not_picked":["Forethought","Metamorphosis"],"picked":"Panache","floor":42},{"not_picked":["Deep Breath","Enlightenment"],"picked":"Secret Weapon","floor":42},{"not_picked":["Secret Technique","Transmutation"],"picked":"The Bomb","floor":42},{"not_picked":["Weave","PathToVictory+1"],"picked":"Protect+1","floor":46}],"player_experience":414020,"relics_obtained":[{"floor":1,"key":"Pen Nib"},{"floor":2,"key":"Happy Flower"},{"floor":3,"key":"PreservedInsect"},{"floor":5,"key":"Potion Belt"},{"floor":6,"key":"Meat on the Bone"},{"floor":8,"key":"Orichalcum"},{"floor":9,"key":"White Beast Statue"},{"floor":12,"key":"Bottled Flame"},{"floor":14,"key":"War Paint"},{"floor":18,"key":"Blue Candle"},{"floor":19,"key":"Pantograph"},{"floor":21,"key":"Nilry\u0027s Codex"},{"floor":26,"key":"Gremlin Horn"},{"floor":28,"key":"CeramicFish"},{"floor":30,"key":"Centennial Puzzle"},{"floor":35,"key":"Juzu Bracelet"},{"floor":36,"key":"Dream Catcher"},{"floor":37,"key":"Bag of Marbles"},{"floor":43,"key":"Akabeko"},{"floor":44,"key":"InkBottle"},{"floor":45,"key":"Toxic Egg 2"},{"floor":47,"key":"Ginger"},{"floor":48,"key":"The Courier"}],"event_choices":[{"damage_healed":0,"gold_gain":75,"player_choice":"Gather Gold","damage_taken":11,"max_hp_gain":0,"max_hp_loss":0,"event_name":"World of Goop","floor":4,"gold_loss":0},{"damage_healed":0,"gold_gain":0,"player_choice":"Box","damage_taken":0,"relics_obtained":["Smiling Mask"],"max_hp_gain":0,"max_hp_loss":0,"event_name":"Big Fish","floor":13,"gold_loss":0,"cards_obtained":["Regret"]},{"damage_healed":0,"gold_gain":0,"player_choice":"Obtained Book","damage_taken":16,"max_hp_gain":0,"max_hp_loss":0,"event_name":"Cursed Tome","floor":21,"gold_loss":0},{"damage_healed":0,"gold_gain":0,"player_choice":"Stole Relic","damage_taken":0,"relics_obtained":["Blood Vial"],"max_hp_gain":0,"max_hp_loss":0,"event_name":"Addict","floor":22,"gold_loss":0,"cards_obtained":["Shame"]},{"damage_healed":0,"gold_gain":0,"player_choice":"CARD CARD CARD ","damage_taken":27,"max_hp_gain":0,"max_hp_loss":0,"event_name":"Knowing Skull","floor":24,"potions_obtained":[],"gold_loss":0,"cards_obtained":["Purity","Trip","Dark Shackles"]},{"damage_healed":0,"gold_gain":0,"player_choice":"Became a vampire (Vial)","damage_taken":0,"max_hp_gain":0,"max_hp_loss":0,"event_name":"Vampires","floor":29,"relics_lost":["Blood Vial"],"gold_loss":0,"cards_obtained":["Bite","Bite","Bite","Bite","Bite"]},{"damage_healed":0,"gold_gain":0,"player_choice":"Opened","damage_taken":0,"relics_obtained":["Bronze Scales"],"max_hp_gain":0,"max_hp_loss":0,"event_name":"The Mausoleum","floor":31,"gold_loss":0},{"damage_healed":0,"gold_gain":0,"player_choice":"Rummage","damage_taken":0,"relics_obtained":["WarpedTongs"],"max_hp_gain":0,"max_hp_loss":0,"event_name":"Accursed Blacksmith","floor":39,"gold_loss":0,"cards_obtained":["Pain"]},{"damage_healed":0,"gold_gain":0,"player_choice":"Memory 3","damage_taken":10,"max_hp_gain":0,"max_hp_loss":0,"event_name":"SensoryStone","floor":42,"gold_loss":0}],"is_beta":false,"boss_relics":[{"not_picked":["Ectoplasm","Empty Cage"],"picked":"SacredBark"},{"not_picked":["Black Star","Velvet Choker"],"picked":"Tiny House"}],"items_purged_floors":[38],"is_endless":false,"potions_floor_spawned":[2,3,5,8,12,14,16,18,19,28,30,33,35,36,37,44,45,47,48],"ascension_level":0}}