{"host":"laaugowj4oxtps61","time":1610571039,"event":{"mods":["2.2 Compatiblity","AchievementEnabler","Act Like it!","BaseMod","Better Third Choice","Conspire","Curses Come First","Downfall","Hubris","Hyrulean Relics","Infinite Spire","Minty Spire (QoL Compilation)","Nova Terra(??·??)","Pale of the Ancients","Prisma Mod","Rare Cards Sparkle","Replay The Spire","SOS???????","Small Relic Pack","StSLib","The Bug Knight","The Cursed","The Death Knight","The Exalted","The Kombatant","The Saiyan","The Servant 0.9.4","The Wild Card","TheHero","TheVelvet","vexMod"],"gold_per_floor":[117,117,132,132,132,132,175,175,200,233,233,8,8,22,22,151,151,172,172,185,205,205,205,229,229,306,326,350,350,425,445,445,571,571,586,111,111,127,127,171,171,171],"floor_reached":41,"language":"ENG","playtime":2436,"items_purged":["conspire:Blindness"],"score":502,"play_id":"fb239c5a-2d06-47fd-89b9-34563a753abe","local_time":"20210113145039","is_ascension_mode":false,"campfire_choices":[{"floor":6,"key":"REST"},{"floor":11,"key":"REST"},{"floor":15,"key":"REST"},{"floor":23,"key":"REST"},{"floor":25,"key":"REST"},{"floor":29,"key":"DIG"},{"floor":32,"key":"REST"}],"circlet_count":0,"master_deck":["Strike_G+1","Strike_G+1","Strike_G+1","Strike_G+1","Strike_G+1","Defend_G","Defend_G","Defend_G","Defend_G","Defend_G","Survivor","Neutralize","CurseOfTheBell","Deadly Poison","Draining Mist","Replay:Bag of Tricks","Toxin Wave","Fluid Movement","Poisoned Stab","Cloak And Dagger","Deadly Poison","Draining Mist","Poison Darts","Phantasmal Killer","conspire:PoisonWeapons","Dash+1","Dagger Spray","Cloak And Dagger+1","Noxious Fumes","Noxious Fumes","Flying Knee+1","Dagger Spray","ReplayTheSpireMod:Necrosis","relicPack:ZaWorld","Dodge and Roll","Caltrops","hubris:TrickCloak","expansioncontent:PolyBeam","Bane+1","Madness","Madness","Slice"],"relics":["Calling Bell","Anchor","ReplayTheSpireMod:Shallot","Tingsha","Golden Idol","Replay:Bottled Eggs","Snake Skull","Orrery","HollowMod:PaleOreRelic","Shovel","Bronze Scales","Bromod:ArcanePulse","vexMod:BigBerry","Replay:Bottled Flurry","ReplayTheSpireMod:CursedCoin","infinitespire:BottledMercury","relicPack:StarArrow","Lee\u0027s Waffle","Ancient Tea Set","Bromod:ArcaneMomentum","vexMod:MemoryStick"],"acts_visited":["Exordium","TheCity","TheBeyond"],"potions_floor_usage":[16,24,31,33,33],"damage_taken":[{"damage":1,"enemies":"Jaw Worm","floor":1,"turns":5},{"damage":4,"enemies":"conspire:RoseBush","floor":3,"turns":3},{"damage":10,"enemies":"HollowMod:MossKnight","floor":7,"turns":10},{"damage":12,"enemies":"Replay:BlueRogue","floor":10,"turns":5},{"damage":0,"enemies":"Small Slimes","floor":14,"turns":2},{"damage":24,"enemies":"Hexaghost","floor":16,"turns":7},{"damage":13,"enemies":"3 Byrds","floor":18,"turns":3},{"damage":25,"enemies":"2 Thieves","floor":20,"turns":3},{"damage":32,"enemies":"Centurion and Healer","floor":21,"turns":7},{"damage":7,"enemies":"Snake Plant","floor":24,"turns":4},{"damage":8,"enemies":"3 Cultists","floor":28,"turns":3},{"damage":18,"enemies":"Shelled Parasite and Fungi","floor":31,"turns":4},{"damage":77,"enemies":"hubris:MusketHawk","floor":33,"turns":10},{"damage":10,"enemies":"3 Shapes","floor":35,"turns":4},{"damage":16,"enemies":"Orb Walker","floor":38,"turns":3},{"damage":43,"enemies":"HollowMod:StalkingDevout","floor":40,"turns":8},{"damage":37,"enemies":"Sphere and 2 Shapes","floor":41,"turns":6}],"seed_played":"2225998257535013831","potions_obtained":[{"floor":3,"key":"Poison Potion"},{"floor":16,"key":"SpeedPotion"},{"floor":18,"key":"SteroidPotion"},{"floor":21,"key":"DeathKnight:BottledBloodEchoes"},{"floor":31,"key":"Reflective Coating"},{"floor":40,"key":"Doom Potion"}],"is_trial":false,"path_per_floor":["M","?","M","?","?","R","E","$","T","E","R","$","T","M","R","B",null,"M","?","M","M","?","R","M","R","T","$","M","R","?","M","R","B",null,"M","$","?","M","?","E","M"],"character_chosen":"THE_SILENT","items_purchased":["Snake Skull","Orrery","Bronze Scales","Draining Mist","ReplayTheSpireMod:CursedCoin","Noxious Fumes","Lee\u0027s Waffle","Caltrops","Ancient Tea Set","Bromod:ArcaneMomentum"],"campfire_rested":6,"item_purchase_floors":[8,8,12,12,27,27,36,36,36,36],"current_hp_per_floor":[69,52,48,48,48,69,59,39,39,27,48,48,48,48,70,46,100,87,87,62,30,30,61,54,85,85,85,77,77,67,49,80,3,100,90,107,107,91,78,35,0,0],"gold":171,"neow_bonus":"BOSS_RELIC","is_daily":false,"chose_seed":false,"campfire_upgraded":0,"win_rate":0.0,"timestamp":1610571039,"path_taken":["M","?","M","?","?","R","E","?","T","E","R","$","?","?","R","BOSS","M","?","?","M","?","R","M","R","T","$","M","R","?","?","R","BOSS","M","$","?","?","?","E","M"],"items_purchased_type":["Relic","Relic","Relic","Card","Relic","Card","Relic","Card","Relic","Relic"],"build_version":"2020-12-22","purchased_purges":1,"victory":false,"max_hp_per_floor":[70,70,70,70,70,70,70,70,70,70,70,70,70,70,70,70,100,100,100,100,100,100,100,100,100,100,100,100,100,100,100,100,100,100,100,107,107,107,107,107,107,107],"card_choices":[{"not_picked":["ReplayTheSpireMod:Exploit Weakness","Endless Agony"],"picked":"Deadly Poison","floor":1},{"not_picked":["Cloak And Dagger","Bane"],"picked":"Draining Mist","floor":3},{"not_picked":["Fluid Movement","Outmaneuver","Blur"],"picked":"SKIP","floor":7},{"not_picked":["Finisher","Well Laid Plans"],"picked":"Replay:Bag of Tricks","floor":8},{"not_picked":["Deflect","Backflip"],"picked":"Toxin Wave","floor":8},{"not_picked":["Expertise","Hidden Blade"],"picked":"Fluid Movement","floor":8},{"not_picked":["Cloak And Dagger","Acrobatics"],"picked":"Poisoned Stab","floor":8},{"not_picked":["Outmaneuver","Expertise"],"picked":"Cloak And Dagger","floor":8},{"not_picked":["Acrobatics","Cloak And Dagger"],"picked":"Deadly Poison","floor":10},{"not_picked":["Bane","Dash"],"picked":"Poison Darts","floor":14},{"not_picked":["Wraith Form v2","Bullet Time"],"picked":"Phantasmal Killer","floor":16},{"not_picked":["Well Laid Plans","Expertise"],"picked":"conspire:PoisonWeapons","floor":18},{"not_picked":["Prepared","Quick Slash"],"picked":"Dash+1","floor":20},{"not_picked":["ReplayTheSpireMod:Shiv Toss","Cloak And Dagger"],"picked":"Dagger Spray","floor":21},{"not_picked":["Riddle With Holes","Hidden Blade"],"picked":"Cloak And Dagger+1","floor":24},{"not_picked":["Bullet Time","hubris:SlightOfHand"],"picked":"Flying Knee+1","floor":28},{"not_picked":["PiercingWail","ReplayTheSpireMod:Exploit Weakness"],"picked":"Dagger Spray","floor":31},{"not_picked":["Adrenaline","Grand Finale"],"picked":"ReplayTheSpireMod:Necrosis","floor":33},{"not_picked":["hubris:SlightOfHand","Underhanded Strike+1"],"picked":"Dodge and Roll","floor":35},{"not_picked":["Crippling Poison","Deflect"],"picked":"Bane+1","floor":38},{"not_picked":["Sucker Punch+1","Backflip+1"],"picked":"Slice","floor":40}],"player_experience":486475,"relics_obtained":[{"floor":0,"key":"Anchor"},{"floor":0,"key":"ReplayTheSpireMod:Shallot"},{"floor":0,"key":"Tingsha"},{"floor":7,"key":"Replay:Bottled Eggs"},{"floor":9,"key":"HollowMod:PaleOreRelic"},{"floor":10,"key":"Shovel"},{"floor":13,"key":"Bromod:ArcanePulse"},{"floor":26,"key":"Replay:Bottled Flurry"},{"floor":29,"key":"infinitespire:BottledMercury"},{"floor":40,"key":"vexMod:MemoryStick"}],"event_choices":[{"damage_healed":0,"gold_gain":0,"player_choice":"Take Damage","damage_taken":17,"relics_obtained":["Golden Idol"],"max_hp_gain":0,"max_hp_loss":0,"event_name":"Golden Idol","floor":2,"gold_loss":0},{"damage_healed":48,"gold_gain":0,"player_choice":"Embrace Burn","damage_taken":0,"max_hp_gain":0,"max_hp_loss":70,"event_name":"betterThird:BetterShining","floor":4,"gold_loss":0},{"damage_healed":0,"gold_gain":0,"player_choice":"Disagree","damage_taken":0,"max_hp_gain":0,"max_hp_loss":0,"event_name":"conspire:LoneGhost","floor":5,"gold_loss":0},{"cards_removed":["Burn"],"damage_healed":0,"gold_gain":0,"player_choice":"Purged","damage_taken":0,"max_hp_gain":0,"max_hp_loss":0,"event_name":"Purifier","floor":19,"gold_loss":0},{"damage_healed":0,"gold_gain":75,"player_choice":"Touch","damage_taken":10,"max_hp_gain":0,"max_hp_loss":0,"event_name":"FaceTrader","floor":30,"gold_loss":0},{"damage_healed":0,"gold_gain":0,"player_choice":"2 cards matched","damage_taken":0,"max_hp_gain":0,"max_hp_loss":0,"event_name":"Match and Keep!","floor":37,"gold_loss":0,"cards_obtained":["hubris:TrickCloak","expansioncontent:PolyBeam"]},{"damage_healed":0,"gold_gain":0,"player_choice":"Embrace Madness","damage_taken":13,"max_hp_gain":0,"max_hp_loss":0,"event_name":"Winding Halls","floor":39,"gold_loss":0,"cards_obtained":["Madness","Madness"]}],"is_beta":false,"boss_relics":[{"not_picked":["Pandora\u0027s Box","Bromod:ArcaneGrace"],"picked":"vexMod:BigBerry"},{"not_picked":["Replay:Bronze Core","Tiny House"],"picked":"relicPack:StarArrow"}],"items_purged_floors":[27],"is_endless":false,"potions_floor_spawned":[3,16,18,21,31,40],"killed_by":"Sphere and 2 Shapes","ascension_level":0}}