{"host":"s6mlqkqtr3ey2mm2","time":1610575927,"event":{"mods":["2.2 Compatiblity","AchievementEnabler","Aspiration","BaseMod","Beaked The Cultist","Better Note","Better Vampires","BetterRewards","Challenge The Spire","Colored Map","Colored Powertips","Conspire","Curses Come First","Downfall","Emptier Cage","Energized Spire","GifTheSpireLib","GungeonMod","Halation","Hermit","Hubris","Infinite Spire","Ironclad Rager","Magitek Elite","Marked Mod","Minty Spire (QoL Compilation)","Poor People Problems","Quick Restart","RatMod","Replay The Spire","Retaliation","Robot Space Explorer","Shade Mod","Somnambulant","Spicy Shops","StSLib","Stuff the Spire","The Blue Laboratory","The Construct","The Druid","The Hierophant","The IronCluck","The Necromancer","The Poker Player","The Runesmith","The Servant 0.9.4","The Valiant","vexMod"],"gold_per_floor":[114,114,124,124,124,124,159,159,186,186,197,210,224,224,224,224,224],"floor_reached":16,"language":"ENG","playtime":988,"items_purged":[],"score":125,"play_id":"3f358a50-49df-4460-a791-4f787fcf365d","local_time":"20210113171207","is_ascension_mode":false,"campfire_choices":[{"data":"Dagger Spray","floor":6,"key":"SMITH"},{"floor":8,"key":"REST"},{"data":"StuffTheSpire:MirrorStance","floor":10,"key":"SMITH"},{"data":"rat:EchoingStrikes","floor":15,"key":"SMITH"}],"circlet_count":0,"master_deck":["Strike_G+1","Strike_G","Strike_G","Strike_G","Strike_G","Defend_G","Defend_G","Defend_G","Defend_G","Defend_G+1","Survivor","Neutralize+1","Riddle With Holes+1","Dagger Spray+1","StuffTheSpire:MirrorStance+1","rat:EchoingStrikes+1","Replay:Poison Smokescreen","Outmaneuver"],"relics":["Ring of the Snake","DemoMod:Metronome","rat:QuicksilverSash","Mango"],"acts_visited":["Exordium"],"potions_floor_usage":[7,16,16],"damage_taken":[{"damage":3,"enemies":"Small Slimes","floor":1,"turns":4},{"damage":3,"enemies":"Jaw Worm","floor":3,"turns":3},{"damage":17,"enemies":"Gremlin Nob","floor":7,"turns":4},{"damage":0,"enemies":"2 Louse","floor":11,"turns":2},{"damage":0,"enemies":"Gremlin Gang","floor":12,"turns":2},{"damage":7,"enemies":"Large Slime","floor":13,"turns":4},{"damage":81,"enemies":"Fading Forest","floor":16,"turns":8}],"seed_played":"-5336135162896921033","potions_obtained":[{"floor":3,"key":"blueLaboratory:BlinkPotion"},{"floor":11,"key":"blueLaboratory:FruitPunch"},{"floor":13,"key":"Guardian:BlockOnCardUsePotion"}],"is_trial":false,"path_per_floor":["M","?","M","?","?","R","E","R","T","R","M","M","M","T","R","B"],"character_chosen":"THE_SILENT","items_purchased":[],"campfire_rested":1,"item_purchase_floors":[],"current_hp_per_floor":[67,53,50,50,50,50,33,54,54,54,54,54,47,61,61,0,0],"gold":224,"neow_bonus":"UPGRADE_CARD","is_daily":false,"chose_seed":false,"campfire_upgraded":3,"win_rate":0.0,"timestamp":1610575927,"path_taken":["M","?","M","?","?","R","E","R","T","R","M","M","?","?","R","BOSS"],"items_purchased_type":[],"build_version":"2020-12-22","purchased_purges":0,"victory":false,"max_hp_per_floor":[70,70,70,70,70,70,70,70,70,70,70,70,70,84,84,86,86],"card_choices":[{"not_picked":["rat:SiphonSilver","Bane"],"picked":"Riddle With Holes","floor":1},{"not_picked":["Distraction","Deflect"],"picked":"Dagger Spray","floor":3},{"not_picked":["Masterful Stab","ReplayTheSpireMod:Necrosis"],"picked":"StuffTheSpire:MirrorStance","floor":7},{"not_picked":["Dagger Throw","Backflip"],"picked":"rat:EchoingStrikes","floor":11},{"not_picked":["ReplayTheSpireMod:Speed Training","rat:EchoingStrikes"],"picked":"Replay:Poison Smokescreen","floor":12},{"not_picked":["conspire:PoisonWeapons","StuffTheSpire:Python"],"picked":"Outmaneuver","floor":13}],"player_experience":96033,"relics_obtained":[{"floor":7,"key":"DemoMod:Metronome"},{"floor":9,"key":"rat:QuicksilverSash"},{"floor":14,"key":"Mango"}],"event_choices":[{"damage_healed":0,"gold_gain":0,"player_choice":"Entered Light","damage_taken":14,"max_hp_gain":0,"max_hp_loss":0,"event_name":"Shining Light","floor":2,"gold_loss":0,"cards_upgraded":["Strike_G","Defend_G"]},{"damage_healed":0,"gold_gain":0,"player_choice":"Leave","damage_taken":0,"max_hp_gain":0,"max_hp_loss":0,"event_name":"conspire:Investor","floor":5,"gold_loss":0}],"is_beta":false,"boss_relics":[],"items_purged_floors":[],"is_endless":false,"potions_floor_spawned":[3,11,13],"killed_by":"Fading Forest","ascension_level":0}}