{"host":"ukx402utdi8v8522","time":1610532489,"event":{"mods":["AchievementEnabler","BaseMod","Colored Map","Downfall","Minty Spire (QoL Compilation)","StSLib"],"gold_per_floor":[99,113,124,299,299,224,274,274,306,318,318,418,447,463,482,482,482,482],"floor_reached":16,"language":"ENG","playtime":900,"items_purged":[],"score":110,"play_id":"f2438003-4c37-42b6-bee1-31c86d810d38","local_time":"20210113210809","is_ascension_mode":false,"campfire_choices":[{"floor":1,"key":"RECALL"},{"data":"champ:Taunt","floor":6,"key":"SMITH"}],"circlet_count":0,"master_deck":["champ:Strike","champ:Strike+1","champ:Strike","champ:Strike+1","champ:Defend+1","champ:Defend","champ:Defend","champ:Execute","champ:Taunt+1","champ:PerfectedStrike","champ:BerserkersShout","Doubt","champ:ShieldWall","champ:PerfectedStrike+1","champ:TornadoPunch","champ:DefensiveStyle","champ:RecklessLeap+1","champ:FanOfKnives+1"],"relics":["champ:ChampionCrown","downfall:ShatteredFragment","downfall:HeartBlessingRed","Orichalcum","Singing Bowl","Molten Egg 2"],"acts_visited":["Exordium"],"potions_floor_usage":[12,13,15],"damage_taken":[{"damage":5,"enemies":"2 Louse","floor":2,"turns":4},{"damage":5,"enemies":"Small Slimes","floor":3,"turns":2},{"damage":10,"enemies":"Gremlin Nob","floor":9,"turns":4},{"damage":6,"enemies":"Jaw Worm","floor":10,"turns":2},{"damage":65,"enemies":"downfall:Heads","floor":12,"turns":8},{"damage":32,"enemies":"Lagavulin","floor":13,"turns":6},{"damage":17,"enemies":"Exordium Wildlife","floor":14,"turns":4},{"damage":20,"enemies":"Blue Slaver","floor":15,"turns":1},{"damage":37,"enemies":"downfall:Ironclad","floor":16,"turns":5}],"seed_played":"-2008200123388944492","potions_obtained":[{"floor":2,"key":"Slimebound:ThreeZeroPotion"},{"floor":3,"key":"SpeedPotion"},{"floor":12,"key":"FairyPotion"},{"floor":13,"key":"ColorlessPotion"}],"is_trial":false,"path_per_floor":["R","M","M","?","?","R","T","T","E","M","?","?","E","M","M","B"],"character_chosen":"THE_CHAMP","items_purchased":[],"campfire_rested":0,"item_purchase_floors":[],"current_hp_per_floor":[99,99,94,94,67,67,67,67,62,58,58,20,35,31,31,0,0,0],"gold":482,"neow_bonus":"TEN_PERCENT_HP_BONUS","is_daily":false,"chose_seed":false,"campfire_upgraded":1,"win_rate":0.0,"timestamp":1610532489,"path_taken":["R","M","M","?","?","R","T","?","E","?","?","?","E","M","M","BOSS"],"items_purchased_type":[],"build_version":"2020-12-22","purchased_purges":0,"victory":false,"max_hp_per_floor":[99,99,99,99,99,99,99,99,99,101,101,101,101,101,101,101,101,101],"card_choices":[{"not_picked":["champ:FlashCut","champ:GladiatorsShout"],"picked":"champ:PerfectedStrike","floor":2},{"not_picked":["champ:BladeFlurry","champ:Backstep"],"picked":"champ:BerserkersShout","floor":3},{"not_picked":["champ:Backstep","champ:DefensiveShout"],"picked":"champ:ShieldWall","floor":9},{"not_picked":["champ:GladiatorsShout","champ:IgnorePain","champ:PreciseThrust"],"picked":"Singing Bowl","floor":10},{"not_picked":["champ:TornadoPunch","champ:RecklessLeap"],"picked":"champ:PerfectedStrike","floor":12},{"not_picked":["champ:BringItOn","champ:AdrenalArmor"],"picked":"champ:DefensiveStyle","floor":13},{"not_picked":["champ:Circumvent","champ:ShieldThrow+1"],"picked":"champ:RecklessLeap+1","floor":14},{"not_picked":["champ:StanceDance","champ:Haymaker+1"],"picked":"champ:FanOfKnives+1","floor":15}],"player_experience":522720,"relics_obtained":[{"floor":7,"key":"Orichalcum"},{"floor":9,"key":"Singing Bowl"},{"floor":13,"key":"Molten Egg 2"}],"event_choices":[],"is_beta":false,"boss_relics":[],"items_purged_floors":[],"is_endless":false,"potions_floor_spawned":[2,3,12,13],"killed_by":"downfall:Ironclad","ascension_level":0}}