{"host":"17uzppmr1r5fe5jj","time":1610542262,"event":{"mods":["BaseMod","Minty Spire (QoL Compilation)","StSLib","TestMod","Youmu£¨»êÆÇÑýÃÎ£©","[IsaacMod]ÒÔÈö¼âËþ"],"gold_per_floor":[116,133,533,559,328,328,36,75,126,153,202,268,268,289,289,393,393,373,94,108,120,120,186,249,249,249,99,159,180,180,180,180,298,298,336,18,31,38,54,96,126,56,56,76,83,83,110,134,134,134],"floor_reached":51,"language":"ZHS","playtime":4595,"items_purged":["Strike_YM","Defend_YM","Defend_YM","Strike_YM","Defend_YM"],"score":865,"play_id":"7d13af2e-0c21-4857-8ec6-14479afd095d","local_time":"20210113205102","daily_mods":["Heirloom","Flight"],"is_ascension_mode":false,"campfire_choices":[{"data":"HumanGodSword","floor":6.0,"key":"SMITH"},{"data":"Apotheosis","floor":13.0,"key":"SMITH"},{"floor":15.0,"key":"REST"},{"floor":25.0,"key":"REST"},{"floor":30.0,"key":"REST"},{"floor":32.0,"key":"REST"},{"floor":49,"key":"REST"}],"circlet_count":0,"master_deck":["Strike_YM","Strike_YM","Defend_YM","SlashOfPresentWorld","WheelOfPainOfLivingAndDead","HellFireSword","HumanGodSword+1","Apotheosis+1","IrresoluteSoul","SwordExtraction","SpiritMediumsBind","FourBirthsSword","SuddenDivineSeveringOfKarmicWind","CrescentMoonSlash","WickedSoul","SanzenSekai","PreachingAvici+1","Decay","StrangeHalfBody","Madness","Madness","HeartExcerptSlash+1","SuddenPhantomFormationSlashOfKarmicWind","Parasite","TwoHundredYojanaInOneSlash+1","KarmicPunishmentOfTheIdleAndUnfocused"],"relics":["HalfPhantom","testmod-TestBox","SalivaCoin","testmod-Alchemist","Torii","HandDrill","Oddly Smooth Stone","Happy Flower","Hakurouken","HowToJump","testmod-NegativeEmotionEnhancer","testmod-Antiphasic","DeathBook","ChestCloth","SharpPlug","Strawberry","testmod-Recursion","BookOfRevelations","MawBank","D4","Bottled Lightning"],"acts_visited":["Exordium","TheCity","TheBeyond"],"potions_floor_usage":[33,41,50,50],"damage_taken":[{"damage":1.0,"enemies":"Jaw Worm","floor":1.0,"turns":4.0},{"damage":0.0,"enemies":"Small Slimes","floor":2.0,"turns":3.0},{"damage":1.0,"enemies":"2 Louse","floor":4.0,"turns":3.0},{"damage":24.0,"enemies":"Large Slime","floor":8.0,"turns":4.0},{"damage":6.0,"enemies":"2 Fungi Beasts","floor":10.0,"turns":5.0},{"damage":13.0,"enemies":"3 Sentries","floor":11.0,"turns":12.0},{"damage":8.0,"enemies":"Lagavulin Event","floor":12.0,"turns":7.0},{"damage":1.0,"enemies":"The Guardian","floor":16.0,"turns":9.0},{"damage":0.0,"enemies":"2 Thieves","floor":18.0,"turns":4.0},{"damage":0.0,"enemies":"Chosen","floor":20.0,"turns":5.0},{"damage":0.0,"enemies":"Shelled Parasite and Fungi","floor":21.0,"turns":5.0},{"damage":39.0,"enemies":"Slavers","floor":23.0,"turns":9.0},{"damage":5.0,"enemies":"Book of Stabbing","floor":24.0,"turns":6.0},{"damage":47.0,"enemies":"Slavers","floor":28.0,"turns":7.0},{"damage":7.0,"enemies":"Centurion and Healer","floor":29.0,"turns":5.0},{"damage":18,"enemies":"Automaton","floor":33,"turns":8},{"damage":30,"enemies":"3 Darklings","floor":35,"turns":4},{"damage":0,"enemies":"Orb Walker","floor":37,"turns":4},{"damage":0,"enemies":"Jaw Worm Horde","floor":39,"turns":3},{"damage":1,"enemies":"Reptomancer","floor":40,"turns":6},{"damage":1,"enemies":"Sphere and 2 Shapes","floor":41,"turns":3},{"damage":18,"enemies":"Writhing Mass","floor":44,"turns":5},{"damage":0,"enemies":"Giant Head","floor":47,"turns":7},{"damage":9,"enemies":"3 Darklings","floor":48,"turns":4},{"damage":0,"enemies":"Awakened One","floor":50,"turns":7}],"seed_played":"-6569629374532966659","potions_obtained":[{"floor":8.0,"key":"SteroidPotion"},{"floor":11.0,"key":"Block Potion"},{"floor":12.0,"key":"Swift Potion"},{"floor":16.0,"key":"SkillPotion"},{"floor":20.0,"key":"EssenceOfSteel"},{"floor":23.0,"key":"BlessingOfTheForge"},{"floor":28.0,"key":"PowerPotion"},{"floor":35,"key":"Dexterity Potion"},{"floor":40,"key":"Explosive Potion"},{"floor":41,"key":"CausticAgent"}],"is_trial":true,"path_per_floor":["M","M","?","M","$","R","$","M","T","M","E","?","R","?","R","B",null,"M","$","M","M","?","E","E","R","T","$","E","M","R","?","R","B",null,"M","$","M","?","M","E","M","$","T","M","?","$","E","M","R","B",null],"character_chosen":"YOUMU","items_purchased":["HandDrill","Apotheosis","testmod-Antiphasic","BookOfRevelations","SuddenPhantomFormationSlashOfKarmicWind"],"campfire_rested":5,"item_purchase_floors":[5,7,19,36,42],"current_hp_per_floor":[74,74,74,73,73,73,73,49,49,43,30,22,22,10,32,31,75,76,76,77,78,78,43,40,64,64,64,28,24,50,50,76,62,90,67,67,69,57,61,66,69,69,69,53,38,38,40,39,68,74],"gold":134,"neow_bonus":"","is_daily":false,"chose_seed":false,"campfire_upgraded":2,"win_rate":0.0,"timestamp":1610542262,"path_taken":["M","M","?","M","$","R","$","M","T","M","E","?","R","?","R","BOSS","M","$","M","M","?","E","E","R","T","$","E","?","R","?","R","BOSS","M","$","M","?","M","E","M","$","T","M","?","?","E","?","R","BOSS"],"items_purchased_type":["Relic","Card","Relic","Relic","Card"],"build_version":"2020-12-22","purchased_purges":5,"victory":true,"max_hp_per_floor":[75,75,75,75,75,75,75,75,75,75,75,75,75,75,75,75,75,76,76,77,78,78,79,80,80,80,80,88,89,89,89,89,90,90,91,91,92,92,93,94,95,95,95,96,96,96,97,98,98,99],"card_choices":[{"not_picked":["RapidSlash","ObsessionSword"],"picked":"HellFireSword","floor":1.0},{"not_picked":["LowerRealmReflectionSlash","SpiritCuttingSword"],"picked":"Bomb","floor":2.0},{"not_picked":["SlashOfDelusionalInnerEye","Bomb"],"picked":"HumanGodSword","floor":4.0},{"not_picked":["FantasyOfEnteringEnlightenment","SwordOfBindingDesires"],"picked":"IrresoluteSoul","floor":8.0},{"not_picked":["ThreeKonsSevenHakus","ThoughtCuttingSword"],"picked":"SwordExtraction","floor":10.0},{"not_picked":["LowerRealmReflectionSlash","TenKingsRetributionOnThePreta"],"picked":"SpiritMediumsBind","floor":11.0},{"not_picked":["SpiritCuttingSword","EchoesOfTheInclemencyOfAllBeings"],"picked":"FourBirthsSword","floor":12.0},{"not_picked":["StrangeHalfBody","SlashOfSaigyouSpringWind"],"picked":"SuddenDivineSeveringOfKarmicWind","floor":16.0},{"not_picked":["PhosphoricSlash","BizarrenessOfSixRealms","PreachingAvici+1"],"picked":"SKIP","floor":18.0},{"not_picked":["SlashOfMeditation","DispleasureOfTheSevenHakus"],"picked":"CrescentMoonSlash","floor":20.0},{"not_picked":["DoubleWheelOfPain","PhosphoricSlash"],"picked":"WickedSoul","floor":21.0},{"not_picked":["DoubleWheelOfPain","TwoHundredYojanaInOneSlash","CherryBlossomFlashing"],"picked":"SKIP","floor":23.0},{"not_picked":["LowerRealmReflectionSlash","PhosphoricSlash","CherryBlossomFlashing"],"picked":"SKIP","floor":24.0},{"not_picked":["TwoHundredYojanaInOneSlash","HumanKnowledgeSword+1"],"picked":"SanzenSekai","floor":28.0},{"not_picked":["SlashOfAscensionToBuddhahood","ConstancyOfTheConventionalTruth"],"picked":"PreachingAvici+1","floor":29.0},{"not_picked":["ReincarnationSword","HeavenGodSword"],"picked":"StrangeHalfBody","floor":33},{"not_picked":["ConstancyOfTheConventionalTruth+1","LowerRealmReflectionSlash","AsTheSilentNirvana+1"],"picked":"SKIP","floor":35},{"not_picked":["ConstancyOfTheConventionalTruth+1","LowerRealmReflectionSlash","AsTheSilentNirvana+1"],"picked":"SKIP","floor":35},{"not_picked":["PhosphoricSlash","FantasyOfEnteringEnlightenment","HellGodSword+1"],"picked":"SKIP","floor":37},{"not_picked":["SpiritCuttingSword","ObsessionWithThePresentWorld+1","PhosphoricSlash"],"picked":"SKIP","floor":39},{"not_picked":["SpiritCuttingSword","ObsessionWithThePresentWorld+1","PhosphoricSlash"],"picked":"SKIP","floor":39},{"not_picked":["SpiritCuttingSword+1","SlashOfMeditation","DeadlyForm"],"picked":"SKIP","floor":40},{"not_picked":["SwordOfBindingDesires","SanzenSekai"],"picked":"HeartExcerptSlash+1","floor":41},{"not_picked":["CherryBlossomFlashing+1","DispleasureOfTheSevenHakus+1"],"picked":"TwoHundredYojanaInOneSlash+1","floor":44},{"not_picked":["HumanKnowledgeSword","ThreeKonsSevenHakus+1"],"picked":"KarmicPunishmentOfTheIdleAndUnfocused","floor":47},{"not_picked":["ConstancyOfTheConventionalTruth","DispleasureOfTheSevenHakus","ObsessionWithThePresentWorld"],"picked":"SKIP","floor":48}],"player_experience":85344,"relics_obtained":[{"floor":9.0,"key":"Oddly Smooth Stone"},{"floor":11.0,"key":"Happy Flower"},{"floor":12.0,"key":"Hakurouken"},{"floor":23.0,"key":"DeathBook"},{"floor":24.0,"key":"ChestCloth"},{"floor":26.0,"key":"SharpPlug"},{"floor":28.0,"key":"Strawberry"},{"floor":40,"key":"MawBank"},{"floor":43,"key":"D4"},{"floor":47,"key":"Bottled Lightning"}],"event_choices":[{"damage_healed":0.0,"max_hp_gain":0.0,"max_hp_loss":0.0,"gold_gain":400.0,"event_name":"¶÷ÂåË¹µÄÅÌ×Ó","player_choice":"Sell","floor":3.0,"relics_lost":["HushsDoor"],"gold_loss":0.0,"damage_taken":0.0},{"damage_healed":0.0,"max_hp_gain":0.0,"max_hp_loss":0.0,"gold_gain":0.0,"event_name":"Dead Adventurer","player_choice":"Searched \u00271\u0027 times","floor":12.0,"gold_loss":0.0,"damage_taken":0.0},{"damage_healed":0.0,"max_hp_gain":0.0,"max_hp_loss":0.0,"gold_gain":0.0,"event_name":"Scrap Ooze","player_choice":"Success","floor":14.0,"gold_loss":0.0,"damage_taken":12.0,"relics_obtained":["HowToJump"]},{"damage_healed":0.0,"max_hp_gain":0.0,"max_hp_loss":0.0,"gold_gain":0.0,"event_name":"Vampires","player_choice":"Ignored","floor":22.0,"gold_loss":0.0,"damage_taken":0.0},{"damage_healed":0.0,"max_hp_gain":0.0,"max_hp_loss":0.0,"gold_gain":0.0,"event_name":"Forgotten Altar","player_choice":"Smashed Altar","floor":31.0,"gold_loss":0.0,"damage_taken":0.0,"cards_obtained":["Decay"]},{"damage_healed":0,"gold_gain":0,"player_choice":"Embrace Madness","damage_taken":12,"max_hp_gain":0,"max_hp_loss":0,"event_name":"Winding Halls","floor":38,"gold_loss":0,"cards_obtained":["Madness","Madness"]}],"is_beta":false,"boss_relics":[{"not_picked":["Snecko Eye","testmod-StringDisintegrator"],"picked":"testmod-NegativeEmotionEnhancer"},{"not_picked":["Coffee Dripper","Philosopher\u0027s Stone"],"picked":"testmod-Recursion"}],"items_purged_floors":[5,7,19,27,36],"is_endless":false,"potions_floor_spawned":[8,11,12,16,20,23,28,35,40,41],"ascension_level":0}}