{"host":"1fgbilnqahig8ycc","time":1610509952,"event":{"mods":["AchievementEnabler","Astrologer","BaseMod","Bestiary","BetterRewards","Clockwork Mod","Colored Map","Colored Powertips","Downfall","Energized Spire","Friendly Minions","Hermit","Hubris","Jorbs\u0027s Wanderer Trilogy","Minty Spire (QoL Compilation)","Quick Restart","Replay The Spire","StSLib","The Administrix","The Bug Knight","The Cursed","The Gatherer","The Marked","The Servant 0.9.4"],"gold_per_floor":[0,17,17,27,38,73,73,73,84,84,84,104,104,104,104,135,153,254,254,254,272,272,63,75,60,112,112,112,112],"floor_reached":27,"language":"ENG","playtime":1669,"items_purged":["Guardian:Defend_Guardian"],"score":221,"play_id":"564cca1f-6333-4bbc-a587-e8d77f9385a0","local_time":"20210112195232","is_ascension_mode":false,"campfire_choices":[{"data":"Guardian:SpikerProtocol","floor":10,"key":"SMITH"},{"data":"Guardian:FloatingOrbs","floor":13,"key":"SMITH"}],"circlet_count":0,"master_deck":["Guardian:Strike_Guardian","Guardian:Strike_Guardian","Guardian:Strike_Guardian","Guardian:Defend_Guardian","Guardian:Defend_Guardian","Guardian:Defend_Guardian","Guardian:CurlUp","Guardian:TwinSlam","Guardian:FloatingOrbs+1","Guardian:PrimingBeam+1","Guardian:Planning","Guardian:SpikerProtocol+1","Guardian:Recover","hubris:NaturalOne","Guardian:TimeSifter+1","Guardian:Gem_Cyan","Guardian:Preprogram","Guardian:Gem_Blue","expansioncontent:Chronoboost","Guardian:FloatingOrbs","Guardian:ChargeUp","Guardian:PrismaticBarrier"],"relics":["Guardian:ModeShifter","Ice Cream","Quantum Egg","Replay:PocketPolymizer","hubris:Icosahedron","Toy Ornithopter","energizedSpire:OgreHead","hubris:BottledHeart","BargainBundle"],"acts_visited":["Exordium","TheCity"],"potions_floor_usage":[6,18,27,27,27],"damage_taken":[{"damage":2,"enemies":"Jaw Worm","floor":2,"turns":4},{"damage":0,"enemies":"2 Louse","floor":4,"turns":3},{"damage":0,"enemies":"Cultist","floor":5,"turns":3},{"damage":18,"enemies":"Lagavulin","floor":6,"turns":9},{"damage":4,"enemies":"Blue Slaver","floor":9,"turns":4},{"damage":0,"enemies":"2 Fungi Beasts","floor":12,"turns":3},{"damage":6,"enemies":"Gremlin Nob","floor":16,"turns":3},{"damage":10,"enemies":"Large Slime","floor":17,"turns":5},{"damage":18,"enemies":"downfall:Defect","floor":18,"turns":7},{"damage":0,"enemies":"Spheric Guardian","floor":21,"turns":4},{"damage":0,"enemies":"downfall:FleeingMerchant","floor":23,"turns":4},{"damage":0,"enemies":"Shell Parasite","floor":24,"turns":5},{"damage":0,"enemies":"downfall:FleeingMerchant","floor":25,"turns":4},{"damage":8,"enemies":"Colosseum Nobs","floor":27,"turns":4}],"seed_played":"-8492062030517535568","potions_obtained":[{"floor":4,"key":"Block Potion"},{"floor":12,"key":"Dexterity Potion"},{"floor":16,"key":"Dexterity Potion"},{"floor":17,"key":"Fire Potion"}],"is_trial":false,"path_per_floor":["R_BF","M","?","M","M","E","T","?","M","R","?","M","R","PTL","PTL","E","M","B",null,"R_BF","M","?","$","M","$","T","?"],"character_chosen":"GUARDIAN","items_purchased":["BargainBundle","Guardian:Gem_Blue","expansioncontent:Chronoboost","Guardian:FloatingOrbs","Energy Potion","PowerPotion"],"campfire_rested":0,"item_purchase_floors":[23,23,23,23,23,23],"current_hp_per_floor":[80,78,66,66,66,48,48,48,44,44,44,44,44,44,44,38,28,15,80,1,1,1,1,1,1,1,0,0,0],"gold":112,"neow_bonus":"ONE_RARE_RELIC","is_daily":false,"chose_seed":false,"campfire_upgraded":2,"win_rate":0.0,"timestamp":1610509952,"path_taken":["R_BF","M","?","M","M","E","T","?","M","R","?","M","R","PTL","PTL","E","M","BOSS","R_BF","M","?","$","M","$","T","?"],"items_purchased_type":["Relic","Card","Card","Card","Potion","Potion"],"build_version":"2020-12-22","purchased_purges":1,"victory":false,"max_hp_per_floor":[80,80,80,80,80,80,80,80,80,80,80,80,80,80,80,80,80,80,80,1,1,1,1,1,1,1,1,1,1],"card_choices":[{"not_picked":["Guardian:TemporalShield","Guardian:Gem_Red"],"picked":"Guardian:FloatingOrbs","floor":2},{"not_picked":["Guardian:Suspension","Guardian:Gem_Fragmented","Guardian:PrimingBeam"],"picked":"SKIP","floor":4},{"not_picked":["Guardian:RollAttack","Guardian:PolyBeam"],"picked":"Guardian:PrimingBeam","floor":5},{"not_picked":["Guardian:TemporalShield","Guardian:StasisStrike"],"picked":"Guardian:Planning","floor":6},{"not_picked":["Guardian:WalkerClaw","Guardian:Incinerate"],"picked":"Guardian:SpikerProtocol","floor":9},{"not_picked":["Guardian:Gem_Lightblue","Guardian:Gem_Fragmented"],"picked":"Guardian:Gem_Red","floor":12},{"not_picked":["Guardian:Reroute","Guardian:Gem_Red"],"picked":"Guardian:Recover","floor":16},{"not_picked":["Guardian:Suspension","Guardian:PolyBeam","Guardian:TemporalShield"],"picked":"SKIP","floor":17},{"not_picked":["Guardian:HyperBeam_Guardian","Guardian:BaubleBeam"],"picked":"Guardian:TimeSifter","floor":18},{"not_picked":["Guardian:TemporalShield","Guardian:ChargeCore"],"picked":"Guardian:Preprogram","floor":21},{"not_picked":["Guardian:PrimingBeam","Guardian:TemporalStrike","Guardian:Incinerate"],"picked":"SKIP","floor":23},{"not_picked":["Guardian:Gem_Purple","Guardian:Incinerate"],"picked":"Guardian:ChargeUp","floor":24},{"not_picked":["Guardian:Gem_Crimson","Guardian:ShieldSpikes+1"],"picked":"Guardian:PrismaticBarrier","floor":25}],"player_experience":363078,"relics_obtained":[{"floor":6,"key":"Quantum Egg"},{"floor":7,"key":"Replay:PocketPolymizer"},{"floor":16,"key":"Toy Ornithopter"}],"event_choices":[],"is_beta":false,"boss_relics":[{"not_picked":["energizedSpire:RedRose","Runic Pyramid"],"picked":"energizedSpire:OgreHead"}],"items_purged_floors":[23],"is_endless":false,"potions_floor_spawned":[4,12,16,17,24],"killed_by":"Colosseum Nobs","ascension_level":0}}