{"host":"64h6jdpsiwrne03s","time":1610524693,"event":{"mods":["Act Like it!","BaseMod","Bestiary","Colored Powertips","Gensokyo","Marisa£®ÏF”Í°°ƒß¿Ì…≥£©","Minty Spire (QoL Compilation)","Reimu£®≤©¿ˆ¡È√Œ£©","Remilia£®¿Ÿ√◊¿Ú—«£©","StSLib","The Servant 0.9.4","Youmu£®ªÍ∆«—˝√Œ£©"],"gold_per_floor":[113,113,17,17,31,64,64,64,64,377,277,28,61,74,74,174,174,187,187,67,79,79,104,29,44,44,92,2,2,2,22,22,122,122,118,128,140,40,54,81,52,52,52,80,80,111,128,146,146,146,146,146,49,80,80],"floor_reached":56,"language":"ZHS","playtime":4829,"items_purged":["Defend_RM","Defend_RM"],"score":1688,"play_id":"b11e265b-8af7-4947-9e88-730d0c16d276","local_time":"20210113155813","is_ascension_mode":true,"campfire_choices":[{"data":"RedMoon","floor":7.0,"key":"SMITH"},{"data":"ScarletSymphony","floor":15,"key":"SMITH"},{"data":"BloodySeventeenLaser","floor":29,"key":"SMITH"},{"floor":32,"key":"RECALL"},{"data":"1","floor":49,"key":"LIFT"},{"data":"2","floor":52,"key":"LIFT"}],"circlet_count":0,"master_deck":["RedMoon+1","LeisurelyOfLord+1","MiserableFate","BloodySeventeenLaser+1","ScarletSymphony+1","StarOfDavid+1","DevilSight+1","VampireFantasy+1","ReincarnationDial+1","GlobalNightmare+1","ForecastOfChange","BloodHunter+1","Gensokyo:PrivateSquare+1","BloodAndWine+1","UnderTheZenith+1","ScarletDream+1"],"relics":["ScarletHat","Happy Flower","Mango","Boot","Toxic Egg 2","AntiCross","Incense Burner","Astrolabe","Gensokyo:MaskOfHope","Art of War","Sundial","Singing Bowl","Runic Pyramid","Omamori","Ice Cream","Darkstone Periapt","Shuriken","Girya","Bottled Lightning"],"acts_visited":["Gensokyo:Gensokyo","Gensokyo:Gensokyoer","Gensokyo:Gensokyoest","TheEnding"],"potions_floor_usage":[55,55,55],"damage_taken":[{"damage":2.0,"enemies":"Gensokyo:Python","floor":1.0,"turns":4.0},{"damage":5.0,"enemies":"Gensokyo:Gryphon","floor":5.0,"turns":7.0},{"damage":26.0,"enemies":"Gensokyo:Aya","floor":6.0,"turns":10.0},{"damage":1.0,"enemies":"Gensokyo:3_Fairies","floor":10.0,"turns":4.0},{"damage":13,"enemies":"Gensokyo:Mamizou","floor":13,"turns":8},{"damage":0,"enemies":"Gensokyo:VengefulSpirit","floor":14,"turns":2},{"damage":16,"enemies":"Gensokyo:Yukari","floor":16,"turns":8},{"damage":10,"enemies":"Gensokyo:AngelMirror","floor":18,"turns":3},{"damage":0,"enemies":"Gensokyo:Chomper","floor":21,"turns":2},{"damage":0,"enemies":"Gensokyo:Reisen","floor":23,"turns":1},{"damage":0,"enemies":"Gensokyo:Wraith","floor":25,"turns":3},{"damage":4,"enemies":"Gensokyo:Tenshi","floor":27,"turns":3},{"damage":0,"enemies":"Gensokyo:Chomper_and_Gloop","floor":31,"turns":3},{"damage":8,"enemies":"Gensokyo:Eiki","floor":33,"turns":5},{"damage":37,"enemies":"Gensokyo:3_Boulders","floor":35,"turns":4},{"damage":0,"enemies":"Gensokyo:3_Bats","floor":36,"turns":3},{"damage":0,"enemies":"Gensokyo:AtlasGolem","floor":37,"turns":3},{"damage":0,"enemies":"Gensokyo:Dusk_and_Dawn","floor":39,"turns":2},{"damage":8,"enemies":"Gensokyo:Kasen","floor":40,"turns":3},{"damage":1,"enemies":"Gensokyo:Rafflesia","floor":41,"turns":5},{"damage":1,"enemies":"Gensokyo:Marisa","floor":44,"turns":3},{"damage":3,"enemies":"Gensokyo:Doremy","floor":46,"turns":4},{"damage":0,"enemies":"Gensokyo:SeedOfUnknown","floor":47,"turns":5},{"damage":0,"enemies":"Gensokyo:3_Boulders","floor":48,"turns":7},{"damage":42,"enemies":"Gensokyo:Scarlet_Devils","floor":50,"turns":17},{"damage":2,"enemies":"Shield and Spear","floor":54,"turns":5},{"damage":93,"enemies":"The Heart","floor":55,"turns":6}],"seed_played":"4898773076516105686","potions_obtained":[{"floor":1.0,"key":"FearPotion"},{"floor":6.0,"key":"ZuzhouPotion:ReiMu"},{"floor":10.0,"key":"Ancient Potion"},{"floor":14,"key":"SkillPotion"},{"floor":18,"key":"Strength Potion"},{"floor":54,"key":"SkillPotion"}],"is_trial":false,"path_per_floor":["M","?","COS","T","M","E","R","?","T","M","?","$","E","M","R","B",null,"M","?","?","M","?","E","$","M","T","E","COS","R","$","M","R","B",null,"M","M","M","$","M","E","M","?","T","E","?","E","M","M","R","B",null,"R","$","E","B",null],"character_chosen":"REMILIA","items_purchased":["AntiCross","Dexterity Potion","UnderTheZenith+1"],"campfire_rested":0,"item_purchase_floors":[12,53,53],"current_hp_per_floor":[80,80,80,94,91,67,67,96,96,95,95,95,84,85,85,74,91,84,84,84,84,84,88,88,91,91,95,95,95,95,97,97,97,98,70,74,77,77,79,81,105,105,105,112,112,112,114,116,116,94,111,111,111,111,115],"gold":80,"neow_bonus":"TEN_PERCENT_HP_BONUS","is_daily":false,"chose_seed":false,"campfire_upgraded":3,"win_rate":0.0,"timestamp":1610524693,"path_taken":["M","?","COS","?","?","E","R","?","T","M","?","$","E","M","R","BOSS","M","?","?","?","?","E","$","M","T","E","COS","R","?","M","R","BOSS","M","M","M","$","M","E","M","?","T","E","?","E","M","M","R","BOSS","R","$","E","BOSS"],"items_purchased_type":["Relic","Potion","Card"],"build_version":"2020-12-22","purchased_purges":2,"victory":true,"max_hp_per_floor":[82,82,82,96,96,96,96,96,96,96,96,96,96,96,96,96,96,96,96,96,96,96,96,96,96,96,96,96,96,96,98,98,98,98,100,104,106,106,106,108,110,110,110,112,112,112,114,116,116,116,116,116,116,116,116],"card_choices":[{"not_picked":["TwelveNightmare","FavorOfDestiny","EndlessAdversity"],"picked":"SKIP","floor":1.0},{"not_picked":["BloodHunter+1","CeilingFear+1"],"picked":"LeisurelyOfLord+1","floor":5.0},{"not_picked":["BloodHunter","ChainGang"],"picked":"MiserableFate","floor":5.0},{"not_picked":["ChaoticDestiny","VampireFantasy"],"picked":"ScarletSymphony","floor":6.0},{"not_picked":["ScarletDream","ScarletSymphony","AfternoonTea"],"picked":"SKIP","floor":10.0},{"not_picked":["DiffusionOfMisfortune","ForbiddenFruit+1","ScarletDevil"],"picked":"SKIP","floor":13},{"not_picked":["BadLadyScramble+1","ReincarnationDial+1","BloodyMagicSquare+1"],"picked":"SKIP","floor":14},{"not_picked":["EquivalentExchange","BloodyCatastrophe+1"],"picked":"BloodySeventeenLaser","floor":16},{"not_picked":["ScarletDevil","VampireKiss","NightDance"],"picked":"SKIP","floor":18},{"not_picked":["RedRainbow","TwelveNightmare"],"picked":"VampireFantasy+1","floor":21},{"not_picked":["RedRainbow","FavorOfDestiny+1","HunterOfTheNight"],"picked":"SKIP","floor":23},{"not_picked":["BombardNight","BlasphemousPunishment+1"],"picked":"ReincarnationDial+1","floor":25},{"not_picked":["SuperhumanBloodyKnife","MastersStateliness"],"picked":"GlobalNightmare+1","floor":27},{"not_picked":["MastersStateliness","BloodyTrap+1","FavorOfDestiny+1"],"picked":"Singing Bowl","floor":31},{"not_picked":["KillingBlow","HeartBreak"],"picked":"ForecastOfChange","floor":33},{"not_picked":["UnderTheZenith+1","MastersStateliness","StarOfDavid"],"picked":"Singing Bowl","floor":35},{"not_picked":["QueenOfMidnight","CeilingFear","KillingBlow"],"picked":"Singing Bowl","floor":36},{"not_picked":["StarOfDavid+1","VampireKiss+1","VampireSweep+1"],"picked":"Singing Bowl","floor":36},{"not_picked":["UltimateOffering","BlasphemousPunishment+1","Stigmanizer"],"picked":"Singing Bowl","floor":37},{"not_picked":["BadLadyScramble+1","DevilSight+1"],"picked":"BloodHunter+1","floor":39},{"not_picked":["ForecastOfChange","DiffusionOfMisfortune+1","ScarletNetherworld"],"picked":"Singing Bowl","floor":40},{"not_picked":["ScarletDevil","BombardNight","DevilSight+1"],"picked":"Singing Bowl","floor":41},{"not_picked":["BloodyTrap+1","MillenniumVampire+1","Septette+1"],"picked":"Singing Bowl","floor":44},{"not_picked":["VampireClaw","NightDance"],"picked":"BloodAndWine+1","floor":46},{"not_picked":["DiffusionOfMisfortune+1","StarOfDavid","EndlessAdversity+1"],"picked":"Singing Bowl","floor":47},{"not_picked":["EndlessAdversity","NightDance+1","SuperhumanBloodyKnife"],"picked":"Singing Bowl","floor":48},{"not_picked":["BombardNight","FavorOfDestiny+1"],"picked":"ScarletDream+1","floor":54}],"player_experience":427221,"relics_obtained":[{"floor":4.0,"key":"Mango"},{"floor":6.0,"key":"Boot"},{"floor":13,"key":"Incense Burner"},{"floor":23,"key":"Art of War"},{"floor":26,"key":"Sundial"},{"floor":27,"key":"Singing Bowl"},{"floor":40,"key":"Ice Cream"},{"floor":43,"key":"Darkstone Periapt"},{"floor":44,"key":"Shuriken"},{"floor":46,"key":"Girya"},{"floor":54,"key":"Bottled Lightning"}],"event_choices":[],"is_beta":false,"boss_relics":[{"not_picked":["RedLine:ReiMu","Velvet Choker"],"picked":"Astrolabe"},{"not_picked":["Fusion Hammer","Cursed Key"],"picked":"Runic Pyramid"}],"items_purged_floors":[24,38],"is_endless":false,"potions_floor_spawned":[1,6,10,14,16,18,31,35,37,40,41,48,54],"ascension_level":5}}