{"host":"j4g6ia6asvpyu2b0","time":1610567858,"event":{"mods":["BaseMod","Colored Map","Minty Spire (QoL Compilation)","Permanent Neow","Quick Restart","Relic Stats","StSLib","Unceasing Turn Reminder"],"gold_per_floor":[209,209,223,234,246,246,276,276,328,347,347,347,358,372,372,477,477,487,503,530,543,468,468,495,455,503,503,503],"floor_reached":27,"language":"ENG","playtime":596,"items_purged":[],"score":364,"play_id":"949f677f-2827-4150-b60e-10a813deeecf","local_time":"20210113125738","is_ascension_mode":true,"campfire_choices":[{"data":"Streamline","floor":6,"key":"SMITH"},{"data":"Zap","floor":8,"key":"SMITH"},{"data":"Dualcast","floor":11,"key":"SMITH"},{"data":"Loop","floor":15,"key":"SMITH"},{"floor":23,"key":"REST"}],"circlet_count":0,"master_deck":["AscendersBane","Strike_B","Strike_B","Strike_B","Defend_B","Defend_B","Defend_B+1","Defend_B","Zap+1","Dualcast+1","Streamline+1","Gash","Rebound","Ball Lightning","Echo Form","Gash","FTL","Swift Strike","Compile Driver","Loop+1","Seek+1","Melter+1","Sweeping Beam","FTL","Go for the Eyes"],"relics":["Cracked Core","Ornamental Fan","Vajra","Black Star","Red Mask","Singing Bowl","Juzu Bracelet","Happy Flower"],"acts_visited":["Exordium","TheCity"],"potions_floor_usage":[16],"damage_taken":[{"damage":2,"enemies":"2 Louse","floor":1,"turns":3},{"damage":7,"enemies":"Jaw Worm","floor":3,"turns":2},{"damage":0,"enemies":"Cultist","floor":4,"turns":3},{"damage":13,"enemies":"Exordium Wildlife","floor":5,"turns":5},{"damage":12,"enemies":"3 Sentries","floor":7,"turns":5},{"damage":1,"enemies":"Looter","floor":10,"turns":2},{"damage":0,"enemies":"2 Fungi Beasts","floor":13,"turns":2},{"damage":10,"enemies":"Red Slaver","floor":14,"turns":2},{"damage":10,"enemies":"Hexaghost","floor":16,"turns":6},{"damage":0,"enemies":"Spheric Guardian","floor":18,"turns":2},{"damage":8,"enemies":"2 Thieves","floor":19,"turns":4},{"damage":20,"enemies":"Masked Bandits","floor":20,"turns":3},{"damage":14,"enemies":"Snake Plant","floor":21,"turns":3},{"damage":32,"enemies":"Book of Stabbing","floor":24,"turns":4},{"damage":17,"enemies":"Slavers","floor":27,"turns":1}],"seed_played":"5363833103487077994","potions_obtained":[{"floor":3,"key":"PotionOfCapacity"},{"floor":4,"key":"PotionOfCapacity"},{"floor":16,"key":"Fruit Juice"},{"floor":24,"key":"SmokeBomb"}],"is_trial":false,"path_per_floor":["M","?","M","M","M","R","E","R","T","M","R","?","M","M","R","B",null,"M","M","?","M","?","R","E","?","T","E"],"character_chosen":"DEFECT","items_purchased":[],"campfire_rested":1,"item_purchase_floors":[],"current_hp_per_floor":[66,54,47,47,34,34,22,22,22,21,21,21,21,11,11,6,62,62,54,34,20,20,44,14,14,14,0,0],"gold":503,"neow_bonus":"HUNDRED_GOLD","is_daily":false,"chose_seed":false,"campfire_upgraded":4,"win_rate":0.0,"timestamp":1610567858,"path_taken":["M","?","M","M","M","R","E","R","T","M","R","?","M","?","R","BOSS","M","M","?","M","?","R","E","?","T","E"],"items_purchased_type":[],"build_version":"2020-12-22","purchased_purges":0,"victory":false,"max_hp_per_floor":[75,75,75,75,75,75,75,75,75,75,75,75,75,75,75,80,80,80,80,80,80,80,80,82,82,82,82,82],"relic_stats":{"Singing Bowl":2,"Happy Flower":[0],"counters":[15,47],"Ornamental Fan":[104],"Black Star":1,"Juzu Bracelet":0,"obtain_stats":[{"Singing Bowl":24,"Happy Flower":26,"Ornamental Fan":2,"Vajra":7,"Black Star":17,"Red Mask":20,"Juzu Bracelet":24,"Cracked Core":0},{"Singing Bowl":14,"Happy Flower":14,"Ornamental Fan":1,"Vajra":5,"Black Star":9,"Red Mask":12,"Juzu Bracelet":14,"Cracked Core":0},{"Singing Bowl":46,"Happy Flower":46,"Ornamental Fan":3,"Vajra":18,"Black Star":30,"Red Mask":39,"Juzu Bracelet":46,"Cracked Core":0}]},"card_choices":[{"not_picked":["Turbo","Undo"],"picked":"Streamline","floor":1},{"not_picked":["Steam","Coolheaded"],"picked":"Gash","floor":3},{"not_picked":["Streamline","Compile Driver"],"picked":"Rebound","floor":4},{"not_picked":["Go for the Eyes","Stack"],"picked":"Ball Lightning","floor":5},{"not_picked":["Barrage","BootSequence"],"picked":"Echo Form","floor":7},{"not_picked":["Redo","Hello World"],"picked":"Gash","floor":10},{"not_picked":["Hologram","Steam Power"],"picked":"Compile Driver","floor":13},{"not_picked":["Compile Driver","Turbo"],"picked":"Loop","floor":14},{"not_picked":["Biased Cognition","Hyperbeam"],"picked":"Seek","floor":16},{"not_picked":["Leap","Ball Lightning"],"picked":"Melter+1","floor":18},{"not_picked":["Heatsinks+1","Compile Driver"],"picked":"Sweeping Beam","floor":19},{"not_picked":["Blizzard","Static Discharge"],"picked":"FTL","floor":20},{"not_picked":["Turbo","Capacitor"],"picked":"Go for the Eyes","floor":21},{"not_picked":["Leap","Static Discharge","Stack"],"picked":"Singing Bowl","floor":24}],"player_experience":834870,"relics_obtained":[{"floor":7,"key":"Vajra"},{"floor":20,"key":"Red Mask"},{"floor":24,"key":"Singing Bowl"},{"floor":24,"key":"Juzu Bracelet"},{"floor":26,"key":"Happy Flower"}],"event_choices":[{"damage_healed":0,"gold_gain":0,"player_choice":"Success","damage_taken":12,"relics_obtained":["Ornamental Fan"],"max_hp_gain":0,"max_hp_loss":0,"event_name":"Scrap Ooze","floor":2,"gold_loss":0},{"damage_healed":0,"gold_gain":0,"player_choice":"2 cards matched","damage_taken":0,"max_hp_gain":0,"max_hp_loss":0,"event_name":"Match and Keep!","floor":12,"gold_loss":0,"cards_obtained":["FTL","Swift Strike"]},{"damage_healed":0,"gold_gain":0,"player_choice":"Fought Bandits","damage_taken":0,"max_hp_gain":0,"max_hp_loss":0,"event_name":"Masked Bandits","floor":20,"gold_loss":0},{"cards_removed":["Strike_B"],"damage_healed":0,"gold_gain":0,"player_choice":"Gave Gold","damage_taken":0,"max_hp_gain":0,"max_hp_loss":0,"event_name":"Beggar","floor":22,"gold_loss":75},{"damage_healed":0,"gold_gain":0,"player_choice":"Upgraded Two","damage_taken":0,"max_hp_gain":0,"max_hp_loss":0,"event_name":"Designer","floor":25,"gold_loss":40,"cards_upgraded":["Defend_B","Seek"]}],"is_beta":false,"boss_relics":[{"not_picked":["SacredBark","Sozu"],"picked":"Black Star"}],"items_purged_floors":[],"is_endless":false,"potions_floor_spawned":[3,4,14,16,24],"killed_by":"Slavers","ascension_level":11}}