{"host":"75t5dw8c2tyw3fa7","time":1610533700,"event":{"mods":["BaseMod","Minty Spire (QoL Compilation)","Replay The Spire","StSLib"],"gold_per_floor":[12,12,26,26,26,55,55,82,82,82,95,95,129,129,129,233,233,251,251,251,251,264,298,298,332,356,356,356,11,43,53,105,206,206,219,253,253,3,20,45,45,57,83,113,129,142,167,179,179,179,179,179,11,40,40],"floor_reached":56,"language":"ENG","playtime":4369,"items_purged":["Decay"],"score":1680,"play_id":"1d07f61b-1adf-4f2d-a222-44250290aed5","local_time":"20210113022820","is_ascension_mode":true,"campfire_choices":[{"data":"Poison Darts","floor":7,"key":"SMITH"},{"data":"Neutralize","floor":10,"key":"SMITH"},{"data":"Replay:Poison Smokescreen","floor":12,"key":"SMITH"},{"data":"Blade Dance","floor":15,"key":"SMITH"},{"data":"Replay:Bag of Tricks","floor":28,"key":"SMITH"},{"data":"Replay:Bag of Tricks","floor":41,"key":"SMITH"},{"floor":49,"key":"RECALL"},{"data":"Draining Mist","floor":52,"key":"SMITH"}],"circlet_count":0,"master_deck":["Strike_G+1","Defend_G","Defend_G","Survivor","Neutralize+1","Poison Darts+1","Blade Dance+1","Replay:Poison Smokescreen+1","Bane","After Image+1","Backflip","Replay:Bag of Tricks+1","Footwork+1","PiercingWail+1","Terror+1","Noxious Fumes+1","Sucker Punch+1","Deflect","Deadly Poison+1","Dodge and Roll+1","Poison Darts","Blade Dance+1","Dagger Throw+1","PiercingWail+1","Replay:Bag of Tricks+1","Backflip+1","Draining Mist+1","Calculated Gamble+1","Die Die Die","Atom Bomb","Sadistic Nature+1"],"relics":["Ring of the Snake","Chameleon Ring","Frozen Egg 2","Bottled Flame","Darkstone Periapt","Philosopher\u0027s Stone","Replay:PocketPolymizer","Simple Rune","Toy Ornithopter","Chemical X","Durian","Pet Ghost","Ring of Chaos","Gambling Chip","Ornamental Fan","Bronze Scales","ReplayTheSpireMod:Lightbulb","Pen Nib","Blood Vial","Vampiric Spirits"],"acts_visited":["Exordium","TheCity","TheBeyond","TheEnding"],"potions_floor_usage":[8,13,16,16,23,30,33,40,44,48,54,55,55,55],"damage_taken":[{"damage":0.0,"enemies":"Jaw Worm","floor":1.0,"turns":4.0},{"damage":0,"enemies":"Small Slimes","floor":3,"turns":4},{"damage":7,"enemies":"Lagavulin","floor":6,"turns":5},{"damage":13,"enemies":"Gremlin Nob","floor":8,"turns":3},{"damage":0,"enemies":"Cultist","floor":11,"turns":3},{"damage":12,"enemies":"3 Sentries","floor":13,"turns":8},{"damage":13,"enemies":"Fading Forest","floor":16,"turns":11},{"damage":0,"enemies":"Chosen","floor":18,"turns":4},{"damage":0,"enemies":"Shell Parasite","floor":22,"turns":5},{"damage":2,"enemies":"Gremlin Leader","floor":23,"turns":6},{"damage":20,"enemies":"Book of Stabbing","floor":25,"turns":6},{"damage":0,"enemies":"Slavers","floor":30,"turns":4},{"damage":0,"enemies":"Centurion and Healer","floor":31,"turns":5},{"damage":15,"enemies":"Pondfish","floor":33,"turns":9},{"damage":0,"enemies":"3 Darklings","floor":35,"turns":4},{"damage":1,"enemies":"3 Shapes","floor":39,"turns":3},{"damage":0,"enemies":"R_Hoarder","floor":40,"turns":6},{"damage":0,"enemies":"Sphere and 2 Shapes","floor":42,"turns":4},{"damage":4,"enemies":"Nemesis","floor":44,"turns":5},{"damage":0,"enemies":"Maw","floor":45,"turns":5},{"damage":0,"enemies":"Spire Growth","floor":46,"turns":3},{"damage":0,"enemies":"R_Hoarder","floor":47,"turns":5},{"damage":0,"enemies":"4 Shapes","floor":48,"turns":3},{"damage":27,"enemies":"Awakened One","floor":50,"turns":11},{"damage":10,"enemies":"Shield and Spear","floor":54,"turns":4},{"damage":29,"enemies":"The Heart","floor":55,"turns":6}],"seed_played":"-5914908849912969110","potions_obtained":[{"floor":1.0,"key":"Fire Potion"},{"floor":6,"key":"Reflective Coating"},{"floor":8,"key":"Strength Potion"},{"floor":13,"key":"Explosive Potion"},{"floor":16,"key":"SpeedPotion"},{"floor":24,"key":"DuplicationPotion"},{"floor":24,"key":"GhostInAJar"},{"floor":25,"key":"LifebloodPotion"},{"floor":30,"key":"Adrenaline Potion"},{"floor":33,"key":"Poison Potion"},{"floor":39,"key":"DistilledChaos"},{"floor":42,"key":"ColorlessPotion"},{"floor":46,"key":"Strength Potion"},{"floor":48,"key":"SpeedPotion"},{"floor":54,"key":"Milkshake"}],"is_trial":false,"path_per_floor":["M","?","M","?","$","E","R","E","T","R","M","R","E","?","R","B",null,"M","?","?","?","M","E","R","E","T","T","R","$","E","M","R","B",null,"M","?","?","$","M","E","R","M","T","E","M","M","E","M","R","B",null,"R","$","E","B",null],"character_chosen":"THE_SILENT","items_purchased":["Chemical X","Noxious Fumes+1","Sucker Punch+1","Ornamental Fan","Sadistic Nature+1"],"campfire_rested":0,"item_purchase_floors":[29,29,29,38,53],"current_hp_per_floor":[63,63,63,63,63,56,56,43,43,43,43,43,31,24,24,19,57,57,57,57,63,63,61,61,41,41,41,41,41,51,51,31,21,66,66,46,46,46,45,50,50,50,50,51,51,51,51,58,58,33,69,69,69,66,52],"gold":40,"neow_bonus":"THREE_RARE_CARDS","is_daily":false,"chose_seed":false,"campfire_upgraded":7,"win_rate":0.0,"timestamp":1610533700,"path_taken":["M","?","M","?","$","E","R","E","T","R","?","R","E","?","R","BOSS","M","?","?","?","?","E","R","E","T","?","R","$","E","?","R","BOSS","M","?","?","?","M","E","R","M","T","E","?","M","E","M","R","BOSS","R","$","E","BOSS"],"items_purchased_type":["Relic","Card","Card","Relic","Card"],"build_version":"2020-12-22","purchased_purges":1,"victory":true,"max_hp_per_floor":[70,70,70,70,70,70,70,70,70,70,70,70,70,70,70,70,70,70,70,70,76,76,76,76,76,76,76,76,76,81,81,81,81,81,81,81,81,81,81,81,81,81,81,81,81,81,81,81,81,81,81,81,81,81,81],"card_choices":[{"not_picked":["ReplayTheSpireMod:Necrosis","Doppelganger"],"picked":"Poison Darts","floor":0.0},{"not_picked":["Accuracy","Cloak And Dagger"],"picked":"Blade Dance","floor":1.0},{"not_picked":["Deflect","Underhanded Strike"],"picked":"Replay:Poison Smokescreen","floor":3},{"not_picked":["Dodge and Roll","Dagger Throw","Deflect"],"picked":"SKIP","floor":6},{"not_picked":["Atom Bomb","Quick Slash"],"picked":"After Image+1","floor":8},{"not_picked":["Blade Dance","Hidden Blade"],"picked":"Backflip","floor":11},{"not_picked":["Masterful Stab","All Out Attack","Deflect"],"picked":"SKIP","floor":13},{"not_picked":["Die Die Die","Grand Finale"],"picked":"Replay:Bag of Tricks","floor":16},{"not_picked":["Underhanded Strike","Blade Dance","Slice"],"picked":"SKIP","floor":18},{"not_picked":["Bane","Outmaneuver"],"picked":"PiercingWail+1","floor":22},{"not_picked":["Slice","Expertise+1","Dagger Throw"],"picked":"SKIP","floor":23},{"not_picked":["Venomology","Deadly Poison+1"],"picked":"Terror+1","floor":25},{"not_picked":["Prepared","Deadly Poison","Dodge and Roll"],"picked":"SKIP","floor":30},{"not_picked":["Bane","Hidden Blade","Venomology"],"picked":"SKIP","floor":31},{"not_picked":["Acrobatics","Underhanded Strike"],"picked":"Deadly Poison+1","floor":32},{"not_picked":["Slice","Quick Slash"],"picked":"Dodge and Roll+1","floor":32},{"not_picked":["Die Die Die","Phantasmal Killer"],"picked":"Poison Darts","floor":33},{"not_picked":["ReplayTheSpireMod:The Works","Sucker Punch","Cloak And Dagger"],"picked":"SKIP","floor":35},{"not_picked":["Poisoned Stab","Calculated Gamble"],"picked":"Blade Dance+1","floor":36},{"not_picked":["Slice","ReplayTheSpireMod:Tripwire+1"],"picked":"Dagger Throw+1","floor":39},{"not_picked":["Backflip","Acrobatics"],"picked":"PiercingWail+1","floor":40},{"not_picked":["Endless Agony+1","Predator","Sucker Punch+1"],"picked":"SKIP","floor":42},{"not_picked":["PiercingWail","Cloak And Dagger"],"picked":"Backflip+1","floor":44},{"not_picked":["PiercingWail","Grand Finale","Deflect+1"],"picked":"SKIP","floor":45},{"not_picked":["Deflect+1","Deadly Poison+1"],"picked":"Draining Mist","floor":46},{"not_picked":["ReplayTheSpireMod:The Works+1","Poisoned Stab+1"],"picked":"Calculated Gamble+1","floor":47},{"not_picked":["Dagger Spray+1","Hidden Blade","Deadly Poison"],"picked":"SKIP","floor":48},{"not_picked":["ReplayTheSpireMod:Scrap Shanks+1","ReplayTheSpireMod:The Works+1","Toxin Wave"],"picked":"SKIP","floor":54}],"player_experience":430214,"relics_obtained":[{"floor":6,"key":"Chameleon Ring"},{"floor":8,"key":"Frozen Egg 2"},{"floor":9,"key":"Bottled Flame"},{"floor":13,"key":"Darkstone Periapt"},{"floor":23,"key":"Replay:PocketPolymizer"},{"floor":25,"key":"Simple Rune"},{"floor":26,"key":"Toy Ornithopter"},{"floor":30,"key":"Durian"},{"floor":32,"key":"Pet Ghost"},{"floor":36,"key":"Gambling Chip"},{"floor":40,"key":"Bronze Scales"},{"floor":43,"key":"ReplayTheSpireMod:Lightbulb"},{"floor":44,"key":"Pen Nib"},{"floor":47,"key":"Blood Vial"},{"floor":54,"key":"Vampiric Spirits"}],"event_choices":[{"damage_healed":0,"gold_gain":0,"cards_transformed":["Strike_G"],"player_choice":"Transformed","damage_taken":0,"max_hp_gain":0,"max_hp_loss":0,"event_name":"Transmorgrifier","floor":4,"gold_loss":0,"cards_obtained":["Bane"]},{"cards_removed":["Strike_G"],"damage_healed":0,"gold_gain":0,"player_choice":"Card Removal","damage_taken":7,"max_hp_gain":0,"max_hp_loss":0,"event_name":"Golden Wing","floor":14,"gold_loss":0},{"damage_healed":0,"gold_gain":0,"player_choice":"Read","damage_taken":0,"max_hp_gain":0,"max_hp_loss":0,"event_name":"The Library","floor":19,"gold_loss":0,"cards_obtained":["Footwork"]},{"damage_healed":0,"gold_gain":0,"player_choice":"Ignored","damage_taken":0,"max_hp_gain":0,"max_hp_loss":0,"event_name":"Beggar","floor":20,"gold_loss":0},{"damage_healed":0,"gold_gain":0,"player_choice":"Smashed Altar","damage_taken":0,"max_hp_gain":0,"max_hp_loss":0,"event_name":"Forgotten Altar","floor":21,"gold_loss":0,"cards_obtained":["Decay"]},{"cards_removed":["Masterful Stab"],"damage_healed":0,"gold_gain":0,"player_choice":"Removed Attack","damage_taken":0,"max_hp_gain":0,"max_hp_loss":0,"event_name":"Falling","floor":37,"gold_loss":0}],"is_beta":false,"boss_relics":[{"not_picked":["Ectoplasm","ChewingGum"],"picked":"Philosopher\u0027s Stone"},{"not_picked":["Runic Pyramid","Kintsugi"],"picked":"Ring of Chaos"}],"items_purged_floors":[29],"is_endless":false,"potions_floor_spawned":[1,6,8,13,16,25,30,33,39,42,46,47,48,54],"ascension_level":7}}