{"host":"llpusn9usp8rznkj","time":1610512777,"event":{"mods":["2.2 Compatiblity","Aspiration","BaseMod","Colored Map","Colored Powertips","Conspire","Hubris","Minty Spire (QoL Compilation)","Quick Restart","Rare Cards Sparkle","Replay The Spire","StSLib","The Cursed"],"gold_per_floor":[110,292,322,322,333,358,358,145,145,145,165,65,94,94,94,173,173,173,173],"floor_reached":18,"language":"ENG","playtime":740,"items_purged":[],"score":332,"play_id":"d1767c49-6e1a-400f-ba3f-858f3cd9ad2b","local_time":"20210112233937","is_ascension_mode":true,"campfire_choices":[{"data":"Bash","floor":7.0,"key":"SMITH"},{"floor":10.0,"key":"REST"},{"data":"Magnetism","floor":15.0,"key":"SMITH"}],"circlet_count":0,"master_deck":["AscendersBane","Strike_R","Strike_R","Strike_R","Strike_R","Defend_R","Defend_R","Defend_R","Defend_R","Bash+1","Flex","Anger","Impervious","Shrug It Off","Magnetism+1","Cleave","Ghostly","Flame Barrier","conspire:Purge"],"relics":["Burning Blood","NeowsBlessing","Mummified Hand","hubris:BottledRain","conspire:DecoderRing","Ginger","Philosopher\u0027s Stone"],"acts_visited":["Exordium","TheCity"],"potions_floor_usage":[],"damage_taken":[{"damage":0.0,"enemies":"Small Slimes","floor":1.0,"turns":1.0},{"damage":0.0,"enemies":"conspire:MimicChest","floor":3.0,"turns":1.0},{"damage":0.0,"enemies":"Jaw Worm","floor":5.0,"turns":1.0},{"damage":50.0,"enemies":"Lagavulin","floor":6.0,"turns":7.0},{"damage":0.0,"enemies":"2 Louse","floor":11.0,"turns":3.0},{"damage":27.0,"enemies":"3 Sentries","floor":13.0,"turns":8.0},{"damage":11.0,"enemies":"Hexaghost","floor":16.0,"turns":11.0},{"damage":0,"enemies":"Chosen","floor":18,"turns":1}],"seed_played":"4320318556284109051","potions_obtained":[{"floor":6.0,"key":"BloodPotion"},{"floor":11.0,"key":"SpeedPotion"},{"floor":14.0,"key":"EssenceOfSteel"}],"is_trial":false,"path_per_floor":["M","?","?","?","M","E","R","$","T","R","M","?","E","?","R_BF","B",null,"M"],"character_chosen":"IRONCLAD","items_purchased":["Magnetism"],"campfire_rested":1,"item_purchase_floors":[8],"current_hp_per_floor":[74,50,56,49,55,11,11,11,11,33,39,39,18,18,18,28,63,63,63],"gold":173,"neow_bonus":"THREE_ENEMY_KILL","is_daily":false,"chose_seed":false,"campfire_upgraded":2,"win_rate":0.0,"timestamp":1610512777,"path_taken":["M","?","?","?","M","E","R","$","T","R","M","?","E","?","R_BF","BOSS","M"],"items_purchased_type":["Card"],"build_version":"2020-12-22","purchased_purges":0,"victory":false,"max_hp_per_floor":[75,75,75,75,75,75,75,75,75,75,75,75,75,75,75,75,75,75,75],"card_choices":[{"not_picked":["Havoc","Heavy Blade"],"picked":"Flex","floor":1.0},{"not_picked":["Clothesline","Evolve"],"picked":"Anger","floor":2.0},{"not_picked":["Perfected Strike","Abandon"],"picked":"Impervious","floor":5.0},{"not_picked":["Anger","Clothesline"],"picked":"Shrug It Off","floor":6.0},{"not_picked":["Searing Blow","Wild Strike"],"picked":"Cleave","floor":11.0},{"not_picked":["Headbutt","Armaments"],"picked":"Flame Barrier","floor":13.0},{"not_picked":["Eclipse","Demonic Infusion"],"picked":"conspire:Purge","floor":16.0}],"player_experience":1142469,"relics_obtained":[{"floor":3.0,"key":"Mummified Hand"},{"floor":6.0,"key":"hubris:BottledRain"},{"floor":9.0,"key":"conspire:DecoderRing"},{"floor":13.0,"key":"Ginger"}],"event_choices":[{"cards_removed":["Strike_R"],"damage_healed":0.0,"max_hp_gain":0.0,"max_hp_loss":0.0,"gold_gain":0.0,"event_name":"Golden Wing","player_choice":"Card Removal","floor":4.0,"gold_loss":0.0,"damage_taken":7.0},{"damage_healed":0.0,"max_hp_gain":0.0,"max_hp_loss":0.0,"gold_gain":0.0,"event_name":"conspire:LoneGhost","player_choice":"Argue","floor":12.0,"gold_loss":0.0,"damage_taken":0.0},{"damage_healed":0.0,"max_hp_gain":0.0,"max_hp_loss":0.0,"gold_gain":0.0,"event_name":"Lab","player_choice":"Got Potions","floor":14.0,"gold_loss":0.0,"damage_taken":0.0}],"is_beta":false,"boss_relics":[{"not_picked":["ChewingGum","Calling Bell"],"picked":"Philosopher\u0027s Stone"}],"items_purged_floors":[],"is_endless":false,"potions_floor_spawned":[6,11,13],"killed_by":"Chosen","ascension_level":20}}