{"host":"d1za9dvx43o9v494","time":1610581252,"event":{"mods":["2.2 Compatiblity","BaseMod","Better-Laid Plans","Colored Map","Downfall","Emptier Cage","Minty Spire (QoL Compilation)","Permanent Neow","StSLib"],"gold_per_floor":[99,99,9,9,22,22,68,85,97,116,116,116,133,166,184,289,289,189,204,189,207,218,218,291,307,107,133,161,161,161,180,195,297,297,297,315,315,332,345,395,443,443,443,92,104,137,137,151,171,171,171,203,1,1,1,1,1,1],"floor_reached":56,"language":"ENG","playtime":6721,"items_purged":["Guardian:Defend_Guardian","Clumsy","Guardian:Defend_Guardian"],"score":914,"play_id":"aa8f449c-4640-4dc3-bfa4-173a259f9235","local_time":"20210114024052","is_ascension_mode":true,"campfire_choices":[{"data":"Guardian:TwinSlam","floor":1,"key":"SMITH"},{"data":"Guardian:ArmoredProtocol","floor":6,"key":"SMITH"},{"data":"Guardian:CurlUp","floor":11,"key":"SMITH"},{"data":"Guardian:BaubleBeam","floor":18,"key":"SMITH"},{"floor":23,"key":"RECALL"},{"data":"Guardian:DecasProtection","floor":26,"key":"SMITH"},{"data":"Guardian:DecasProtection","floor":29,"key":"SMITH"},{"data":"Guardian:CompilePackage","floor":35,"key":"SMITH"},{"data":"Guardian:BodySlam","floor":42,"key":"SMITH"},{"data":"Guardian:ArmoredProtocol","floor":47,"key":"SMITH"},{"data":"Guardian:ShieldSpikes","floor":54,"key":"SMITH"}],"circlet_count":0,"master_deck":["Guardian:Defend_Guardian","Guardian:Defend_Guardian","Guardian:CurlUp+1","Guardian:TwinSlam+1","Guardian:ArmoredProtocol+1","Guardian:ChargeCore+1","Guardian:ChargeCore+1","Guardian:DecasProtection+1","Guardian:BaubleBeam+1","Guardian:DecasProtection+1","Guardian:BronzeOrb+1","Guardian:PiercingHide","Guardian:ArmoredProtocol+1","Guardian:BronzeArmor","Slimebound:Tackle+1","Slimebound:Tackle+1","Slimebound:Tackle+1","Guardian:BodySlam+1","Guardian:CompilePackage+1","Guardian:AncientConstruct","Guardian:Planning","Guardian:RollAttack+1","expansioncontent:Chronoboost","Guardian:RollAttack+1","Guardian:ShieldSpikes+1"],"relics":["Guardian:ModeShifter","Blood Vial","Oddly Smooth Stone","Philosopher\u0027s Stone","downfall:HeartBlessingGreen","downfall:HeartBlessingRed","downfall:HeartBlessingBlue","Red Mask","Pen Nib","bronze:MakeshiftBattery","Torii","Smiling Mask","CaptainsWheel","Membership Card","Nunchaku","Potion Belt","Guardian:DefensiveModeMoreBlock","Shuriken","Bronze Scales"],"acts_visited":["Exordium","TheCity","TheBeyond","TheEnding"],"potions_floor_usage":[14,16,16,27,40,50,52,55,56,56],"damage_taken":[{"damage":0,"enemies":"downfall:FleeingMerchant","floor":3,"turns":4},{"damage":0,"enemies":"Small Slimes","floor":5,"turns":3},{"damage":0,"enemies":"Cultist","floor":8,"turns":3},{"damage":0,"enemies":"Jaw Worm","floor":9,"turns":3},{"damage":0,"enemies":"2 Fungi Beasts","floor":10,"turns":3},{"damage":0,"enemies":"Red Slaver","floor":13,"turns":3},{"damage":16,"enemies":"Lagavulin","floor":14,"turns":8},{"damage":10,"enemies":"Large Slime","floor":15,"turns":7},{"damage":26,"enemies":"downfall:Silent","floor":16,"turns":9},{"damage":10,"enemies":"Shell Parasite","floor":19,"turns":5},{"damage":0,"enemies":"downfall:FleeingMerchant","floor":20,"turns":4},{"damage":0,"enemies":"3 Byrds","floor":21,"turns":7},{"damage":4,"enemies":"Snake Plant","floor":22,"turns":7},{"damage":3,"enemies":"Centurion and Healer","floor":25,"turns":6},{"damage":0,"enemies":"Masked Bandits","floor":27,"turns":4},{"damage":0,"enemies":"Gremlin Leader","floor":28,"turns":8},{"damage":0,"enemies":"Snecko","floor":31,"turns":5},{"damage":5,"enemies":"Shelled Parasite and Fungi","floor":32,"turns":4},{"damage":12,"enemies":"downfall:Watcher","floor":33,"turns":7},{"damage":1,"enemies":"3 Shapes","floor":36,"turns":2},{"damage":12,"enemies":"3 Darklings","floor":38,"turns":5},{"damage":0,"enemies":"Sphere and 2 Shapes","floor":39,"turns":3},{"damage":0,"enemies":"Sphere and 2 Shapes","floor":40,"turns":6},{"damage":0,"enemies":"downfall:FleeingMerchant","floor":44,"turns":4},{"damage":13,"enemies":"downfall:FleeingMerchant","floor":45,"turns":4},{"damage":0,"enemies":"Giant Head","floor":46,"turns":6},{"damage":0,"enemies":"Transient","floor":48,"turns":5},{"damage":0,"enemies":"Maw","floor":49,"turns":5},{"damage":0,"enemies":"downfall:Defect","floor":50,"turns":9},{"damage":43,"enemies":"downfall:CharBossMerchant","floor":52,"turns":8},{"damage":0,"enemies":"downfall:NeowBoss","floor":55,"turns":14},{"damage":97,"enemies":"downfall:NeowBossFinal","floor":56,"turns":8}],"seed_played":"-228168859068049952","potions_obtained":[{"floor":8,"key":"Slimebound:ThreeZeroPotion"},{"floor":9,"key":"Regen Potion"},{"floor":13,"key":"PowerPotion"},{"floor":14,"key":"Energy Potion"},{"floor":22,"key":"DistilledChaos"},{"floor":25,"key":"Slimebound:ThreeZeroPotion"},{"floor":27,"key":"Strength Potion"},{"floor":28,"key":"Energy Potion"},{"floor":46,"key":"SteroidPotion"},{"floor":49,"key":"Block Potion"},{"floor":52,"key":"Swift Potion"}],"is_trial":false,"path_per_floor":["R","?","$","?","M","R","T","M","M","M","R","?","M","E","M","B",null,"R","M","$","M","M","R","T","M","R","?","E","R","?","M","M","B",null,"R","M","?","M","M","?","T","R","?","?","$","E","R","M","M","B",null,"E","$","R","B","B"],"character_chosen":"GUARDIAN","items_purchased":["CaptainsWheel","Membership Card","Nunchaku","Shuriken","Bronze Scales"],"campfire_rested":0,"item_purchase_floors":[44,45,45,53,53],"current_hp_per_floor":[72,72,72,77,77,77,77,79,81,83,83,83,85,71,63,39,101,101,91,93,95,93,93,93,92,102,104,106,106,106,108,105,95,111,111,110,110,99,101,103,103,103,98,100,89,91,91,93,95,97,111,68,68,68,70,0,0,0],"gold":1,"neow_bonus":"TWENTY_PERCENT_HP_BONUS","is_daily":false,"chose_seed":false,"campfire_upgraded":10,"win_rate":0.0,"timestamp":1610581252,"path_taken":["R","?","$","?","M","R","T","M","M","M","R","?","M","E","M","BOSS","R","M","$","M","M","R","T","?","R","?","E","R","?","M","M","BOSS","R","M","?","M","?","?","T","R","?","?","$","E","R","M","M","BOSS","E","$","R","BOSS","BOSS"],"items_purchased_type":["Relic","Relic","Relic","Relic","Relic"],"build_version":"2020-12-22","purchased_purges":3,"victory":false,"max_hp_per_floor":[96,96,96,101,101,101,101,101,101,101,101,101,101,101,101,101,101,101,101,101,101,101,101,101,101,111,111,111,111,111,111,111,111,111,111,111,111,111,111,111,111,111,111,111,111,111,111,111,111,111,111,111,111,111,111,111,111,111],"card_choices":[{"not_picked":["Guardian:BodySlam","Guardian:GuardianWhirl"],"picked":"Guardian:Gem_Purple","floor":3},{"not_picked":["Guardian:Suspension","Guardian:Incinerate"],"picked":"Guardian:ArmoredProtocol","floor":5},{"not_picked":["Guardian:Suspension","Guardian:TemporalStrike"],"picked":"Guardian:ChargeCore","floor":8},{"not_picked":["Guardian:Recover","Guardian:TimeCapacitor","Guardian:BronzeOrb"],"picked":"SKIP","floor":9},{"not_picked":["Guardian:BronzeArmor","Guardian:PrismaticBarrier"],"picked":"Guardian:ChargeCore","floor":10},{"not_picked":["Guardian:Recover","Guardian:ShieldCharger"],"picked":"Guardian:Gem_Cyan","floor":13},{"not_picked":["Guardian:PrismaticBeam","Guardian:Suspension"],"picked":"Guardian:DecasProtection","floor":14},{"not_picked":["Guardian:FuturePlans","Guardian:GuardianWhirl","Guardian:PrismaticBeam"],"picked":"SKIP","floor":15},{"not_picked":["Guardian:SphericShield","Guardian:Gem_Orange"],"picked":"Guardian:BaubleBeam","floor":16},{"not_picked":["Guardian:SentryBeam","Guardian:Planning+1"],"picked":"Guardian:DecasProtection","floor":19},{"not_picked":["Guardian:Orbwalk","Guardian:ShieldCharger"],"picked":"Guardian:BronzeOrb+1","floor":20},{"not_picked":["Guardian:Gem_Green","Guardian:TimeCapacitor"],"picked":"Guardian:Gem_Fragmented","floor":21},{"not_picked":["Guardian:TemporalStrike","Guardian:Reroute"],"picked":"Guardian:Gem_Lightblue","floor":22},{"not_picked":["Guardian:Clone","Guardian:Gem_Cyan"],"picked":"Guardian:PiercingHide","floor":25},{"not_picked":["Guardian:CrystalBeam","Guardian:BodySlam"],"picked":"Guardian:ArmoredProtocol","floor":27},{"not_picked":["Guardian:Harden+1","Guardian:ShieldCharger+1"],"picked":"Guardian:BronzeArmor","floor":28},{"not_picked":["Guardian:Reroute","Guardian:Recover"],"picked":"Guardian:BodySlam","floor":31},{"not_picked":["Guardian:SpikerProtocol","Guardian:Repulse"],"picked":"Guardian:CompilePackage","floor":32},{"not_picked":["Guardian:ConstructionForm","Guardian:FierceBash"],"picked":"Guardian:AncientConstruct","floor":33},{"not_picked":["Guardian:Suspension+1","Guardian:BronzeArmor","Guardian:Recover+1"],"picked":"SKIP","floor":36},{"not_picked":["Guardian:Reroute+1","Guardian:WalkerClaw"],"picked":"Guardian:Gem_Yellow","floor":38},{"not_picked":["Guardian:Gem_Fragmented","Guardian:Recover+1"],"picked":"Guardian:Gem_Blue","floor":39},{"not_picked":["Guardian:PiercingHide","Guardian:Reroute"],"picked":"Guardian:RollAttack+1","floor":40},{"not_picked":["expansioncontent:HyperBeam","expansioncontent:Hexaburn"],"picked":"expansioncontent:Chronoboost","floor":43},{"not_picked":["Guardian:TemporalStrike","Guardian:PiercingHide","Guardian:Suspension"],"picked":"SKIP","floor":44},{"not_picked":["Guardian:GemFire","Guardian:Reroute"],"picked":"Guardian:RollAttack+1","floor":45},{"not_picked":["Guardian:Gem_Lightblue","Guardian:RefractedBeam+1"],"picked":"Guardian:Gem_Yellow","floor":46},{"not_picked":["Guardian:EvasiveProtocol","Guardian:SpikerProtocol+1"],"picked":"Guardian:Gem_Green","floor":48},{"not_picked":["Guardian:PrismaticBarrier","Guardian:Reroute+1","Guardian:SentryBeam+1"],"picked":"SKIP","floor":49},{"not_picked":["Guardian:CrystalBeam+1","Guardian:ChargeCore"],"picked":"Guardian:ShieldSpikes","floor":52}],"player_experience":707668,"relics_obtained":[{"floor":7,"key":"Blood Vial"},{"floor":14,"key":"Oddly Smooth Stone"},{"floor":27,"key":"Red Mask"},{"floor":28,"key":"Pen Nib"},{"floor":40,"key":"Torii"},{"floor":41,"key":"Smiling Mask"},{"floor":46,"key":"Potion Belt"},{"floor":52,"key":"Guardian:DefensiveModeMoreBlock"}],"event_choices":[{"damage_healed":0,"gold_gain":0,"player_choice":"Donut","damage_taken":0,"max_hp_gain":5,"max_hp_loss":0,"event_name":"Big Fish","floor":4,"gold_loss":0},{"damage_healed":0,"gold_gain":0,"player_choice":"Fought Bandits","damage_taken":0,"max_hp_gain":0,"max_hp_loss":0,"event_name":"Masked Bandits","floor":27,"gold_loss":0}],"is_beta":false,"boss_relics":[{"not_picked":["Runic Dome","Tiny House"],"picked":"Philosopher\u0027s Stone"},{"not_picked":["Snecko Eye","Calling Bell"],"picked":"bronze:MakeshiftBattery"}],"items_purged_floors":[3,44,45],"is_endless":false,"potions_floor_spawned":[8,9,13,14,22,25,27,28,32,33,39,46,49,52],"killed_by":"downfall:NeowBossFinal","ascension_level":1}}