{"host":"m5bsg12zcyqnofur","time":1610506168,"event":{"mods":["AchievementEnabler","BaseMod","BetterRewards","Colored Powertips","Downfall","Hermit","Highlight Path","Minty Spire (QoL Compilation)","Quick Restart","Replay The Spire","Shop Mod","StSLib","The Bug Knight"],"gold_per_floor":[113,126,137,152,152,177,187,199,223,223,249,31,48,67,67,167,167,178,194,293,193,193,228,103,184,259,276,286,312,341,361,361,464,464,480,495,717,730,740,772,75,88,111,111,121,135,168,168,168],"floor_reached":48,"language":"ENG","playtime":4187,"items_purged":["hermit:Strike_Hermit","hermit:Defend_Hermit","hermit:Strike_Hermit","hermit:Defend_Hermit"],"score":800,"play_id":"ea4f7b9f-e093-4633-8331-63952ece5069","local_time":"20210112204928","is_ascension_mode":false,"campfire_choices":[{"floor":15,"key":"REST"},{"data":"Pot Of Greed","floor":32,"key":"SMITH"},{"floor":44,"key":"RECALL"}],"circlet_count":0,"master_deck":["hermit:Strike_Hermit","hermit:Defend_Hermit","hermit:Snapshot","hermit:Covet","Slimebound:Icky","hermit:Dive","hermit:BigShot","hermit:ShadowCloak","hermit:Deadeye","hermit:Roughhouse+1","hermit:Deadeye","hermit:Magnum+1","hermit:Enervate","hermit:Enervate+1","hermit:Grudge+1","ReplayTheSpireMod:Splinters","Pot Of Greed+1","Pot Of Greed","hermit:Headshot","hermit:FromBeyond+1","Parasite","Pot Of Greed+1","hermit:Dissolve+1"],"relics":["hermit:Momento","ReplayTheSpireMod:CursedCoin","Golden Egg","hermit:RyeStalk","Blood Vial","Replay:Baseball","ReplayTheSpireMod:TigerMarble","Black Star","MutagenicStrength","Bag of Preparation","Divine Protection","Grinning Jar","Pear","Anchor","PreservedInsect","Red Mask","Empty Cage","Girya","Bag of Marbles","DollysMirror","Oddly Smooth Stone","Smiling Mask","ReplayTheSpireMod:Shallot","Unceasing Top"],"acts_visited":["Exordium","TheCity","TheBeyond"],"potions_floor_usage":[16,23,33,33,38,39,48],"damage_taken":[{"damage":2.0,"enemies":"2 Louse","floor":1.0,"turns":3.0},{"damage":18.0,"enemies":"Small Slimes","floor":2.0,"turns":5.0},{"damage":2.0,"enemies":"Cultist","floor":3.0,"turns":5.0},{"damage":2.0,"enemies":"2 Fungi Beasts","floor":4.0,"turns":4.0},{"damage":0.0,"enemies":"3 Sentries","floor":6.0,"turns":17.0},{"damage":8.0,"enemies":"Blue Slaver","floor":7.0,"turns":5.0},{"damage":9.0,"enemies":"Looter","floor":8.0,"turns":4.0},{"damage":25.0,"enemies":"Lagavulin","floor":11.0,"turns":7.0},{"damage":1.0,"enemies":"3 Louse","floor":13.0,"turns":4.0},{"damage":0,"enemies":"Exordium Wildlife","floor":14,"turns":4},{"damage":14,"enemies":"Fading Forest","floor":16,"turns":11},{"damage":0,"enemies":"Spheric Guardian","floor":18,"turns":1},{"damage":6,"enemies":"3 Byrds","floor":19,"turns":5},{"damage":38,"enemies":"Slavers","floor":23,"turns":6},{"damage":0,"enemies":"Snecko","floor":27,"turns":2},{"damage":3,"enemies":"Centurion and Healer","floor":28,"turns":3},{"damage":0,"enemies":"Gremlin Leader","floor":29,"turns":2},{"damage":26,"enemies":"Masked Bandits","floor":30,"turns":5},{"damage":1,"enemies":"Snake Plant","floor":31,"turns":3},{"damage":26,"enemies":"Champ","floor":33,"turns":11},{"damage":0,"enemies":"Orb Walker","floor":35,"turns":2},{"damage":20,"enemies":"3 Shapes","floor":36,"turns":3},{"damage":19,"enemies":"Sphere and 2 Shapes","floor":38,"turns":4},{"damage":37,"enemies":"Writhing Mass","floor":39,"turns":5},{"damage":34,"enemies":"R_Hoarder","floor":40,"turns":7},{"damage":0,"enemies":"Transient","floor":42,"turns":5},{"damage":0,"enemies":"Spire Growth","floor":45,"turns":3},{"damage":0,"enemies":"Sphere and 2 Shapes","floor":46,"turns":1},{"damage":0,"enemies":"Giant Head","floor":47,"turns":4},{"damage":25,"enemies":"Transient","floor":48,"turns":5}],"seed_played":"-955613632104409938","potions_obtained":[{"floor":1.0,"key":"EssenceOfSteel"},{"floor":3.0,"key":"LifebloodPotion"},{"floor":4.0,"key":"Block Potion"},{"floor":8.0,"key":"Energy Potion"},{"floor":11.0,"key":"sneckomod:MuddlingPotion"},{"floor":18,"key":"ColorlessPotion"},{"floor":25,"key":"Adrenaline Potion"},{"floor":25,"key":"Languid Potion"},{"floor":27,"key":"FairyPotion"},{"floor":28,"key":"PowerPotion"},{"floor":33,"key":"SkillPotion"},{"floor":36,"key":"ColorlessPotion"},{"floor":39,"key":"champ:CounterPotion"},{"floor":42,"key":"Cursed Concoction"}],"is_trial":false,"path_per_floor":["M","M","M","M","?","E","M","M","T","?","E","$","M","M","R","B",null,"M","M","?","$","?","E","$","?","T","M","M","E","?","M","R","B",null,"M","M","?","M","M","E","$","M","T","R","M","M","E","M"],"character_chosen":"HERMIT","items_purchased":["ReplayTheSpireMod:CursedCoin","Golden Egg","ReplayTheSpireMod:TigerMarble","DollysMirror","Oddly Smooth Stone","hermit:Dissolve","BlessingOfTheForge","Explosive Potion"],"campfire_rested":1,"item_purchase_floors":[0,0,12,41,41,41,41,41],"current_hp_per_floor":[73,55,53,51,39,39,33,26,26,26,3,3,4,6,28,16,75,75,69,69,69,69,33,33,33,43,45,44,46,26,27,27,3,85,85,65,65,48,13,10,10,12,12,12,14,16,18,0,0],"gold":168,"neow_bonus":"","is_daily":false,"chose_seed":false,"campfire_upgraded":1,"win_rate":0.0,"timestamp":1610506168,"path_taken":["M","M","M","M","?","E","M","M","T","?","E","$","M","M","R","BOSS","M","M","?","$","?","E","$","?","T","M","M","E","?","M","R","BOSS","M","M","?","M","M","E","$","M","T","R","M","M","E","M"],"items_purchased_type":["Relic","Relic","Relic","Relic","Relic","Card","Potion","Potion"],"build_version":"2020-12-22","purchased_purges":4,"victory":false,"max_hp_per_floor":[75,75,75,75,75,75,75,75,75,75,75,75,75,75,75,75,75,75,75,75,75,75,75,75,75,85,85,85,85,85,85,85,85,85,85,85,85,85,85,85,85,85,85,85,85,85,85,85,85],"card_choices":[{"not_picked":["hermit:PistolWhip","hermit:Feint"],"picked":"hermit:Dive","floor":1.0},{"not_picked":["hermit:TrackingShot","hermit:HoleUp"],"picked":"hermit:BigShot","floor":2.0},{"not_picked":["hermit:Manifest","hermit:Vantage","hermit:Determination"],"picked":"SKIP","floor":3.0},{"not_picked":["hermit:CursedWeapon","hermit:Dive","hermit:Vantage"],"picked":"SKIP","floor":4.0},{"not_picked":["hermit:Determination","hermit:NoHoldsBarred","hermit:LoneWolf"],"picked":"SKIP","floor":6.0},{"not_picked":["hermit:Determination","hermit:NoHoldsBarred","hermit:LoneWolf"],"picked":"SKIP","floor":6.0},{"not_picked":["hermit:Spite","hermit:HighCaliber"],"picked":"hermit:ShadowCloak","floor":7.0},{"not_picked":["hermit:LowProfile","hermit:HighCaliber","hermit:PistolWhip"],"picked":"SKIP","floor":8.0},{"not_picked":["hermit:ShadowCloak","hermit:Purgatory"],"picked":"hermit:Roughhouse","floor":11.0},{"not_picked":["hermit:Glare","hermit:PistolWhip","hermit:NoHoldsBarred"],"picked":"SKIP","floor":13.0},{"not_picked":["hermit:Misfire","hermit:Vantage"],"picked":"hermit:Deadeye","floor":14},{"not_picked":["hermit:BlackWind","hermit:DeadOrAlive"],"picked":"hermit:Magnum","floor":16},{"not_picked":["hermit:Ricochet","hermit:Manifest"],"picked":"hermit:Enervate","floor":18},{"not_picked":["hermit:Midnight","hermit:NoHoldsBarred"],"picked":"hermit:Enervate+1","floor":19},{"not_picked":["hermit:Vantage","hermit:Purgatory"],"picked":"hermit:Grudge+1","floor":23},{"not_picked":["hermit:Manifest+1","hermit:Grudge"],"picked":"hermit:Headshot","floor":25},{"not_picked":["hermit:HighCaliber+1","hermit:BodyArmor","hermit:Virtue"],"picked":"SKIP","floor":27},{"not_picked":["hermit:Quickdraw","hermit:LoneWolf","hermit:Glare+1"],"picked":"SKIP","floor":28},{"not_picked":["hermit:ItchyTrigger","hermit:GoldenBullet","hermit:Scavenge"],"picked":"SKIP","floor":29},{"not_picked":["hermit:Quickdraw","hermit:HoleUp"],"picked":"hermit:FromBeyond","floor":31},{"not_picked":["hermit:Virtue+1","hermit:LoneWolf","hermit:Horror"],"picked":"SKIP","floor":35},{"not_picked":["hermit:Roulette+1","hermit:Deadeye+1","hermit:Desperado+1"],"picked":"SKIP","floor":36},{"not_picked":["hermit:FlashPowder","hermit:Headshot+1","hermit:Snipe+1"],"picked":"SKIP","floor":38},{"not_picked":["hermit:TrackingShot+1","hermit:Misfire","hermit:TakeCover+1"],"picked":"SKIP","floor":39},{"not_picked":["hermit:Snipe+1","hermit:Gestalt","hermit:LuckOfTheDraw+1"],"picked":"SKIP","floor":40},{"not_picked":["hermit:Vantage+1","hermit:Deadeye+1","hermit:ItchyTrigger"],"picked":"SKIP","floor":42},{"not_picked":["hermit:BigShot+1","hermit:Malice+1","hermit:BodyArmor"],"picked":"SKIP","floor":45},{"not_picked":["hermit:Dive+1","hermit:Reprieve","hermit:Enervate+1"],"picked":"SKIP","floor":46},{"not_picked":["hermit:Headshot","hermit:Horror","hermit:Snipe"],"picked":"SKIP","floor":47}],"player_experience":207540,"relics_obtained":[{"floor":6.0,"key":"Blood Vial"},{"floor":11.0,"key":"Replay:Baseball"},{"floor":23,"key":"Bag of Preparation"},{"floor":23,"key":"Divine Protection"},{"floor":25,"key":"Grinning Jar"},{"floor":26,"key":"Pear"},{"floor":29,"key":"Anchor"},{"floor":29,"key":"PreservedInsect"},{"floor":30,"key":"Red Mask"},{"floor":40,"key":"Girya"},{"floor":40,"key":"Bag of Marbles"},{"floor":43,"key":"Smiling Mask"},{"floor":47,"key":"ReplayTheSpireMod:Shallot"},{"floor":47,"key":"Unceasing Top"}],"event_choices":[{"damage_healed":0.0,"max_hp_gain":0.0,"max_hp_loss":0.0,"gold_gain":0.0,"event_name":"Scrap Ooze","player_choice":"Success","floor":5.0,"gold_loss":0.0,"damage_taken":12.0,"relics_obtained":["hermit:RyeStalk"]},{"damage_healed":0.0,"max_hp_gain":0.0,"max_hp_loss":0.0,"gold_gain":0.0,"event_name":"Match and Keep!","player_choice":"1 cards matched","floor":10.0,"gold_loss":0.0,"damage_taken":0.0,"cards_obtained":["hermit:Deadeye"]},{"damage_healed":0,"gold_gain":99,"player_choice":"Stole From Cult","damage_taken":0,"max_hp_gain":0,"max_hp_loss":0,"event_name":"Nest","floor":20,"gold_loss":0},{"damage_healed":0,"gold_gain":0,"player_choice":"Inject Mutagens","damage_taken":0,"relics_obtained":["MutagenicStrength"],"max_hp_gain":0,"max_hp_loss":0,"event_name":"Drug Dealer","floor":22,"gold_loss":0},{"damage_healed":0,"gold_gain":0,"player_choice":"Fought Bandits","damage_taken":0,"max_hp_gain":0,"max_hp_loss":0,"event_name":"Masked Bandits","floor":30,"gold_loss":0},{"damage_healed":0,"gold_gain":222,"player_choice":"Wore Mask","damage_taken":0,"max_hp_gain":0,"max_hp_loss":0,"event_name":"Tomb of Lord Red Mask","floor":37,"gold_loss":0}],"is_beta":false,"boss_relics":[{"not_picked":["Philosopher\u0027s Stone","Calling Bell"],"picked":"Black Star"},{"not_picked":["Painkiller Herb","Honey Jar"],"picked":"Empty Cage"}],"items_purged_floors":[12,21,24,41],"is_endless":false,"potions_floor_spawned":[1,3,4,8,11,18,27,28,31,33,36,39,42,46],"killed_by":"Transient","ascension_level":0}}