{"host":"9v3x998ddbx8o276","time":1610528677,"event":{"mods":["AchievementEnabler","BaseMod","Colored Map","Colored Powertips","Highlight Path","Minty Spire (QoL Compilation)","Quick Restart","Rare Cards Sparkle"],"gold_per_floor":[109,128,128,15,33,33,64,78,78,92,92,92,113,149,149,277,277,290,4,27,27,41,41,80,80,80,80,94,137,62,78,78,207,207,220,240,63,126,149,192,192,206,257,73,73,87,131,151,151,151,151,151,43,79,79],"floor_reached":56,"language":"ENG","playtime":3222,"items_purged":["Regret","Regret"],"score":1550,"play_id":"d097ff92-2dae-43d8-99f2-e17f3cf040fa","local_time":"20210113193437","is_ascension_mode":true,"campfire_choices":[{"data":"Bash","floor":6,"key":"SMITH"},{"data":"Sword Boomerang","floor":12,"key":"SMITH"},{"floor":15,"key":"REST"},{"data":"Feel No Pain","floor":23,"key":"SMITH"},{"data":"Spot Weakness","floor":25,"key":"SMITH"},{"data":"Impervious","floor":32,"key":"SMITH"},{"floor":41,"key":"RECALL"},{"data":"Thunderclap","floor":49,"key":"PURGE"},{"data":"Apotheosis","floor":52,"key":"SMITH"}],"circlet_count":0,"master_deck":["Bash+1","Master of Strategy","Anger","Second Wind","Carnage+1","Cleave","Sword Boomerang+1","Sentinel","Dropkick","Rampage","Spot Weakness+1","Impervious+1","Feel No Pain+1","Intimidate","Battle Trance","Impervious","Havoc","Bloodletting","Impervious","Pommel Strike","Body Slam","Sever Soul","Clash","Ghostly Armor","Corruption","True Grit+1","Apotheosis+1","Feel No Pain","Flame Barrier","Sentinel+1","Battle Trance","Disarm","Rage","Burning Pact"],"relics":["Burning Blood","Golden Idol","CaptainsWheel","Dead Branch","Calipers","Turnip","Sozu","OrangePellets","Happy Flower","Letter Opener","Whetstone","Pandora\u0027s Box","Peace Pipe","Bag of Marbles","Medical Kit","Ancient Tea Set","Bag of Preparation"],"acts_visited":["Exordium","TheCity","TheBeyond","TheEnding"],"potions_floor_usage":[3,24],"damage_taken":[{"damage":7,"enemies":"2 Louse","floor":1,"turns":4},{"damage":9,"enemies":"Small Slimes","floor":2,"turns":4},{"damage":12,"enemies":"Jaw Worm","floor":5,"turns":3},{"damage":27,"enemies":"3 Sentries","floor":7,"turns":6},{"damage":9,"enemies":"2 Fungi Beasts","floor":8,"turns":2},{"damage":7,"enemies":"Looter","floor":10,"turns":3},{"damage":13,"enemies":"Blue Slaver","floor":13,"turns":2},{"damage":3,"enemies":"Lagavulin","floor":14,"turns":5},{"damage":38,"enemies":"The Guardian","floor":16,"turns":10},{"damage":8,"enemies":"Chosen","floor":18,"turns":4},{"damage":0,"enemies":"3 Byrds","floor":20,"turns":4},{"damage":4,"enemies":"Shelled Parasite and Fungi","floor":22,"turns":6},{"damage":34,"enemies":"Slavers","floor":24,"turns":5},{"damage":4,"enemies":"Centurion and Healer","floor":28,"turns":6},{"damage":0,"enemies":"Book of Stabbing","floor":29,"turns":4},{"damage":15,"enemies":"Cultist and Chosen","floor":31,"turns":5},{"damage":41,"enemies":"Champ","floor":33,"turns":9},{"damage":3,"enemies":"3 Darklings","floor":35,"turns":6},{"damage":13,"enemies":"3 Shapes","floor":36,"turns":3},{"damage":3,"enemies":"Mind Bloom Boss Battle","floor":38,"turns":2},{"damage":3,"enemies":"Jaw Worm Horde","floor":39,"turns":3},{"damage":3,"enemies":"Giant Head","floor":40,"turns":5},{"damage":3,"enemies":"Sphere and 2 Shapes","floor":42,"turns":2},{"damage":3,"enemies":"4 Shapes","floor":46,"turns":4},{"damage":12,"enemies":"Nemesis","floor":47,"turns":3},{"damage":3,"enemies":"Maw","floor":48,"turns":5},{"damage":9,"enemies":"Time Eater","floor":50,"turns":6},{"damage":3,"enemies":"Shield and Spear","floor":54,"turns":4},{"damage":11,"enemies":"The Heart","floor":55,"turns":6}],"seed_played":"-5392861933280383372","potions_obtained":[{"floor":1,"key":"BloodPotion"},{"floor":2,"key":"Fruit Juice"},{"floor":7,"key":"SpeedPotion"}],"is_trial":false,"path_per_floor":["M","M","?","$","M","R","E","M","T","M","?","R","M","E","R","B",null,"M","$","M","?","M","R","E","R","T","?","M","E","?","M","R","B",null,"M","M","$","?","M","E","R","M","T","$","?","M","E","M","R","B",null,"R","$","E","B",null],"character_chosen":"IRONCLAD","items_purchased":["Carnage","Feel No Pain","OrangePellets","Apotheosis","Medical Kit","Flame Barrier","Disarm","Rage"],"campfire_rested":1,"item_purchase_floors":[4,19,19,37,44,44,53,53],"current_hp_per_floor":[79,76,79,79,73,73,52,49,49,48,48,48,41,44,67,35,79,77,77,79,79,79,79,66,66,66,66,68,74,74,65,65,30,79,79,72,72,75,78,79,79,79,79,79,79,79,73,76,76,73,79,79,79,79,74],"gold":79,"neow_bonus":"RANDOM_COLORLESS_2","is_daily":false,"chose_seed":false,"campfire_upgraded":6,"win_rate":0.0,"timestamp":1610528677,"path_taken":["M","M","?","$","M","R","E","M","T","M","?","R","M","E","R","BOSS","M","$","M","?","M","R","E","R","T","?","?","E","?","M","R","BOSS","M","M","$","?","M","E","R","M","T","$","?","?","E","M","R","BOSS","R","$","E","BOSS"],"items_purchased_type":["Card","Card","Relic","Card","Relic","Card","Card","Card"],"build_version":"2020-12-22","purchased_purges":2,"victory":true,"max_hp_per_floor":[80,80,79,79,79,79,79,79,79,79,79,79,79,79,79,79,79,79,79,79,79,79,79,79,79,79,79,79,79,79,79,79,79,79,79,79,79,79,79,79,79,79,79,79,79,79,79,79,79,79,79,79,79,79,79],"card_choices":[{"not_picked":["Thinking Ahead","Violence"],"picked":"Master of Strategy","floor":0},{"not_picked":["Burning Pact","Body Slam"],"picked":"Anger","floor":1},{"not_picked":["Shrug It Off","Warcry"],"picked":"Second Wind","floor":2},{"not_picked":["Ghostly Armor","Clash"],"picked":"Cleave","floor":5},{"not_picked":["Warcry","Cleave"],"picked":"Sword Boomerang","floor":7},{"not_picked":["Armaments","Fire Breathing"],"picked":"Sentinel","floor":8},{"not_picked":["True Grit","Fire Breathing"],"picked":"Dropkick","floor":10},{"not_picked":["Clothesline","Heavy Blade"],"picked":"Rampage","floor":13},{"not_picked":["Sentinel","Armaments"],"picked":"Spot Weakness","floor":14},{"not_picked":["Limit Break","Double Tap"],"picked":"Impervious","floor":16},{"not_picked":["Carnage","Anger","Cleave"],"picked":"SKIP","floor":18},{"not_picked":["Fire Breathing","Power Through"],"picked":"Intimidate","floor":20},{"not_picked":["Body Slam+1","Iron Wave+1"],"picked":"Battle Trance","floor":22},{"not_picked":["Dropkick+1","Warcry"],"picked":"Impervious","floor":24},{"not_picked":["Cleave","Fire Breathing+1"],"picked":"Havoc","floor":28},{"not_picked":["Uppercut+1","Warcry"],"picked":"Bloodletting","floor":29},{"not_picked":["Power Through","Pommel Strike+1","Havoc"],"picked":"SKIP","floor":31},{"not_picked":["Feed","Bludgeon"],"picked":"Impervious","floor":33},{"not_picked":["Cleave","Dropkick+1","Iron Wave+1"],"picked":"SKIP","floor":35},{"not_picked":["Reckless Charge","Pommel Strike+1"],"picked":"True Grit+1","floor":36},{"not_picked":["Sword Boomerang","Pummel","Pommel Strike"],"picked":"SKIP","floor":39},{"not_picked":["Headbutt","Evolve"],"picked":"Feel No Pain","floor":40},{"not_picked":["Anger+1","Body Slam","Perfected Strike"],"picked":"SKIP","floor":42},{"not_picked":["Reckless Charge","Shrug It Off"],"picked":"Sentinel+1","floor":46},{"not_picked":["Whirlwind+1","Iron Wave+1","Havoc"],"picked":"SKIP","floor":47},{"not_picked":["Ghostly Armor+1","Blood for Blood+1"],"picked":"Battle Trance","floor":48},{"not_picked":["Armaments","Combust+1"],"picked":"Burning Pact","floor":54}],"player_experience":1649419,"relics_obtained":[{"floor":7,"key":"CaptainsWheel"},{"floor":9,"key":"Dead Branch"},{"floor":14,"key":"Turnip"},{"floor":24,"key":"Happy Flower"},{"floor":26,"key":"Letter Opener"},{"floor":29,"key":"Whetstone"},{"floor":38,"key":"Peace Pipe"},{"floor":40,"key":"Bag of Marbles"},{"floor":47,"key":"Ancient Tea Set"},{"floor":54,"key":"Bag of Preparation"}],"event_choices":[{"damage_healed":0,"gold_gain":0,"player_choice":"Lose Max HP","damage_taken":0,"relics_obtained":["Golden Idol"],"max_hp_gain":0,"max_hp_loss":6,"event_name":"Golden Idol","floor":3,"gold_loss":0},{"damage_healed":0,"gold_gain":0,"player_choice":"Box","damage_taken":0,"relics_obtained":["Calipers"],"max_hp_gain":0,"max_hp_loss":0,"event_name":"Big Fish","floor":11,"gold_loss":0,"cards_obtained":["Regret"]},{"cards_removed":["Strike_R"],"damage_healed":0,"gold_gain":0,"player_choice":"Elegance","damage_taken":0,"max_hp_gain":0,"max_hp_loss":0,"event_name":"Back to Basics","floor":21,"gold_loss":0},{"damage_healed":0,"gold_gain":0,"player_choice":"Ignored","damage_taken":0,"max_hp_gain":0,"max_hp_loss":0,"event_name":"Vampires","floor":27,"gold_loss":0},{"cards_removed":["Strike_R"],"damage_healed":0,"gold_gain":0,"player_choice":"Gave Gold","damage_taken":0,"max_hp_gain":0,"max_hp_loss":0,"event_name":"Beggar","floor":30,"gold_loss":75},{"damage_healed":0,"gold_gain":0,"player_choice":"Fight","damage_taken":0,"max_hp_gain":0,"max_hp_loss":0,"event_name":"MindBloom","floor":38,"gold_loss":0},{"damage_healed":0,"gold_gain":0,"player_choice":"Ignored","damage_taken":0,"max_hp_gain":0,"max_hp_loss":0,"event_name":"SecretPortal","floor":45,"gold_loss":0}],"is_beta":false,"boss_relics":[{"not_picked":["Coffee Dripper","Ectoplasm"],"picked":"Sozu"},{"not_picked":["Empty Cage","Tiny House"],"picked":"Pandora\u0027s Box"}],"items_purged_floors":[4,19],"is_endless":false,"potions_floor_spawned":[1,2,7,28,29,31,36,38,40,46,48,54],"ascension_level":2}}