{"host":"b7j598ve05halrwk","time":1610504886,"event":{"mods":["2.2 Compatiblity","BaseMod","Block Reminder","DeckTracker","Minty Spire (QoL Compilation)","Relic Stats","Slay the Relics Exporter","StSLib","ojb\u0027s Better Paths Mod","ojb\u0027s Info Mod"],"gold_per_floor":[163,163,45,61,135,174,190,225,225,225,290,290,306,231,231,231,231],"floor_reached":16,"language":"ENG","playtime":778,"items_purged":["Injury"],"score":216,"play_id":"494a2778-090c-464e-b86f-0b80d721340d","local_time":"20210112212806","is_ascension_mode":true,"campfire_choices":[{"floor":10,"key":"REST"},{"data":"Beam Cell","floor":15,"key":"SMITH"}],"circlet_count":0,"master_deck":["AscendersBane","Strike_B+1","Strike_B","Strike_B","Defend_B","Defend_B","Defend_B","Defend_B","Zap","Dualcast","Compile Driver","Genetic Algorithm","Doom and Gloom","Sweeping Beam","Turbo","Rip and Tear","Beam Cell+1","Auto Shields","Glacier"],"relics":["Tiny House","Golden Idol","Vajra","Cables","Orichalcum","Regal Pillow","Molten Egg 2"],"acts_visited":["Exordium"],"potions_floor_usage":[8,16],"damage_taken":[{"damage":10,"enemies":"Small Slimes","floor":1,"turns":5},{"damage":6,"enemies":"Jaw Worm","floor":4,"turns":4},{"damage":30,"enemies":"3 Sentries","floor":6,"turns":6},{"damage":0,"enemies":"2 Louse","floor":7,"turns":3},{"damage":20,"enemies":"Lagavulin","floor":8,"turns":6},{"damage":2,"enemies":"Gremlin Nob","floor":11,"turns":3},{"damage":0,"enemies":"Blue Slaver","floor":13,"turns":2},{"damage":25,"enemies":"Hexaghost","floor":16,"turns":7}],"seed_played":"-2015637666942728566","potions_obtained":[{"floor":0.0,"key":"SpeedPotion"},{"floor":1,"key":"SpeedPotion"},{"floor":8,"key":"Dexterity Potion"},{"floor":13,"key":"FocusPotion"}],"is_trial":false,"path_per_floor":["M","?","$","M","?","E","M","E","T","R","?","T","M","?","R","B"],"character_chosen":"DEFECT","items_purchased":["Doom and Gloom"],"campfire_rested":1,"item_purchase_floors":[3],"current_hp_per_floor":[59,59,59,53,53,23,23,3,3,25,23,23,23,23,23,0,0],"gold":231,"neow_bonus":"BOSS_RELIC","is_daily":false,"chose_seed":false,"campfire_upgraded":1,"win_rate":0.0,"timestamp":1610504886,"path_taken":["M","?","$","M","?","E","?","E","T","R","?","?","M","?","R","BOSS"],"items_purchased_type":["Card"],"build_version":"2020-12-22","purchased_purges":1,"victory":false,"max_hp_per_floor":[76,76,76,76,76,76,76,76,76,76,76,76,76,76,76,76,76],"relic_stats":{"Regal Pillow":0,"counters":[8,36],"Golden Idol":31,"Orichalcum":[48],"obtain_stats":[{"Regal Pillow":11,"Tiny House":0,"Golden Idol":2,"Vajra":6,"Molten Egg 2":12,"Orichalcum":9,"Cracked Core":0,"Cables":8},{"Regal Pillow":6,"Tiny House":0,"Golden Idol":1,"Vajra":3,"Molten Egg 2":6,"Orichalcum":5,"Cracked Core":0,"Cables":5},{"Regal Pillow":27,"Tiny House":0,"Golden Idol":5,"Vajra":15,"Molten Egg 2":27,"Orichalcum":24,"Cracked Core":0,"Cables":24}],"Cables":[5,4,0,1,0]},"card_choices":[{"not_picked":["Double Energy","Streamline"],"picked":"Compile Driver","floor":0.0},{"not_picked":["Steam Power","Coolheaded"],"picked":"Genetic Algorithm","floor":1},{"not_picked":["Go for the Eyes","Chill"],"picked":"Sweeping Beam","floor":4},{"not_picked":["Darkness","Storm"],"picked":"Turbo","floor":6},{"not_picked":["Genetic Algorithm","FTL"],"picked":"Rip and Tear","floor":7},{"not_picked":["Reprogram","Streamline"],"picked":"Beam Cell","floor":8},{"not_picked":["Sweeping Beam","Tempest"],"picked":"Auto Shields","floor":11},{"not_picked":["Sweeping Beam+1","Rebound+1"],"picked":"Glacier","floor":13}],"player_experience":937109,"relics_obtained":[{"floor":6,"key":"Vajra"},{"floor":8,"key":"Cables"},{"floor":9,"key":"Orichalcum"},{"floor":11,"key":"Regal Pillow"},{"floor":12,"key":"Molten Egg 2"}],"event_choices":[{"damage_healed":0,"gold_gain":0,"player_choice":"Take Wound","damage_taken":0,"relics_obtained":["Golden Idol"],"max_hp_gain":0,"max_hp_loss":0,"event_name":"Golden Idol","floor":2,"gold_loss":0,"cards_obtained":["Injury"]},{"damage_healed":0,"gold_gain":74,"player_choice":"Gained Gold","damage_taken":0,"max_hp_gain":0,"max_hp_loss":0,"event_name":"Golden Wing","floor":5,"gold_loss":0},{"damage_healed":0,"gold_gain":30,"player_choice":"Searched \u00272\u0027 times","damage_taken":0,"max_hp_gain":0,"max_hp_loss":0,"event_name":"Dead Adventurer","floor":11,"gold_loss":0},{"cards_removed":["Strike_B"],"damage_healed":0,"gold_gain":0,"player_choice":"Card Removal","damage_taken":0,"max_hp_gain":0,"max_hp_loss":0,"event_name":"The Cleric","floor":14,"gold_loss":75}],"is_beta":false,"boss_relics":[],"items_purged_floors":[3],"is_endless":false,"potions_floor_spawned":[1,8,13],"killed_by":"Hexaghost","ascension_level":20}}