{"host":"uxx7prhn9zlu6i2v","time":1610499179,"event":{"mods":["100% Spire Juice","2.2 Compatiblity","AchievementEnabler","Act Like it!","Arknights The Spire","BaseMod","CapriCore","Colored Powertips","Dio Mod","Gensokyo","GifTheSpireLib","KomeijiMod","Marisa????????","Minty Spire (QoL Compilation)","Pale of the Ancients","Permanent Neow","Quick Restart","RNG Fix","Rare Cards Sparkle","Reimu??????","Relic Filter","Relic Sorter","Relic Stats","Spicy Shops","StSLib","Strawberry Spire","The Administrix","The Bug Knight","The Exalted","The Immortal","The Mystic","Yakumo Yukari mod","??????REMEMod"],"gold_per_floor":[363,377,393,323,323,323,354,4,4,4,31,31,42,56,56,358,358,371,40,60,371,382,382,382],"floor_reached":23,"language":"ENG","playtime":1342,"items_purged":[],"score":228,"play_id":"e81dd4ac-c84c-4999-b769-068378ee21ce","local_time":"20210112185259","is_ascension_mode":false,"campfire_choices":[{"data":"ats:Emotion Absorption","floor":6,"key":"SMITH"},{"data":"ats:Part Time Job","floor":15,"key":"SMITH"}],"circlet_count":0,"master_deck":["ats:Strike C","ats:Strike G","ats:Strike S","ats:Strike V","ats:Armor Crushing Shot","ats:Defend","ats:Defend+1","ats:Defend+1","ats:Defend","ats:Emotion Absorption+1","ats:Leaping Hammer","ats:Apocalypse","ats:Assault Order","ats:Shadow Assault","ats:Part Time Job+1","ats:Hammer On","ats:Rat Pack","ats:Flexible Camouflage"],"relics":["ats:Sanity","REME_ComplimentaryCards","Gensokyo:OccultBall","ats:Originium","Juzu Bracelet","ats:Attack","ats:Special","CrazyTorch:ReiMu","Gensokyo:Justice","MealTicket","Busted Crown","ats:Defend","ats:Assault","Frozen Eye"],"acts_visited":["Gensokyo:Gensokyo","Gensokyo:Gensokyoer"],"potions_floor_usage":[7,16,20,21,23],"damage_taken":[{"damage":10,"enemies":"Gensokyo:Python","floor":1,"turns":5},{"damage":4,"enemies":"Gensokyo:Gryphon","floor":2,"turns":4},{"damage":3,"enemies":"Gensokyo:2_Kodama","floor":3,"turns":5},{"damage":20,"enemies":"Gensokyo:Mamizou","floor":7,"turns":10},{"damage":1,"enemies":"Gensokyo:Cirno","floor":11,"turns":6},{"damage":8,"enemies":"Gensokyo:VengefulSpirit","floor":13,"turns":4},{"damage":11,"enemies":"Gensokyo:CorruptedTreant","floor":14,"turns":6},{"damage":13,"enemies":"Gensokyo:Yukari","floor":16,"turns":11},{"damage":25,"enemies":"Gensokyo:CosmicMonolith","floor":18,"turns":6},{"damage":25,"enemies":"Gensokyo:AngelMirror","floor":20,"turns":5},{"damage":25,"enemies":"Gensokyo:Chomper_and_Gloop","floor":21,"turns":5},{"damage":10,"enemies":"Gensokyo:Slime_Group","floor":22,"turns":6},{"damage":42,"enemies":"Gensokyo:Koishi","floor":23,"turns":4}],"seed_played":"-9207860413635081323","potions_obtained":[{"floor":2,"key":"GrandPatriotsElixir:ReiMu"},{"floor":3,"key":"Dexterity Potion"},{"floor":14,"key":"DuplicationPotion"},{"floor":16,"key":"SpeedPotion"},{"floor":20,"key":"CalmPotion"},{"floor":21,"key":"REME_GoldPotion"},{"floor":22,"key":"ColorlessPotion"}],"is_trial":false,"path_per_floor":["M","M","M","?","?","R","E","COS","T","?","E","$","M","M","R","B",null,"M","COS","M","M","M","E"],"character_chosen":"DOCTOR_CLASS","items_purchased":[],"campfire_rested":0,"item_purchase_floors":[],"current_hp_per_floor":[41,37,46,46,46,46,30,30,30,30,33,48,44,47,47,62,72,55,55,38,27,31,0,0],"gold":382,"neow_bonus":"TWO_FIFTY_GOLD","is_daily":false,"chose_seed":false,"campfire_upgraded":2,"win_rate":0.0,"timestamp":1610499179,"path_taken":["M","M","?","?","?","R","E","COS","T","?","E","?","M","M","R","BOSS","M","COS","M","M","M","E"],"items_purchased_type":[],"build_version":"2020-12-22","purchased_purges":0,"victory":false,"max_hp_per_floor":[72,72,72,72,72,72,72,72,72,72,72,72,72,72,72,72,72,72,72,72,72,72,72,72],"relic_stats":{"Busted Crown":8,"counters":[13,77],"MealTicket":15,"Juzu Bracelet":0,"obtain_stats":[{"ats:Assault":19,"ats:Attack":8,"Juzu Bracelet":7,"Gensokyo:Justice":10,"ats:Special":8,"Frozen Eye":23,"Busted Crown":17,"ats:Originium":7,"CrazyTorch:ReiMu":9,"Gensokyo:OccultBall":5,"MealTicket":11,"ats:Sanity":0,"REME_ComplimentaryCards":0,"ats:Defend":19},{"ats:Assault":9,"ats:Attack":4,"Juzu Bracelet":4,"Gensokyo:Justice":4,"ats:Special":4,"Frozen Eye":12,"Busted Crown":8,"ats:Originium":4,"CrazyTorch:ReiMu":4,"Gensokyo:OccultBall":3,"MealTicket":5,"ats:Sanity":0,"REME_ComplimentaryCards":0,"ats:Defend":9},{"ats:Assault":57,"ats:Attack":24,"Juzu Bracelet":24,"Gensokyo:Justice":24,"ats:Special":24,"Frozen Eye":73,"Busted Crown":51,"ats:Originium":24,"CrazyTorch:ReiMu":24,"Gensokyo:OccultBall":14,"MealTicket":30,"ats:Sanity":0,"REME_ComplimentaryCards":0,"ats:Defend":57}]},"card_choices":[{"not_picked":["ats:Flexible Camouflage","ats:Automatic Cover"],"picked":"ats:Leaping Hammer","floor":1},{"not_picked":["ats:Healing Drone","ats:Consecutive Shot Auto"],"picked":"ats:Apocalypse","floor":2},{"not_picked":["ats:Spore Proliferation","ats:Hammer On"],"picked":"ats:Hook Shot","floor":3},{"not_picked":["ats:Hammer On","ats:Shadow Assault"],"picked":"ats:Assault Order","floor":7},{"not_picked":["ats:Apocalypse","ats:Roar Of Ursus"],"picked":"ats:Shadow Assault","floor":11},{"not_picked":["ats:Shell Defense","ats:Cat Scratch"],"picked":"ats:Part Time Job","floor":13},{"not_picked":["ats:Curse Doll","ats:Childhood Dance"],"picked":"ats:Hammer On","floor":14},{"not_picked":["ats:Volcano","ats:Roar Of Ursus"],"picked":"ats:Rat Pack","floor":16},{"not_picked":[],"picked":"ats:Flexible Camouflage","floor":18},{"not_picked":["ats:Sunburst+1"],"picked":"SKIP","floor":20},{"not_picked":["ats:Beaten Up"],"picked":"SKIP","floor":21},{"not_picked":["ats:Apocalypse"],"picked":"SKIP","floor":22}],"player_experience":1748612,"relics_obtained":[{"floor":7,"key":"Gensokyo:OccultBall"},{"floor":7,"key":"ats:Originium"},{"floor":7,"key":"Juzu Bracelet"},{"floor":9,"key":"CrazyTorch:ReiMu"},{"floor":11,"key":"ats:Originium"},{"floor":11,"key":"MealTicket"},{"floor":16,"key":"Gensokyo:OccultBall"},{"floor":22,"key":"Gensokyo:OccultBall"}],"event_choices":[],"is_beta":false,"boss_relics":[{"not_picked":["Fusion Hammer","strawberrySpire:SolarisEssence"],"picked":"Busted Crown"}],"items_purged_floors":[],"is_endless":false,"potions_floor_spawned":[2,3,14,16,20,21,22],"killed_by":"Gensokyo:Koishi","ascension_level":0}}