{"host":"6jrnojxwearbrjzo","time":1610561348,"event":{"mods":["BaseMod","Colored Map","Conspire","Highlight Path","Minty Spire (QoL Compilation)","Quick Restart","Replay The Spire","Shop Mod","Spicy Shops","StSLib","The Servant 0.9.4"],"gold_per_floor":[110,110,123,123,183,183,214,264,333,404,419,102,172,233,233,233,233],"floor_reached":16,"language":"ZHS","playtime":555,"items_purged":[],"score":107,"play_id":"7ff31cfe-f306-4638-9c09-b32b329ba3f7","local_time":"20210114020908","is_ascension_mode":true,"campfire_choices":[{"data":"Chill","floor":6,"key":"SMITH"},{"data":"White Noise","floor":15,"key":"SMITH"}],"circlet_count":0,"master_deck":["Strike_B","Strike_B","Strike_B","Defend_B","Defend_B","Defend_B","Zap","Dualcast","Storm+1","Conserve Battery","Chill+1","Skim+1","White Noise+1","Panic Button","Storm","ReplayTheSpireMod:GoodbyeWorld"],"relics":["Cracked Core","NeowsBlessing","SsserpentHead","Anchor","Replay:Bottled Flurry","Guide Book","Omamori"],"acts_visited":["Exordium"],"potions_floor_usage":[7,16,16,16],"damage_taken":[{"damage":0,"enemies":"Small Slimes","floor":1,"turns":1},{"damage":0,"enemies":"Jaw Worm","floor":3,"turns":1},{"damage":0,"enemies":"Cultist","floor":5,"turns":1},{"damage":7,"enemies":"Lagavulin","floor":7,"turns":7},{"damage":1,"enemies":"3 Louse","floor":11,"turns":4},{"damage":13,"enemies":"2 Fungi Beasts","floor":13,"turns":4},{"damage":0,"enemies":"Large Slime","floor":14,"turns":4},{"damage":51,"enemies":"Fading Forest","floor":16,"turns":7}],"seed_played":"-7184781627851317684","potions_obtained":[{"floor":5,"key":"EssenceOfDarkness"},{"floor":7,"key":"FocusPotion"},{"floor":10,"key":"Strength Potion"},{"floor":10,"key":"CultistPotion"}],"is_trial":false,"path_per_floor":["M","?","M","?","M","R","E","?","T","?","M","$","M","M","R","B"],"character_chosen":"DEFECT","items_purchased":["Guide Book","Omamori","Panic Button"],"campfire_rested":0,"item_purchase_floors":[12,12,12],"current_hp_per_floor":[75,68,68,68,68,68,61,61,61,43,42,42,29,29,29,0,0],"gold":233,"neow_bonus":"THREE_ENEMY_KILL","is_daily":false,"chose_seed":false,"campfire_upgraded":2,"win_rate":0.0,"timestamp":1610561348,"path_taken":["M","?","M","?","?","R","E","?","T","?","M","$","?","?","R","BOSS"],"items_purchased_type":["Relic","Relic","Card"],"build_version":"2020-12-22","purchased_purges":0,"victory":false,"max_hp_per_floor":[75,75,75,75,75,75,75,75,75,75,75,75,75,75,75,75,75],"card_choices":[{"not_picked":["Steam","Coolheaded"],"picked":"Storm","floor":1},{"not_picked":["Leap","Hologram"],"picked":"Conserve Battery","floor":3},{"not_picked":["Glacier","Capacitor"],"picked":"Chill","floor":5},{"not_picked":["BasicCrystalCard","Melter"],"picked":"Skim","floor":7},{"not_picked":["ReplayTheSpireMod:Calculation Training","Compile Driver"],"picked":"White Noise","floor":10},{"not_picked":["Redo","Sunder","Lockon"],"picked":"SKIP","floor":11},{"not_picked":["Undo","Gash"],"picked":"Storm","floor":13},{"not_picked":["Sunder","Stack"],"picked":"ReplayTheSpireMod:GoodbyeWorld","floor":14}],"player_experience":65815,"relics_obtained":[{"floor":7,"key":"Anchor"},{"floor":9,"key":"Replay:Bottled Flurry"}],"event_choices":[{"cards_removed":["Defend_B"],"damage_healed":0,"gold_gain":0,"player_choice":"Card Removal","damage_taken":7,"max_hp_gain":0,"max_hp_loss":0,"event_name":"Golden Wing","floor":2,"gold_loss":0},{"damage_healed":0,"gold_gain":0,"player_choice":"Trade","damage_taken":0,"relics_obtained":["SsserpentHead"],"max_hp_gain":0,"max_hp_loss":0,"event_name":"FaceTrader","floor":4,"gold_loss":0},{"cards_removed":["Strike_B"],"damage_healed":0,"gold_gain":0,"player_choice":"Forget","damage_taken":0,"max_hp_gain":0,"max_hp_loss":0,"event_name":"Living Wall","floor":8,"gold_loss":0}],"is_beta":false,"boss_relics":[],"items_purged_floors":[],"is_endless":false,"potions_floor_spawned":[5,7,13,14],"killed_by":"Fading Forest","ascension_level":1}}