{"host":"rl55h36hts1vjtzv","time":1610530180,"event":{"mods":["BaseMod","Colored Map","Colored Powertips","Dark Map","Minty Spire (QoL Compilation)","Relic Stats"],"gold_per_floor":[111,130,149,149,168,168,195,195,218,218,218],"floor_reached":10,"language":"ZHS","playtime":605,"items_purged":[],"score":78,"play_id":"60a0bbc4-87ab-4a04-83b0-5468c8bd182d","local_time":"20210113172940","is_ascension_mode":true,"campfire_choices":[{"data":"Shrug It Off","floor":6.0,"key":"SMITH"},{"floor":8.0,"key":"REST"}],"circlet_count":0,"master_deck":["Strike_R","Strike_R","Strike_R","Strike_R","Strike_R","Defend_R","Defend_R","Defend_R","Defend_R","Bash","Shrug It Off+1","Warcry","Dual Wield","Anger","Disarm"],"relics":["Burning Blood","HornCleat","Kunai","Boot"],"acts_visited":["Exordium"],"potions_floor_usage":[],"damage_taken":[{"damage":6.0,"enemies":"Cultist","floor":1.0,"turns":4.0},{"damage":15.0,"enemies":"Jaw Worm","floor":2.0,"turns":5.0},{"damage":2.0,"enemies":"Small Slimes","floor":3.0,"turns":3.0},{"damage":2.0,"enemies":"Exordium Wildlife","floor":5.0,"turns":4.0},{"damage":53.0,"enemies":"Lagavulin","floor":7.0,"turns":9.0},{"damage":0,"enemies":"3 Sentries","floor":10,"turns":1}],"seed_played":"3062883900989004298","potions_obtained":[{"floor":3.0,"key":"SteroidPotion"},{"floor":5.0,"key":"Ancient Potion"},{"floor":7.0,"key":"PowerPotion"}],"is_trial":false,"path_per_floor":["M","M","M","T","M","R","E","R","T","E"],"character_chosen":"IRONCLAD","items_purchased":[],"campfire_rested":1,"item_purchase_floors":[],"current_hp_per_floor":[88,79,83,83,87,87,40,66,66,66,66],"gold":218,"neow_bonus":"TEN_PERCENT_HP_BONUS","is_daily":false,"chose_seed":false,"campfire_upgraded":1,"win_rate":0.0,"timestamp":1610530180,"path_taken":["M","M","?","?","?","R","E","R","T","E"],"items_purchased_type":[],"build_version":"2020-12-22","purchased_purges":0,"victory":false,"max_hp_per_floor":[88,88,88,88,88,88,88,88,88,88,88],"relic_stats":{"counters":[5,25],"Kunai":[0],"Boot":[0],"obtain_stats":[{"HornCleat":4,"Kunai":7,"Boot":9,"Burning Blood":0},{"HornCleat":3,"Kunai":5,"Boot":5,"Burning Blood":0},{"HornCleat":12,"Kunai":25,"Boot":25,"Burning Blood":0}],"Burning Blood":30},"card_choices":[{"not_picked":["Headbutt","Perfected Strike"],"picked":"Shrug It Off","floor":1.0},{"not_picked":["Thunderclap","True Grit"],"picked":"Warcry","floor":2.0},{"not_picked":["Perfected Strike","Warcry"],"picked":"Dual Wield","floor":3.0},{"not_picked":["Body Slam","Clash"],"picked":"Anger","floor":5.0},{"not_picked":["Double Tap","Armaments"],"picked":"Disarm","floor":7.0}],"player_experience":87869,"relics_obtained":[{"floor":4.0,"key":"HornCleat"},{"floor":7.0,"key":"Kunai"},{"floor":9.0,"key":"Boot"}],"event_choices":[],"is_beta":false,"boss_relics":[],"items_purged_floors":[],"is_endless":false,"potions_floor_spawned":[3,5,7],"killed_by":"3 Sentries","ascension_level":3}}