{"host":"pnw33a014vs8wril","time":1610573944,"event":{"mods":["BaseMod","Downfall","Highlight Path","Minty Spire (QoL Compilation)","StSLib"],"gold_per_floor":[99,99,99,99,99,99,99,99,99,99,9,9,9,9,9,9,9,9,9,9,9,9,9,9,0,0,0,0,0,0,0,0,0,0,0,0,0,0,0,0,0,0,0,0,0,0,0,0,0,0],"floor_reached":51,"language":"ENG","playtime":3594,"items_purged":["champ:Defend"],"score":998,"play_id":"e1ba615c-1769-4b14-b187-c8d8435d51db","local_time":"20210113223904","is_ascension_mode":true,"campfire_choices":[{"floor":1.0,"key":"RECALL"},{"data":"champ:Taunt","floor":13.0,"key":"SMITH"},{"data":"champ:StanceDance","floor":18.0,"key":"SMITH"},{"data":"champ:IronFortress","floor":28.0,"key":"SMITH"},{"data":"champ:ShieldThrow","floor":30.0,"key":"SMITH"},{"data":"champ:MurderStrike","floor":35.0,"key":"SMITH"},{"floor":44,"key":"REST"},{"floor":47,"key":"REST"}],"circlet_count":0,"master_deck":["champ:Strike","champ:Defend","champ:Defend","champ:Defend","champ:Execute","champ:Taunt+1","champ:StanceDance+1","champ:Lariat+1","champ:FocusedDefense+1","champ:ShieldThrow+1","champ:Backstep+1","champ:Circumvent+1","champ:Lariat+1","champ:IronFortress+1","champ:RageSigil+1","champ:Balance+1","champ:MurderStrike+1","champ:FalseCounter+1","champ:DefensiveShout+1","champ:FocusedDefense+1","champ:DefensiveStyle+1","champ:SkillfulDodge+1"],"relics":["downfall:Hecktoplasm","Shuriken","Toxic Egg 2","PreservedInsect","downfall:HeartBlessingRed","CeramicFish","Black Star","downfall:RedIOU","Meat on the Bone","Letter Opener","downfall:HeartBlessingGreen","downfall:HeartBlessingBlue","Regal Pillow","Bottled Tornado","Sozu","champ:DefensiveTrainingManual","champ:FightingForDummies","Omamori","Potion Belt","Pear","Guardian:PocketSentry","InkBottle"],"acts_visited":["Exordium","TheCity","TheBeyond"],"potions_floor_usage":[],"damage_taken":[{"damage":0.0,"enemies":"2 Louse","floor":2.0,"turns":2.0},{"damage":10.0,"enemies":"Cultist","floor":3.0,"turns":4.0},{"damage":3.0,"enemies":"Small Slimes","floor":4.0,"turns":5.0},{"damage":29.0,"enemies":"Lagavulin","floor":6.0,"turns":6.0},{"damage":39.0,"enemies":"3 Sentries","floor":8.0,"turns":9.0},{"damage":10.0,"enemies":"Exordium Thugs","floor":9.0,"turns":5.0},{"damage":30.0,"enemies":"Gremlin Nob","floor":10.0,"turns":4.0},{"damage":25.0,"enemies":"downfall:FleeingMerchant","floor":11.0,"turns":4.0},{"damage":20.0,"enemies":"Blue Slaver","floor":12.0,"turns":3.0},{"damage":5.0,"enemies":"3 Louse","floor":15.0,"turns":4.0},{"damage":8.0,"enemies":"downfall:Silent","floor":16.0,"turns":8.0},{"damage":0.0,"enemies":"3 Byrds","floor":19.0,"turns":6.0},{"damage":33.0,"enemies":"Sentry and Sphere","floor":21.0,"turns":7.0},{"damage":5.0,"enemies":"Snake Plant","floor":23.0,"turns":3.0},{"damage":0.0,"enemies":"downfall:FleeingMerchant","floor":25.0,"turns":4.0},{"damage":41.0,"enemies":"Gremlin Leader","floor":26.0,"turns":7.0},{"damage":0.0,"enemies":"Snecko","floor":27.0,"turns":3.0},{"damage":4.0,"enemies":"Centurion and Healer","floor":29.0,"turns":4.0},{"damage":5.0,"enemies":"Slavers","floor":31.0,"turns":4.0},{"damage":15.0,"enemies":"3 Cultists","floor":32.0,"turns":3.0},{"damage":35.0,"enemies":"downfall:Defect","floor":33.0,"turns":7.0},{"damage":5.0,"enemies":"3 Shapes","floor":36.0,"turns":3.0},{"damage":8.0,"enemies":"3 Darklings","floor":37.0,"turns":5.0},{"damage":8.0,"enemies":"Sphere and 2 Shapes","floor":38.0,"turns":5.0},{"damage":19.0,"enemies":"Reptomancer","floor":40.0,"turns":4.0},{"damage":19,"enemies":"Nemesis","floor":42,"turns":5},{"damage":0,"enemies":"Writhing Mass","floor":43,"turns":2},{"damage":20,"enemies":"Spire Growth","floor":45,"turns":4},{"damage":15,"enemies":"Giant Head","floor":46,"turns":5},{"damage":5,"enemies":"3 Darklings","floor":48,"turns":5},{"damage":4,"enemies":"Sphere and 2 Shapes","floor":49,"turns":3},{"damage":0,"enemies":"downfall:Ironclad","floor":50,"turns":6}],"seed_played":"-5214275586841666372","potions_obtained":[{"floor":2.0,"key":"SneckoOil"},{"floor":8.0,"key":"FearPotion"},{"floor":12.0,"key":"Energy Potion"},{"floor":16.0,"key":"Fire Potion"},{"floor":26.0,"key":"CultistPotion"},{"floor":31.0,"key":"GamblersBrew"},{"floor":32.0,"key":"FairyPotion"}],"is_trial":false,"path_per_floor":["R","M","M","M","?","E","T","E","M","E","$","M","R","?","M","B",null,"R","M","?","M","?","M","T","$","E","M","R","M","R","E","M","B",null,"R","M","M","M","?","E","T","E","M","R","M","E","R","M","M","B",null],"character_chosen":"THE_CHAMP","items_purchased":[],"campfire_rested":2,"item_purchase_floors":[],"current_hp_per_floor":[90,90,90,90,90,76,76,60,60,47,47,47,47,29,29,26,90,90,90,90,57,57,57,57,57,26,38,48,56,56,56,68,80,100,100,100,92,84,84,65,65,78,78,110,90,75,110,110,106,106],"gold":0,"neow_bonus":"BOSS_RELIC","is_daily":false,"chose_seed":false,"campfire_upgraded":5,"win_rate":0.0,"timestamp":1610573944,"path_taken":["R","M","M","M","?","E","T","E","?","E","$","M","R","?","M","BOSS","R","M","?","M","?","M","T","$","E","M","R","M","R","E","M","BOSS","R","M","M","M","?","E","T","E","M","R","M","E","R","M","M","BOSS"],"items_purchased_type":[],"build_version":"2020-12-22","purchased_purges":1,"victory":true,"max_hp_per_floor":[90,90,90,90,90,90,90,90,90,90,90,90,90,90,90,90,90,90,90,90,90,90,90,90,90,90,90,100,100,100,100,100,100,100,100,100,100,100,100,100,100,110,110,110,110,110,110,110,110,110],"card_choices":[{"not_picked":["champ:FocusedBerserking","champ:TornadoPunch","champ:BladeFlurry"],"picked":"SKIP","floor":2.0},{"not_picked":["champ:Haymaker","champ:FightOn","champ:PerfectedStrike"],"picked":"SKIP","floor":3.0},{"not_picked":["champ:CrookedStrike","champ:SwordThrow","champ:StanceDance"],"picked":"SKIP","floor":4.0},{"not_picked":["champ:BerserkerStyle","champ:Encircle","champ:ShieldSigil"],"picked":"SKIP","floor":6.0},{"not_picked":["champ:FanOfKnives","champ:Backstep+1","champ:TornadoPunch"],"picked":"SKIP","floor":8.0},{"not_picked":["champ:GladiatorsShout+1","champ:BerserkersShout+1"],"picked":"champ:Lariat+1","floor":9.0},{"not_picked":["champ:PerfectedStrike","champ:StanceDance+1","champ:Haymaker"],"picked":"SKIP","floor":10.0},{"not_picked":["champ:Duel","champ:FalseCounter+1","champ:HeartStrike"],"picked":"SKIP","floor":11.0},{"not_picked":["champ:BerserkersShout+1","champ:DefensiveShout+1"],"picked":"champ:FocusedDefense+1","floor":12.0},{"not_picked":["champ:TornadoPunch","champ:BerserkersShout+1","champ:BladeFlurry"],"picked":"SKIP","floor":15.0},{"not_picked":["champ:MurderStrike","champ:ShieldSlam"],"picked":"champ:ShieldThrow","floor":16.0},{"not_picked":["champ:FaceSlap","champ:FanOfKnives","champ:FlashCut+1"],"picked":"SKIP","floor":19.0},{"not_picked":["champ:FightOn","champ:FlashCut"],"picked":"champ:Backstep+1","floor":21.0},{"not_picked":["champ:ViciousMockery+1","champ:RisingSlash"],"picked":"champ:Circumvent+1","floor":23.0},{"not_picked":["champ:StanceDance+1","champ:Devastate"],"picked":"champ:Lariat+1","floor":25.0},{"not_picked":["champ:Backstep+1","champ:FanOfKnives+1","champ:FocusedGladiator+1"],"picked":"SKIP","floor":26.0},{"not_picked":["champ:GutPunch+1","champ:SwordSigil+1"],"picked":"champ:IronFortress","floor":27.0},{"not_picked":["champ:FlashCut+1","champ:GladiatorStyle"],"picked":"champ:RageSigil+1","floor":29.0},{"not_picked":["champ:AdrenalArmor+1","champ:FanOfKnives+1"],"picked":"champ:Balance+1","floor":31.0},{"not_picked":["champ:PerfectedStrike","champ:TornadoPunch","champ:FaceSlap"],"picked":"SKIP","floor":32.0},{"not_picked":["champ:SwordThrow","champ:HeavySlash"],"picked":"champ:MurderStrike","floor":33.0},{"not_picked":["champ:GutPunch+1","champ:Aggression+1"],"picked":"champ:FalseCounter+1","floor":36.0},{"not_picked":["champ:FightOn","champ:CrookedStrike","champ:Backstep+1"],"picked":"SKIP","floor":37.0},{"not_picked":["champ:FanOfKnives+1","champ:AdrenalArmor+1"],"picked":"champ:DefensiveShout+1","floor":38.0},{"not_picked":["champ:DancingMaster","champ:FlashCut+1","champ:DefensiveShout+1"],"picked":"SKIP","floor":40},{"not_picked":["champ:BerserkersShout+1","champ:GladiatorsShout+1"],"picked":"champ:FocusedDefense+1","floor":42},{"not_picked":["champ:DefensiveShout+1","champ:FocusedGladiator+1","champ:AdrenalArmor+1"],"picked":"SKIP","floor":43},{"not_picked":["champ:Aggression+1","champ:GladiatorsShout+1","champ:DefensiveShout+1"],"picked":"SKIP","floor":45},{"not_picked":["champ:DefensiveShout+1","champ:RageSigil+1"],"picked":"champ:DefensiveStyle+1","floor":46},{"not_picked":["champ:IronFortress","champ:RisingSlash+1"],"picked":"champ:SkillfulDodge+1","floor":48},{"not_picked":["champ:FaceSlap","champ:FanOfKnives","champ:FocusedBerserking+1"],"picked":"SKIP","floor":49}],"player_experience":919828,"relics_obtained":[{"floor":6.0,"key":"Shuriken"},{"floor":7.0,"key":"Toxic Egg 2"},{"floor":8.0,"key":"PreservedInsect"},{"floor":10.0,"key":"Orichalcum"},{"floor":26.0,"key":"Meat on the Bone"},{"floor":26.0,"key":"Letter Opener"},{"floor":31.0,"key":"Regal Pillow"},{"floor":31.0,"key":"Bottled Tornado"},{"floor":40,"key":"champ:DefensiveTrainingManual"},{"floor":40,"key":"champ:FightingForDummies"},{"floor":41,"key":"Omamori"},{"floor":42,"key":"Potion Belt"},{"floor":42,"key":"Pear"},{"floor":46,"key":"Guardian:PocketSentry"},{"floor":46,"key":"InkBottle"}],"event_choices":[{"damage_healed":0.0,"max_hp_gain":0.0,"max_hp_loss":0.0,"gold_gain":0.0,"cards_transformed":["champ:Strike"],"event_name":"Transmorgrifier","player_choice":"Transformed","floor":5.0,"gold_loss":0.0,"damage_taken":0.0,"cards_obtained":["champ:StanceDance"]},{"damage_healed":0.0,"max_hp_gain":0.0,"max_hp_loss":0.0,"gold_gain":0.0,"event_name":"Scrap Ooze","player_choice":"Success","floor":14.0,"gold_loss":0.0,"damage_taken":18.0,"relics_obtained":["CeramicFish"]},{"cards_removed":["champ:Strike"],"damage_healed":0.0,"max_hp_gain":0.0,"max_hp_loss":0.0,"gold_gain":0.0,"event_name":"Bonfire Elementals","player_choice":"Offered Basic","floor":22.0,"gold_loss":0.0,"damage_taken":0.0},{"cards_removed":["champ:Strike"],"damage_healed":0.0,"max_hp_gain":0.0,"max_hp_loss":0.0,"gold_gain":0.0,"event_name":"Falling","player_choice":"Removed Attack","floor":39.0,"gold_loss":0.0,"damage_taken":0.0}],"is_beta":false,"boss_relics":[{"not_picked":["Tiny House","Velvet Choker"],"picked":"Black Star"},{"not_picked":["SlaversCollar","Runic Dome"],"picked":"Sozu"}],"items_purged_floors":[11],"is_endless":false,"potions_floor_spawned":[2,8,12,16,21,26,31,32,36,42,48,49],"ascension_level":1}}