{"host":"qm4rv4rkpk76sbxu","time":1610571083,"event":{"mods":["BaseMod","Bestiary","Block Reminder","DeckTracker","Filter the Spire","Keyboard Shortcuts","Minty Spire (QoL Compilation)","MonsterHotkey","Potion Indicator Mod","Quick Restart","Relic Stats","Slay-I","StSLib","ojb\u0027s Better Paths Mod"],"gold_per_floor":[110,121,138,138,150,188,188,212,212,285,285,329,356,386,386,386,386],"floor_reached":16,"language":"ENG","playtime":771,"items_purged":[],"score":244,"play_id":"0589c0d6-407e-4a74-a89a-bd2388850ff9","local_time":"20210113215123","is_ascension_mode":true,"campfire_choices":[{"data":"Burst","floor":7.0,"key":"SMITH"},{"floor":11.0,"key":"REST"},{"data":"Skewer","floor":15.0,"key":"SMITH"}],"circlet_count":0,"master_deck":["AscendersBane","Strike_G","Strike_G","Strike_G","Strike_G","Defend_G","Defend_G","Defend_G","Defend_G","Defend_G","Survivor","Neutralize","Poisoned Stab","Poisoned Stab","Burst+1","Venomology","Skewer+1","Slice","Acrobatics","Blur"],"relics":["Ring of the Snake","NeowsBlessing","CeramicFish","Blood Vial","Oddly Smooth Stone","Meat on the Bone","FossilizedHelix"],"acts_visited":["Exordium"],"potions_floor_usage":[16,16,16],"damage_taken":[{"damage":0.0,"enemies":"2 Louse","floor":1.0,"turns":1.0},{"damage":0.0,"enemies":"Jaw Worm","floor":2.0,"turns":1.0},{"damage":0.0,"enemies":"Small Slimes","floor":3.0,"turns":1.0},{"damage":4.0,"enemies":"3 Louse","floor":5.0,"turns":6.0},{"damage":17.0,"enemies":"Gremlin Nob","floor":6.0,"turns":4.0},{"damage":16.0,"enemies":"Lots of Slimes","floor":8.0,"turns":8.0},{"damage":10.0,"enemies":"3 Sentries","floor":10.0,"turns":8.0},{"damage":12.0,"enemies":"3 Sentries","floor":12.0,"turns":10.0},{"damage":4.0,"enemies":"Exordium Wildlife","floor":13.0,"turns":5.0},{"damage":23.0,"enemies":"Gremlin Nob","floor":14.0,"turns":4.0},{"damage":51,"enemies":"Slime Boss","floor":16,"turns":11}],"seed_played":"5024665810842191469","potions_obtained":[{"floor":3.0,"key":"ColorlessPotion"},{"floor":5.0,"key":"AttackPotion"},{"floor":12.0,"key":"Dexterity Potion"},{"floor":13.0,"key":"FearPotion"},{"floor":14.0,"key":"Regen Potion"}],"is_trial":false,"path_per_floor":["M","M","M","?","M","E","R","M","T","?","R","E","M","E","R","B"],"character_chosen":"THE_SILENT","items_purchased":[],"campfire_rested":1,"item_purchase_floors":[],"current_hp_per_floor":[59,59,59,52,48,31,31,15,15,7,26,16,26,17,17,0,0],"gold":386,"neow_bonus":"THREE_ENEMY_KILL","is_daily":false,"chose_seed":false,"campfire_upgraded":2,"win_rate":0.0,"timestamp":1610571083,"path_taken":["M","M","M","?","M","E","R","M","T","?","R","E","M","E","R","BOSS"],"items_purchased_type":[],"build_version":"2020-12-22","purchased_purges":0,"victory":false,"max_hp_per_floor":[66,66,66,66,66,66,66,66,66,66,66,66,66,66,66,66,66],"relic_stats":{"Blood Vial":10,"counters":[11,59],"CeramicFish":45,"obtain_stats":[{"Blood Vial":9,"NeowsBlessing":0,"CeramicFish":6,"Oddly Smooth Stone":10,"FossilizedHelix":14,"Ring of the Snake":0,"Meat on the Bone":12},{"Blood Vial":6,"NeowsBlessing":0,"CeramicFish":5,"Oddly Smooth Stone":7,"FossilizedHelix":10,"Ring of the Snake":0,"Meat on the Bone":8},{"Blood Vial":21,"NeowsBlessing":0,"CeramicFish":13,"Oddly Smooth Stone":29,"FossilizedHelix":48,"Ring of the Snake":0,"Meat on the Bone":39}],"Ring of the Snake":[22],"Meat on the Bone":24},"card_choices":[{"not_picked":["Dodge and Roll","Bane"],"picked":"Poisoned Stab","floor":1.0},{"not_picked":["Blade Dance","Heel Hook"],"picked":"Poisoned Stab","floor":2.0},{"not_picked":["Accuracy","Flechettes","Outmaneuver"],"picked":"SKIP","floor":3.0},{"not_picked":["Deflect","Backflip"],"picked":"Burst","floor":5.0},{"not_picked":["Catalyst","Flying Knee"],"picked":"Venomology","floor":6.0},{"not_picked":["Quick Slash","Noxious Fumes"],"picked":"Skewer","floor":8.0},{"not_picked":["Acrobatics","Heel Hook"],"picked":"Slice","floor":10.0},{"not_picked":["Dagger Spray","Underhanded Strike"],"picked":"Acrobatics","floor":12.0},{"not_picked":["Dagger Throw","Backstab"],"picked":"Blur","floor":13.0},{"not_picked":["Skewer","Bane","Dodge and Roll"],"picked":"SKIP","floor":14.0}],"player_experience":1277421,"relics_obtained":[{"floor":6.0,"key":"CeramicFish"},{"floor":9.0,"key":"Blood Vial"},{"floor":10.0,"key":"Oddly Smooth Stone"},{"floor":12.0,"key":"Meat on the Bone"},{"floor":14.0,"key":"FossilizedHelix"}],"event_choices":[{"cards_removed":["Strike_G"],"damage_healed":0.0,"max_hp_gain":0.0,"max_hp_loss":0.0,"gold_gain":0.0,"event_name":"Golden Wing","player_choice":"Card Removal","floor":4.0,"gold_loss":0.0,"damage_taken":7.0},{"damage_healed":0.0,"max_hp_gain":0.0,"max_hp_loss":0.0,"gold_gain":0.0,"event_name":"Dead Adventurer","player_choice":"Searched \u00271\u0027 times","floor":10.0,"gold_loss":0.0,"damage_taken":0.0}],"is_beta":false,"boss_relics":[],"items_purged_floors":[],"is_endless":false,"potions_floor_spawned":[3,5,12,13,14],"killed_by":"Slime Boss","ascension_level":20}}