{"host":"8ohk72e3leaymhq4","time":1610523735,"event":{"mods":["ATMod(阿瑾Mod)","Act Like it!","Arknights The Spire","Aspiration","Bard","BaseMod","BetterRewards","Colored Powertips","Conspire","Downfall","Energized Spire","FutureSeer","Gensokyo","Hallownest","Hubris","Hunter 猎人","KinomotoSakuraMod(木之本樱)","LagranYue(拉格朗・月)","Lobotomy","LobotomyExtend","Marisa（F雨　魔理沙）","Mimic Mod","Minty Spire (QoL Compilation)","Nova Terra(诺娃・泰拉)","Pale of the Ancients","Prisma Mod","Quarter Circle Forward PUNCH!","Quick Restart","Reimu（博丽灵梦）","Relic Stats","Remilia（蕾米莉亚）","Replay The Spire","Reworked Bosses","RumiaBox-露米娅的神秘盒子","SIMod","Shop Mod","Spicy Shops","StSLib","Td1madao Mod","TestMod","The Administrix","The Bug Knight","The Construct","The Mystic","WarShipGirlsR/战舰少女R mod","Youmu（魂魄妖梦）","Yuri Mod","Yuyuko","vexMod","【遗物卡牌】REMEMod","篝火指南"],"gold_per_floor":[110,110,110,123,0,0,35,58,58,104,118,132,132,132,146,146,146,146,146,146,9,34,34,34,34,154,154,170,220,238,258,258,289,306,306,306,436,505,136,595,613,617,617,617],"floor_reached":33,"language":"ZHS","playtime":4449,"items_purged":["Dash","ReplayTheSpireMod:Splinters"],"score":508,"play_id":"d4978ff7-0062-44bb-80f6-17043e03e4cb","local_time":"20210113154215","is_ascension_mode":false,"campfire_choices":[{"data":"Venomology","floor":6.0,"key":"SMITH"},{"data":"CelestialStarSword","floor":6.0,"key":"SMITH"},{"data":"HeavenGodSword","floor":13.0,"key":"SMITH"},{"data":"ThoughtCuttingSword","floor":15.0,"key":"SMITH"}],"circlet_count":0,"master_deck":["Strike_YM","Strike_YM","Defend_YM","Defend_YM","SlashOfPresentWorld","WheelOfPainOfLivingAndDead","MatsuyoiReflectingSatelliteSlash","SpiritCuttingSword","Venomology+1","Strike_G","ShyLook","CherryBlossomFlashing","PhosphoricSlash","Mercenary","HesitationCuttingSword","SlashOfMeditation","SlashOfDelusionalInnerEye","AT_FamilyPortrait","SlashOfDepartureFromHesitation","DispleasureOfTheSevenHakus","CelestialStarSword+1","HeavenGodSword+1","Wellcheers","ThoughtCuttingSword+1","ASingleThoughtAndInfiniteKalpas","DespairKnight","CherryBlossomFlashing+1","HeavenlyHaloSlash+1","BigBadWolf","TwoHundredYojanaInOneSlash","SwordExtraction+1","QueenOfHatred","GreatEnlightenmentAppearingAndDisappearing+1","SwordExtraction+1","KarmicPunishmentOfTheIdleAndUnfocused+1","AsuraSword","HellFireSword","HeavenGodSword+1","StrangeHalfBody+1","SlashOfMeditation+1"],"relics":["HalfPhantom","REME_ComplimentaryCards","AT_ATBox","testmod-TestBox","LagranYue:RandomDrawCardRelic","CogitoBucket","Golden Idol","AT_DeathDance","Mirror","testmod-Justice","LuminousBracelet","LetterFromLob","YidongShenshe:ReiMu","Pen Nib","Toxic Egg 2","HellTrain","Replay:Ringing Soul","AtMidnight","AntiCross","REME_OnlineShoppingPlatform","MerchantsRug","RuthlessExorcism:ReiMu","Pantograph","Golden Egg","Sling","Strawberry","Onion Ring","vexMod:TimeEaterHat","conspire:GiftBox"],"acts_visited":["Exordium","TheBeyond"],"potions_floor_usage":[29,29,29,29,30,32],"damage_taken":[{"damage":0.0,"enemies":"Small Slimes","floor":1.0,"turns":4.0},{"damage":15.0,"enemies":"Jaw Worm","floor":4.0,"turns":5.0},{"damage":13.0,"enemies":"Gremlin Nob","floor":7.0,"turns":5.0},{"damage":0.0,"enemies":"2 Louse","floor":8.0,"turns":2.0},{"damage":10.0,"enemies":"Lots of Slimes","floor":10.0,"turns":4.0},{"damage":43.0,"enemies":"2 Louse","floor":1.0,"turns":4.0},{"damage":0.0,"enemies":"Cultist","floor":2.0,"turns":2.0},{"damage":0.0,"enemies":"Jaw Worm","floor":5.0,"turns":1.0},{"damage":6.0,"enemies":"Lots of Slimes","floor":12.0,"turns":2.0},{"damage":38.0,"enemies":"Fading Forest","floor":16.0,"turns":11.0},{"damage":69.0,"enemies":"Orb Walker","floor":18.0,"turns":6.0},{"damage":25.0,"enemies":"3 Darklings","floor":19.0,"turns":4.0},{"damage":2.0,"enemies":"3 Darklings","floor":20.0,"turns":2.0},{"damage":21.0,"enemies":"4 Shapes","floor":21.0,"turns":2.0},{"damage":2.0,"enemies":"Reptomancer","floor":23.0,"turns":2.0},{"damage":64.0,"enemies":"Maw","floor":24.0,"turns":4.0},{"damage":18,"enemies":"Writhing Mass","floor":31,"turns":3},{"damage":11,"enemies":"Jaw Worm Horde","floor":32,"turns":2},{"damage":229,"enemies":"R_Hoarder","floor":33,"turns":2}],"seed_played":"-6035749187453907783","potions_obtained":[{"floor":4.0,"key":"Milkshake"},{"floor":7.0,"key":"REME_GoldPotion"},{"floor":5.0,"key":"DuplicationPotion"},{"floor":18.0,"key":"LiquidBronze"},{"floor":24.0,"key":"PowerPotion"}],"is_trial":false,"path_per_floor":["M","?","?","M","$","R","E","M","T","M","M","M","M","?","?","M","R","E","?","T","$","$","M","R","?","R","B",null,"M","MIM","M","M","?","E","M","PTL","PTL","?","T","$","R","M","M","E"],"character_chosen":"YOUMU","items_purchased":["PhosphoricSlash","HeavenGodSword","REME_OnlineShoppingPlatform","MerchantsRug","RuthlessExorcism:ReiMu","Pantograph","Golden Egg","Sling","Strawberry","Onion Ring","vexMod:TimeEaterHat","HellFireSword","conspire:GiftBox"],"campfire_rested":0,"item_purchase_floors":[5,11,29,29,29,29,29,29,30,30,30,30,30],"current_hp_per_floor":[75,57,57,42,42,42,29,29,29,19,47,47,47,47,47,47,47,38,38,38,38,32,32,32,32,41,68,53,32,36,19,87,88,33,33,33,36,36,41,51,47,39,0,0],"gold":617,"neow_bonus":"","is_daily":false,"chose_seed":false,"campfire_upgraded":4,"win_rate":0.0,"timestamp":1610523735,"path_taken":["M","?","?","M","$","R","E","M","T","M","M","M","M","?","?","?","R","E","?","T","?","$","M","R","?","R","BOSS","M","?","?","M","?","E","M","PTL","PTL","?","T","$","R","M","M","E"],"items_purchased_type":["Card","Card","Relic","Relic","Relic","Relic","Relic","Relic","Relic","Relic","Relic","Card","Relic"],"build_version":"2020-12-22","purchased_purges":2,"victory":false,"max_hp_per_floor":[75,75,75,75,75,75,75,75,75,75,90,90,90,90,90,90,90,90,90,90,90,90,90,90,90,90,68,68,71,74,77,87,90,90,90,90,93,93,98,108,111,114,114,114],"relic_stats":{"counters":[22,70],"Golden Idol":126,"Pantograph":0,"Pen Nib":[8],"obtain_stats":[{"Golden Egg":29,"AT_ATBox":0,"LagranYue:RandomDrawCardRelic":0,"LuminousBracelet":1,"HalfPhantom":0,"Sling":29,"Replay:Ringing Soul":19,"CogitoBucket":0,"Pantograph":29,"Strawberry":30,"AntiCross":28,"Toxic Egg 2":14,"Replay:Drink Me":17,"REME_OnlineShoppingPlatform":29,"MerchantsRug":29,"testmod-TestBox":0,"Golden Idol":2,"vexMod:TimeEaterHat":30,"Pen Nib":9,"testmod-Justice":0,"conspire:GiftBox":30,"AtMidnight":24,"Onion Ring":30,"LetterFromLob":1,"YidongShenshe:ReiMu":3,"AT_DeathDance":7,"HellTrain":18,"Mirror":9,"REME_ComplimentaryCards":0,"RuthlessExorcism:ReiMu":29},{"Golden Egg":19,"AT_ATBox":0,"LagranYue:RandomDrawCardRelic":0,"LuminousBracelet":7,"HalfPhantom":0,"Sling":19,"Replay:Ringing Soul":14,"CogitoBucket":0,"Pantograph":19,"Strawberry":19,"AntiCross":19,"Toxic Egg 2":10,"Replay:Drink Me":11,"REME_OnlineShoppingPlatform":19,"MerchantsRug":19,"testmod-TestBox":0,"Golden Idol":1,"vexMod:TimeEaterHat":19,"Pen Nib":9,"testmod-Justice":5,"conspire:GiftBox":19,"AtMidnight":19,"Onion Ring":19,"LetterFromLob":1,"YidongShenshe:ReiMu":8,"AT_DeathDance":3,"HellTrain":13,"Mirror":4,"REME_ComplimentaryCards":0,"RuthlessExorcism:ReiMu":19},{"Golden Egg":63,"AT_ATBox":0,"LagranYue:RandomDrawCardRelic":0,"LuminousBracelet":25,"HalfPhantom":0,"Sling":63,"Replay:Ringing Soul":52,"CogitoBucket":0,"Pantograph":63,"Strawberry":63,"AntiCross":63,"Toxic Egg 2":30,"Replay:Drink Me":41,"REME_OnlineShoppingPlatform":63,"MerchantsRug":63,"testmod-TestBox":0,"Golden Idol":4,"vexMod:TimeEaterHat":63,"Pen Nib":28,"testmod-Justice":20,"conspire:GiftBox":63,"AtMidnight":63,"Onion Ring":63,"LetterFromLob":4,"YidongShenshe:ReiMu":27,"AT_DeathDance":14,"HellTrain":48,"Mirror":16,"REME_ComplimentaryCards":0,"RuthlessExorcism:ReiMu":63}]},"card_choices":[{"not_picked":["Scorched","Bloodbath"],"picked":"BigBird","floor":1.0},{"not_picked":["DoubleWheelOfPain","ConstancyOfTheConventionalTruth"],"picked":"SpiritCuttingSword","floor":1.0},{"not_picked":["PunishingBird","FairyFestival"],"picked":"ShyLook","floor":4.0},{"not_picked":["SpiritCuttingSword","PretaSword"],"picked":"CherryBlossomFlashing","floor":4.0},{"not_picked":["CherryBlossoms","QueenOfHatred"],"picked":"Mercenary","floor":7.0},{"not_picked":["DispleasureOfTheSevenHakus","SlashOfMeditation"],"picked":"HesitationCuttingSword","floor":7.0},{"not_picked":["SuddenPhantomFormationSlashOfKarmicWind","ThreeKonsSevenHakus"],"picked":"SlashOfMeditation","floor":8.0},{"not_picked":["SlashOfDepartureFromHesitation","BloodOfAsura"],"picked":"SlashOfDelusionalInnerEye","floor":10.0},{"not_picked":["LifeCuttingSword","FlashingScatteredFlowers"],"picked":"SlashOfDepartureFromHesitation","floor":1.0},{"not_picked":["LifeCuttingSword","SwordOfBindingDesires"],"picked":"DispleasureOfTheSevenHakus","floor":2.0},{"not_picked":["CrescentMoonSlash","PhosphoricSlash"],"picked":"CelestialStarSword","floor":5.0},{"not_picked":["VoidDream","WallGazer"],"picked":"Wellcheers","floor":12.0},{"not_picked":["BizarrenessOfSixRealms","SlashOfMeditation"],"picked":"ThoughtCuttingSword","floor":12.0},{"not_picked":["Laetitia","SpiderBud"],"picked":"BlueStar","floor":16.0},{"not_picked":["VoidnessSword","DeadlyForm"],"picked":"ASingleThoughtAndInfiniteKalpas","floor":16.0},{"not_picked":["Woodsman","LongBird"],"picked":"DespairKnight","floor":18.0},{"not_picked":["ThreeKonsSevenHakus+1","HumanKnowledgeSword"],"picked":"CherryBlossomFlashing+1","floor":18.0},{"not_picked":["SpiritCuttingSword+1","LotusPostureSlash"],"picked":"HeavenlyHaloSlash+1","floor":19.0},{"not_picked":["WallGazer","OldLady"],"picked":"BigBadWolf","floor":20.0},{"not_picked":["ObsessionWithThePresentWorld+1","LightFlashOfTheNetherworld"],"picked":"TwoHundredYojanaInOneSlash","floor":20.0},{"not_picked":["ThreeKonsSevenHakus+1","TwoHundredYojanaInOneSlash+1"],"picked":"SwordExtraction+1","floor":21.0},{"not_picked":["GalaxyChild","DreamingCurrent"],"picked":"QueenOfHatred","floor":23.0},{"not_picked":["CherryBlossomFlashing+1","SanzenSekai"],"picked":"GreatEnlightenmentAppearingAndDisappearing+1","floor":23.0},{"not_picked":["CrescentMoonSlash","FlashingScatteredFlowers","SwordOfBindingDesires+1"],"picked":"SKIP","floor":24.0},{"not_picked":["SanzenSekai","FlashingScatteredFlowers+1"],"picked":"SwordExtraction+1","floor":27.0},{"not_picked":["HesitationCuttingSword+1","HellFireSword+1"],"picked":"KarmicPunishmentOfTheIdleAndUnfocused+1","floor":27.0},{"not_picked":["DispleasureOfTheSevenHakus+1","CrescentMoonSlash+1"],"picked":"AsuraSword","floor":27.0},{"not_picked":["CelestialStarSword","CherryBlossomSword"],"picked":"HeavenGodSword","floor":30},{"not_picked":["SlashOfMeditation","ObsessionSword+1"],"picked":"StrangeHalfBody","floor":31},{"not_picked":["ThreeKonsSevenHakus+1","TransmigrationSlash"],"picked":"SlashOfMeditation+1","floor":32}],"player_experience":47842,"relics_obtained":[{"floor":1.0,"key":"LetterFromLob"},{"floor":7.0,"key":"AT_DeathDance"},{"floor":9.0,"key":"Mirror"},{"floor":1.0,"key":"LetterFromLob"},{"floor":9.0,"key":"Pen Nib"},{"floor":19.0,"key":"Replay:Ringing Soul"},{"floor":24.0,"key":"AtMidnight"},{"floor":28.0,"key":"AntiCross"}],"event_choices":[{"damage_healed":0.0,"max_hp_gain":0.0,"max_hp_loss":0.0,"gold_gain":0.0,"event_name":"Golden Idol","player_choice":"Take Damage","floor":2.0,"gold_loss":0.0,"damage_taken":18.0,"relics_obtained":["Golden Idol"]},{"damage_healed":0.0,"max_hp_gain":0.0,"max_hp_loss":0.0,"gold_gain":0.0,"event_name":"yidonshenshe","player_choice":"带走神社","floor":3.0,"gold_loss":0.0,"damage_taken":0.0,"relics_obtained":["YidongShenshe:ReiMu"],"cards_obtained":["Poor:ReiMu"]},{"cards_removed":["Poor:ReiMu"],"damage_healed":0.0,"max_hp_gain":0.0,"max_hp_loss":0.0,"gold_gain":0.0,"event_name":"Fountain of Cleansing","player_choice":"Removed Curses","floor":4.0,"gold_loss":0.0,"damage_taken":0.0},{"damage_healed":0.0,"max_hp_gain":0.0,"max_hp_loss":0.0,"gold_gain":0.0,"event_name":"Wheel of Change","player_choice":"Damaged","floor":8.0,"gold_loss":0.0,"damage_taken":9.0},{"cards_removed":["BlueStar"],"damage_healed":58.0,"max_hp_gain":10.0,"max_hp_loss":0.0,"gold_gain":0.0,"event_name":"Bonfire Elementals","player_choice":"Offered Rare","floor":22.0,"gold_loss":0.0,"damage_taken":0.0}],"is_beta":false,"boss_relics":[{"not_picked":["energizedSpire:StickyHand","ReplayTheSpireMod:DimensionalGlitch"],"picked":"Replay:Drink Me"}],"items_purged_floors":[5,29],"is_endless":false,"potions_floor_spawned":[4,7,2,5,18,21,24],"killed_by":"R_Hoarder","ascension_level":0}}