{"host":"981nlwu0905dw1bz","time":1610524247,"event":{"mods":["AchievementEnabler","BaseMod","DeckTracker","Minty Spire (QoL Compilation)","Rare Cards Sparkle","SuperFastMode"],"gold_per_floor":[112,112,127,127,127,127,92,92,119,119,134,161,221,69,69,170,220,235,246,246,264,275,304,304,304],"floor_reached":24,"language":"KOR","playtime":657,"items_purged":[],"score":332,"play_id":"8ab5a3c3-6436-4967-9731-93d5578786e7","local_time":"20210113165047","is_ascension_mode":true,"campfire_choices":[{"data":"Dramatic Entrance","floor":6,"key":"SMITH"},{"data":"Dash","floor":8,"key":"SMITH"},{"data":"Blade Dance","floor":15,"key":"SMITH"}],"circlet_count":0,"master_deck":["AscendersBane","Strike_G","Strike_G+1","Strike_G","Strike_G","Strike_G","Defend_G","Defend_G","Defend_G","Defend_G","Defend_G","Survivor","Neutralize","Dramatic Entrance+1","Dash+1","Blade Dance+1","Storm of Steel","Choke","Backstab","Neutralize","Footwork+1","Terror","Backflip"],"relics":["Ring of the Snake","Pen Nib","Bag of Marbles","HandDrill","Tiny House","Potion Belt"],"acts_visited":["Exordium","TheCity"],"potions_floor_usage":[12,16,18,21],"damage_taken":[{"damage":3,"enemies":"Cultist","floor":1,"turns":5},{"damage":7,"enemies":"Jaw Worm","floor":3,"turns":6},{"damage":0,"enemies":"Small Slimes","floor":11,"turns":3},{"damage":6,"enemies":"Gremlin Nob","floor":12,"turns":3},{"damage":71,"enemies":"Slime Boss","floor":16,"turns":16},{"damage":11,"enemies":"2 Thieves","floor":18,"turns":2},{"damage":0,"enemies":"Spheric Guardian","floor":19,"turns":2},{"damage":6,"enemies":"Centurion and Healer","floor":21,"turns":3},{"damage":12,"enemies":"Shelled Parasite and Fungi","floor":22,"turns":4},{"damage":28,"enemies":"Gremlin Leader","floor":23,"turns":6},{"damage":0,"enemies":"Chosen and Byrds","floor":24,"turns":1}],"seed_played":"-6490879658580316141","potions_obtained":[{"floor":11,"key":"FearPotion"},{"floor":12,"key":"Regen Potion"},{"floor":17,"key":"Weak Potion"},{"floor":18,"key":"Strength Potion"},{"floor":23,"key":"Explosive Potion"}],"is_trial":false,"path_per_floor":["M","$","M","?","?","R","?","R","T","$","M","E","?","$","R","B",null,"M","M","?","M","M","E","M"],"character_chosen":"THE_SILENT","items_purchased":["HandDrill"],"campfire_rested":0,"item_purchase_floors":[14],"current_hp_per_floor":[60,60,53,53,53,53,70,70,70,70,70,64,64,64,64,8,60,49,49,49,43,31,3,3,3],"gold":304,"neow_bonus":"RANDOM_COLORLESS","is_daily":false,"chose_seed":false,"campfire_upgraded":3,"win_rate":0.0,"timestamp":1610524247,"path_taken":["M","$","M","?","?","R","?","R","T","?","M","E","?","$","R","BOSS","M","M","?","M","M","E","?"],"items_purchased_type":["Relic"],"build_version":"2020-12-22","purchased_purges":0,"victory":false,"max_hp_per_floor":[70,70,70,70,70,70,70,70,70,70,70,70,70,70,70,70,75,75,75,75,75,75,75,75,75],"card_choices":[{"not_picked":["Impatience","Good Instincts"],"picked":"Dramatic Entrance","floor":0},{"not_picked":["Blur","Catalyst","Leg Sweep"],"picked":"SKIP","floor":1},{"not_picked":["Outmaneuver","Dagger Throw"],"picked":"Dash","floor":3},{"not_picked":["Deflect","Slice","Setup"],"picked":"SKIP","floor":11},{"not_picked":["Slice","Dodge and Roll"],"picked":"Blade Dance","floor":12},{"not_picked":["Grand Finale","Night Terror"],"picked":"Storm of Steel","floor":16},{"not_picked":["Tactician","Sucker Punch"],"picked":"Choke","floor":17},{"not_picked":["Catalyst","Finisher"],"picked":"Backstab","floor":18},{"not_picked":["Quick Slash","Eviscerate","Noxious Fumes"],"picked":"SKIP","floor":19},{"not_picked":["Cloak And Dagger+1","Bouncing Flask"],"picked":"Footwork+1","floor":21},{"not_picked":["Flying Knee","Underhanded Strike+1"],"picked":"Terror","floor":22},{"not_picked":["Prepared","Dash"],"picked":"Backflip","floor":23}],"player_experience":545806,"relics_obtained":[{"floor":9,"key":"Pen Nib"},{"floor":12,"key":"Bag of Marbles"},{"floor":23,"key":"Potion Belt"}],"event_choices":[{"damage_healed":0,"gold_gain":0,"player_choice":"Ignored","damage_taken":0,"max_hp_gain":0,"max_hp_loss":0,"event_name":"Shining Light","floor":4,"gold_loss":0},{"damage_healed":0,"gold_gain":0,"player_choice":"Ignored","damage_taken":0,"max_hp_gain":0,"max_hp_loss":0,"event_name":"Liars Game","floor":5,"gold_loss":0},{"damage_healed":17,"gold_gain":0,"player_choice":"Healed","damage_taken":0,"max_hp_gain":0,"max_hp_loss":0,"event_name":"The Cleric","floor":7,"gold_loss":35},{"damage_healed":0,"gold_gain":60,"player_choice":"Gained Gold","damage_taken":0,"max_hp_gain":0,"max_hp_loss":0,"event_name":"Golden Wing","floor":13,"gold_loss":0},{"damage_healed":0,"gold_gain":0,"player_choice":"1 cards matched","damage_taken":0,"max_hp_gain":0,"max_hp_loss":0,"event_name":"Match and Keep!","floor":20,"gold_loss":0,"cards_obtained":["Neutralize"]}],"is_beta":false,"boss_relics":[{"not_picked":["Fusion Hammer","Runic Dome"],"picked":"Tiny House"}],"items_purged_floors":[],"is_endless":false,"potions_floor_spawned":[11,12,18,23],"killed_by":"Chosen and Byrds","ascension_level":11}}