{"host":"utcbn1j9ebmpc40m","time":1610564706,"event":{"mods":["BaseMod","Better Match","Minty Spire (QoL Compilation)","Poor People Problems","StSLib","SuperFastMode","The IronCluck"],"gold_per_floor":[110,129,80,96,115,115,144,144,144,144,157,7,7,24,24,125,125,137,148,148,148],"floor_reached":20,"language":"ENG","playtime":671,"items_purged":[],"score":246,"play_id":"d7c1a4ff-aa79-4ed1-809e-c91ec1cf2b94","local_time":"20210113140506","is_ascension_mode":true,"campfire_choices":[{"data":"Mayhem","floor":6,"key":"SMITH"},{"floor":8,"key":"REST"},{"floor":10,"key":"REST"},{"data":"Whirlwind","floor":15,"key":"SMITH"}],"circlet_count":0,"master_deck":["Strike_R","Strike_R","Strike_R","Strike_R","Strike_R","Defend_R","Defend_R","Defend_R","Defend_R","Bash","Mayhem+1","Dual Wield","Whirlwind+1","Shrug It Off","Rupture","Shrug It Off","Carnage","Bloodletting","Double Tap","Shrug It Off+1","Heavy Blade+1"],"relics":["Burning Blood","Dream Catcher","Bottled Tornado","Blood Vial","SacredBark"],"acts_visited":["Exordium","TheCity"],"potions_floor_usage":[7,16,16,19],"damage_taken":[{"damage":1,"enemies":"Cultist","floor":1,"turns":4},{"damage":6,"enemies":"2 Louse","floor":2,"turns":3},{"damage":7,"enemies":"Jaw Worm","floor":4,"turns":5},{"damage":16,"enemies":"Blue Slaver","floor":5,"turns":5},{"damage":34,"enemies":"3 Sentries","floor":7,"turns":8},{"damage":4,"enemies":"Exordium Wildlife","floor":11,"turns":5},{"damage":4,"enemies":"2 Fungi Beasts","floor":14,"turns":4},{"damage":41,"enemies":"Hexaghost","floor":16,"turns":10},{"damage":21,"enemies":"Chosen","floor":18,"turns":5},{"damage":21,"enemies":"Shell Parasite","floor":19,"turns":4},{"damage":54,"enemies":"Masked Bandits","floor":20,"turns":4}],"seed_played":"4955652370835165420","potions_obtained":[{"floor":4,"key":"Block Potion"},{"floor":7,"key":"HeartOfIron"},{"floor":14,"key":"Fire Potion"},{"floor":16,"key":"LiquidMemories"}],"is_trial":false,"path_per_floor":["M","M","$","M","M","R","E","R","T","R","M","$","?","M","R","B",null,"M","M","?"],"character_chosen":"IRONCLAD","items_purchased":["Shrug It Off","Blood Vial"],"campfire_rested":2,"item_purchase_floors":[3,12],"current_hp_per_floor":[72,72,72,71,61,61,33,54,54,72,72,72,82,82,82,47,73,60,47,0,0],"gold":148,"neow_bonus":"RANDOM_COLORLESS_2","is_daily":false,"chose_seed":false,"campfire_upgraded":2,"win_rate":0.0,"timestamp":1610564706,"path_taken":["M","M","?","M","M","R","E","R","T","R","M","$","?","M","R","BOSS","M","?","?"],"items_purchased_type":["Card","Relic"],"build_version":"2020-12-22","purchased_purges":0,"victory":false,"max_hp_per_floor":[72,72,72,72,72,72,72,72,72,72,72,72,82,82,82,82,82,82,82,82,82],"card_choices":[{"not_picked":["Sadistic Nature","Secret Weapon"],"picked":"Mayhem","floor":0},{"not_picked":["Havoc","Thunderclap"],"picked":"Dual Wield","floor":1},{"not_picked":["Clash","Uppercut"],"picked":"Whirlwind","floor":2},{"not_picked":["Havoc","Sword Boomerang"],"picked":"Bludgeon","floor":4},{"not_picked":["Inflame","Flame Barrier"],"picked":"Rupture","floor":5},{"not_picked":["True Grit","Searing Blow"],"picked":"Shrug It Off","floor":7},{"not_picked":["Clothesline","Uppercut"],"picked":"Carnage","floor":10},{"not_picked":["Cleave","Fire Breathing","Wild Strike"],"picked":"SKIP","floor":11},{"not_picked":["Twin Strike","Clash"],"picked":"Bloodletting","floor":14},{"not_picked":["Fiend Fire","Juggernaut"],"picked":"Double Tap","floor":16},{"not_picked":["Flex","Armaments"],"picked":"Shrug It Off+1","floor":18},{"not_picked":["Infernal Blade","Battle Trance"],"picked":"Heavy Blade+1","floor":19}],"player_experience":469779,"relics_obtained":[{"floor":7,"key":"Dream Catcher"},{"floor":9,"key":"Bottled Tornado"}],"event_choices":[{"cards_removed":["Bludgeon"],"damage_healed":0,"gold_gain":0,"player_choice":"Offered Rare","damage_taken":0,"max_hp_gain":10,"max_hp_loss":0,"event_name":"Bonfire Elementals","floor":13,"gold_loss":0},{"damage_healed":0,"gold_gain":0,"player_choice":"Fought Bandits","damage_taken":0,"max_hp_gain":0,"max_hp_loss":0,"event_name":"Masked Bandits","floor":20,"gold_loss":0}],"is_beta":false,"boss_relics":[{"not_picked":["Coffee Dripper","Runic Cube"],"picked":"SacredBark"}],"items_purged_floors":[],"is_endless":false,"potions_floor_spawned":[4,7,14,16],"killed_by":"Masked Bandits","ascension_level":8}}