{"host":"jl3raagrljzztomj","time":1610542204,"event":{"mods":["Aspiration","BaseMod","BetterRewards","Colored Map","Colored Powertips","Custom Start","Hermit","Highlight Path","Minty Spire (QoL Compilation)","Permanent Neow","StSLib","The Runesmith"],"gold_per_floor":[114,131,206,206,104,104,120,136,161,191,191,204,222,222,222,222,222],"floor_reached":16,"language":"ENG","playtime":587,"items_purged":[],"score":102,"play_id":"d1cdfd4b-62db-4341-b5ed-39f04e335f02","local_time":"20210113065004","is_ascension_mode":false,"campfire_choices":[{"data":"Heel Hook","floor":6,"key":"SMITH"},{"floor":11,"key":"REST"},{"floor":15,"key":"REST"}],"circlet_count":0,"master_deck":["Strike_G","Strike_G","Strike_G","Strike_G","Strike_G","Defend_G","Defend_G","Defend_G","Defend_G","Defend_G","Survivor","Neutralize+1","Heel Hook+1","Heel Hook"],"relics":["Ring of the Snake","Turnip","Anchor","PreservedInsect","SsserpentHead"],"acts_visited":["Exordium"],"potions_floor_usage":[10],"damage_taken":[{"damage":0,"enemies":"Small Slimes","floor":1,"turns":3},{"damage":1,"enemies":"2 Louse","floor":2,"turns":3},{"damage":0,"enemies":"Cultist","floor":7,"turns":3},{"damage":0,"enemies":"2 Fungi Beasts","floor":8,"turns":4},{"damage":37,"enemies":"Lagavulin","floor":10,"turns":11},{"damage":8,"enemies":"Lots of Slimes","floor":12,"turns":5},{"damage":0,"enemies":"Looter","floor":13,"turns":2},{"damage":73,"enemies":"Slime Boss","floor":16,"turns":10}],"seed_played":"-7791338528424037232","potions_obtained":[{"floor":7,"key":"Fruit Juice"},{"floor":8,"key":"Energy Potion"},{"floor":12,"key":"Strength Potion"}],"is_trial":false,"path_per_floor":["M","M","?","?","?","R","M","M","T","E","R","M","M","?","R","B"],"character_chosen":"THE_SILENT","items_purchased":[],"campfire_rested":2,"item_purchase_floors":[],"current_hp_per_floor":[70,69,58,58,58,58,58,58,58,26,48,40,40,40,62,0,0],"gold":222,"neow_bonus":"THREE_CARDS","is_daily":false,"chose_seed":false,"campfire_upgraded":1,"win_rate":0.0,"timestamp":1610542204,"path_taken":["M","M","?","?","?","R","M","M","T","E","R","M","?","?","R","BOSS"],"items_purchased_type":[],"build_version":"2020-12-22","purchased_purges":0,"victory":false,"max_hp_per_floor":[70,70,70,70,70,70,70,70,70,75,75,75,75,75,75,75,75],"card_choices":[{"not_picked":["Eviscerate","Dagger Throw"],"picked":"Heel Hook","floor":0},{"not_picked":["Flying Knee","Poisoned Stab","Setup"],"picked":"SKIP","floor":1},{"not_picked":["Deadly Poison","Expertise","Terror"],"picked":"SKIP","floor":2},{"not_picked":["Dagger Spray","Bane"],"picked":"Heel Hook","floor":7},{"not_picked":["Riddle With Holes","Terror","Dodge and Roll"],"picked":"SKIP","floor":8},{"not_picked":["Cloak And Dagger","PiercingWail","Catalyst"],"picked":"SKIP","floor":10},{"not_picked":["Skewer","Accuracy","Expertise"],"picked":"SKIP","floor":12},{"not_picked":["Concentrate","Reflex","Setup"],"picked":"SKIP","floor":13}],"player_experience":933622,"relics_obtained":[{"floor":9,"key":"Anchor"},{"floor":10,"key":"PreservedInsect"}],"event_choices":[{"damage_healed":0,"gold_gain":75,"player_choice":"Gather Gold","damage_taken":11,"max_hp_gain":0,"max_hp_loss":0,"event_name":"World of Goop","floor":3,"gold_loss":0},{"damage_healed":0,"gold_gain":0,"player_choice":"Grow","damage_taken":0,"max_hp_gain":0,"max_hp_loss":0,"event_name":"Living Wall","floor":4,"gold_loss":0,"cards_upgraded":["Neutralize"]},{"damage_healed":0,"gold_gain":0,"player_choice":"Paid Gold","damage_taken":0,"relics_obtained":["Turnip"],"max_hp_gain":0,"max_hp_loss":0,"event_name":"WeMeetAgain","floor":5,"gold_loss":102},{"damage_healed":0,"gold_gain":0,"player_choice":"Trade","damage_taken":0,"relics_obtained":["SsserpentHead"],"max_hp_gain":0,"max_hp_loss":0,"event_name":"FaceTrader","floor":14,"gold_loss":0}],"is_beta":false,"boss_relics":[],"items_purged_floors":[],"is_endless":false,"potions_floor_spawned":[7,8,12],"killed_by":"Slime Boss","ascension_level":0}}