{"host":"a3oe3gstxz77c7qu","time":1610575474,"event":{"mods":["2.2 Compatiblity","Act Like it!","Astrologer","BaseMod","Bestiary","Better Altar","Better Match","Better Note","Better Skull","Better Third Choice","Block Reminder","Curses Come First","Custom Start","Dark Map","Downfall","Friendly Minions","GifTheSpireLib","Hermit","Jorbs\u0027s Wanderer Trilogy","Lobotomy","LobotomyExtend","Marisa????????","Minty Spire (QoL Compilation)","Permanent Neow","Quick Restart","Relic Stats","Replay The Spire","StSLib","The Bug Knight","The Cursed","The Disciple","Uncapped","Unknown Chances","Wandering Minibosses"],"gold_per_floor":[99,109,127,185,201,229,252,108,126,141,66,81,181,199,213,213,213,213],"floor_reached":16,"language":"ENG","playtime":1093,"items_purged":["Guardian:Strike_Guardian"],"score":133,"play_id":"2dd0f9fa-47f4-4db9-85fe-aa991104645e","local_time":"20210113220434","is_ascension_mode":true,"campfire_choices":[{"floor":1,"key":"RECALL"},{"floor":11,"key":"REST"}],"circlet_count":0,"master_deck":["Guardian:Strike_Guardian","Guardian:Strike_Guardian+1","Guardian:Strike_Guardian","Guardian:Defend_Guardian","Guardian:Defend_Guardian","Guardian:Defend_Guardian","Guardian:Defend_Guardian","Guardian:CurlUp","Guardian:TwinSlam","Guardian:ExploitGems","Guardian:Gem_Green","Guardian:BaubleBeam"],"relics":["Guardian:ModeShifter","LetterFromLob","Replay:Rubber Ducky","Gremlin Food","Guardian:PickAxe","downfall:HeartBlessingRed"],"acts_visited":["Exordium"],"potions_floor_usage":[5,6,8,15,16],"damage_taken":[{"damage":7,"enemies":"Small Slimes","floor":2,"turns":4},{"damage":1,"enemies":"Cultist","floor":3,"turns":4},{"damage":1,"enemies":"2 Louse","floor":5,"turns":7},{"damage":29,"enemies":"3 Sentries","floor":6,"turns":11},{"damage":0,"enemies":"downfall:FleeingMerchant","floor":8,"turns":4},{"damage":14,"enemies":"Lots of Slimes","floor":9,"turns":5},{"damage":0,"enemies":"3 Louse","floor":10,"turns":4},{"damage":0,"enemies":"Gremlin Gang","floor":12,"turns":4},{"damage":0,"enemies":"Large Slime","floor":14,"turns":6},{"damage":1,"enemies":"Exordium Thugs","floor":15,"turns":5},{"damage":33,"enemies":"downfall:Watcher","floor":16,"turns":21}],"seed_played":"954873132975139207","potions_obtained":[{"floor":3,"key":"DuplicationPotion"},{"floor":4,"key":"Flashbang"},{"floor":4,"key":"Milkshake"},{"floor":5,"key":"BlessingOfTheForge"},{"floor":6,"key":"Regen Potion"},{"floor":15,"key":"sneckomod:MuddlingPotion"}],"is_trial":false,"path_per_floor":["R","M","M","?","M","E","T","$","M","M","R","M","?","M","M","B"],"character_chosen":"GUARDIAN","items_purchased":["Guardian:Gem_Blue"],"campfire_rested":1,"item_purchase_floors":[8],"current_hp_per_floor":[80,73,72,40,39,10,10,24,10,10,34,34,34,34,33,0,0,0],"gold":213,"neow_bonus":"ONE_RANDOM_RARE_CARD","is_daily":false,"chose_seed":false,"campfire_upgraded":0,"win_rate":0.0,"timestamp":1610575474,"path_taken":["R","M","M","?","?","E","T","$","M","M","R","M","?","M","M","BOSS"],"items_purchased_type":["Card"],"build_version":"2020-12-22","purchased_purges":1,"victory":false,"max_hp_per_floor":[80,80,80,80,80,80,80,80,80,80,80,80,80,80,80,80,80,80],"relic_stats":{"counters":[11,75],"obtain_stats":[{"Gremlin Food":6,"Guardian:PickAxe":7,"downfall:HeartBlessingRed":11,"Guardian:ModeShifter":0,"LetterFromLob":2,"Replay:Rubber Ducky":4},{"Gremlin Food":4,"Guardian:PickAxe":4,"downfall:HeartBlessingRed":7,"Guardian:ModeShifter":0,"LetterFromLob":1,"Replay:Rubber Ducky":2},{"Gremlin Food":26,"Guardian:PickAxe":26,"downfall:HeartBlessingRed":39,"Guardian:ModeShifter":0,"LetterFromLob":4,"Replay:Rubber Ducky":8}]},"card_choices":[{"not_picked":["Guardian:PiercingHide","Guardian:VentSteam"],"picked":"Guardian:Gem_Green","floor":2},{"not_picked":["Guardian:Planning","Guardian:PolyBeam","Guardian:ArmoredProtocol"],"picked":"SKIP","floor":3},{"not_picked":["Guardian:Reroute","Guardian:DecasProtection","Guardian:SentryBeam"],"picked":"SKIP","floor":5},{"not_picked":["Guardian:PrimingBeam","Guardian:WalkerClaw","Guardian:RevengeProtocol"],"picked":"SKIP","floor":6},{"not_picked":["Guardian:Recover","Guardian:ChargeCore"],"picked":"Guardian:Gem_Red","floor":8},{"not_picked":["Guardian:VentSteam","Guardian:Gem_Green"],"picked":"Guardian:Gem_Purple","floor":9},{"not_picked":["Guardian:Gem_Lightblue","Guardian:Recover","Guardian:GuardianWhirl"],"picked":"SKIP","floor":10},{"not_picked":["Guardian:ChargeCore","Guardian:Gem_Yellow","Guardian:Suspension"],"picked":"SKIP","floor":12},{"not_picked":["Guardian:WalkerClaw","Guardian:TemporalStrike"],"picked":"Guardian:BaubleBeam","floor":14},{"not_picked":["Guardian:EvasiveProtocol","Guardian:TemporalStrike","Guardian:Gem_Green"],"picked":"SKIP","floor":15}],"player_experience":1004886,"relics_obtained":[{"floor":2,"key":"LetterFromLob"},{"floor":4,"key":"Replay:Rubber Ducky"},{"floor":6,"key":"Gremlin Food"},{"floor":7,"key":"Guardian:PickAxe"}],"event_choices":[],"is_beta":false,"boss_relics":[],"items_purged_floors":[8],"is_endless":false,"potions_floor_spawned":[3,5,6,15],"killed_by":"downfall:Watcher","ascension_level":5}}