{"host":"oehe2dxjvdgux73m","time":1610547774,"event":{"mods":["AchievementEnabler","BaseMod","Colored Map","Colored Powertips","DeckTracker","Keyboard Shortcuts","Minty Spire (QoL Compilation)","Permanent Neow","Quick Restart","StSLib","SuperFastMode"],"gold_per_floor":[114,114,114,128,146,176,176,202,202,47,57,87,110,110,110,211,211,229,246,246,263,17,17,17,17,85,114,114,130,149,161,161,264,264,283,302,652,665,155,187,187,205,229,229,0,27,42,55,55,55],"floor_reached":51,"language":"KOR","playtime":2637,"items_purged":["Strike_G","Strike_G","Strike_G","Defend_G"],"score":1321,"play_id":"522714d0-c717-49a1-9e5f-5e3aeed0338c","local_time":"20210113232254","is_ascension_mode":true,"campfire_choices":[{"floor":7.0,"key":"REST"},{"data":"Catalyst","floor":15.0,"key":"SMITH"},{"floor":23.0,"key":"REST"},{"floor":25.0,"key":"REST"},{"floor":28.0,"key":"REST"},{"floor":32.0,"key":"REST"},{"floor":41.0,"key":"REST"},{"floor":44.0,"key":"REST"},{"floor":49.0,"key":"REST"}],"circlet_count":0,"master_deck":["AscendersBane","Strike_G","Defend_G","Defend_G","Defend_G","Defend_G","Survivor","Neutralize","Dagger Spray+1","Reflex+1","Bouncing Flask+1","Deadly Poison","Bane+1","Catalyst+1","Blur","Backflip","PiercingWail","Parasite","Dagger Throw+1","Escape Plan+1","Catalyst+1","Prepared+1","Deadly Poison","Acrobatics","Dodge and Roll+1","Poisoned Stab+1","Escape Plan","Backflip","Venomology","Crippling Poison","PiercingWail","Backflip+1","PiercingWail+1","Well Laid Plans","Acrobatics","Deadly Poison+1","Prepared+1"],"relics":["Ring of the Snake","Dream Catcher","Tough Bandages","Mummified Hand","Nunchaku","MealTicket","Fusion Hammer","DollysMirror","CultistMask","Molten Egg 2","Vajra","Philosopher\u0027s Stone","Old Coin","War Paint","Potion Belt","Strawberry","Whetstone","Happy Flower"],"acts_visited":["Exordium","TheCity","TheBeyond"],"potions_floor_usage":[50,50,50,50],"damage_taken":[{"damage":4.0,"enemies":"2 Louse","floor":1.0,"turns":3.0},{"damage":1.0,"enemies":"Small Slimes","floor":4.0,"turns":3.0},{"damage":10.0,"enemies":"Cultist","floor":5.0,"turns":5.0},{"damage":39.0,"enemies":"3 Sentries","floor":6.0,"turns":8.0},{"damage":21.0,"enemies":"Gremlin Nob","floor":8.0,"turns":4.0},{"damage":9.0,"enemies":"Exordium Thugs","floor":11.0,"turns":7.0},{"damage":29.0,"enemies":"Lagavulin","floor":12.0,"turns":4.0},{"damage":0.0,"enemies":"The Guardian","floor":16.0,"turns":6.0},{"damage":16.0,"enemies":"3 Byrds","floor":18.0,"turns":6.0},{"damage":16.0,"enemies":"2 Thieves","floor":19.0,"turns":4.0},{"damage":13.0,"enemies":"Shelled Parasite and Fungi","floor":21.0,"turns":6.0},{"damage":0.0,"enemies":"Book of Stabbing","floor":27.0,"turns":3.0},{"damage":15.0,"enemies":"3 Cultists","floor":29.0,"turns":7.0},{"damage":6.0,"enemies":"Centurion and Healer","floor":30.0,"turns":5.0},{"damage":0.0,"enemies":"Snecko","floor":31.0,"turns":2.0},{"damage":41.0,"enemies":"Champ","floor":33.0,"turns":7.0},{"damage":20.0,"enemies":"3 Darklings","floor":35.0,"turns":6.0},{"damage":0.0,"enemies":"Orb Walker","floor":36.0,"turns":2.0},{"damage":7.0,"enemies":"Mind Bloom Boss Battle","floor":37.0,"turns":5.0},{"damage":14.0,"enemies":"4 Shapes","floor":38.0,"turns":6.0},{"damage":22.0,"enemies":"Nemesis","floor":40.0,"turns":7.0},{"damage":13.0,"enemies":"3 Darklings","floor":42.0,"turns":11.0},{"damage":8.0,"enemies":"Giant Head","floor":46.0,"turns":6.0},{"damage":13.0,"enemies":"Sphere and 2 Shapes","floor":47.0,"turns":5.0},{"damage":15.0,"enemies":"Jaw Worm Horde","floor":48.0,"turns":4.0},{"damage":60,"enemies":"Awakened One","floor":50,"turns":15}],"seed_played":"-613108295851126308","potions_obtained":[{"floor":0.0,"key":"Energy Potion"},{"floor":0.0,"key":"LiquidMemories"},{"floor":0.0,"key":"FairyPotion"},{"floor":11.0,"key":"SteroidPotion"},{"floor":12.0,"key":"LiquidBronze"},{"floor":21.0,"key":"PowerPotion"},{"floor":27.0,"key":"CunningPotion"},{"floor":30.0,"key":"Ancient Potion"},{"floor":31.0,"key":"DuplicationPotion"},{"floor":33.0,"key":"FearPotion"},{"floor":35.0,"key":"SpeedPotion"},{"floor":36.0,"key":"Fruit Juice"},{"floor":38.0,"key":"SpeedPotion"},{"floor":40.0,"key":"Dexterity Potion"},{"floor":47.0,"key":"Energy Potion"}],"is_trial":false,"path_per_floor":["M","?","?","M","M","E","R","E","T","$","M","E","T","?","R","B",null,"M","M","?","M","$","R","?","R","T","E","R","M","M","M","R","B",null,"M","M","?","M","$","E","R","M","T","R","$","E","M","M","R","B",null],"character_chosen":"THE_SILENT","items_purchased":["Blur","Backflip","DollysMirror","War Paint","Potion Belt","Crippling Poison","PiercingWail","Well Laid Plans"],"campfire_rested":8,"item_purchase_floors":[10,10,22,39,39,39,39,45],"current_hp_per_floor":[59,64,64,63,53,14,36,15,15,15,6,2,2,20,20,20,61,45,29,29,16,31,53,53,75,75,75,75,60,54,54,75,34,65,45,50,43,29,44,29,55,42,42,68,83,75,62,47,73,13],"gold":55,"neow_bonus":"THREE_SMALL_POTIONS","is_daily":false,"chose_seed":false,"campfire_upgraded":1,"win_rate":0.0,"timestamp":1610547774,"path_taken":["M","?","?","M","M","E","R","E","T","$","?","E","?","?","R","BOSS","M","M","?","M","$","R","?","R","T","E","R","?","M","M","R","BOSS","M","?","?","M","$","E","R","M","T","R","$","E","M","M","R","BOSS"],"items_purchased_type":["Card","Card","Relic","Relic","Relic","Card","Card","Card"],"build_version":"2020-12-22","purchased_purges":4,"victory":true,"max_hp_per_floor":[70,75,75,75,75,75,75,75,75,75,75,75,75,75,75,75,75,75,75,75,75,75,75,75,75,75,75,75,75,75,75,75,75,75,75,80,80,80,80,87,87,87,87,87,87,87,87,87,87,87],"card_choices":[{"not_picked":["Dodge and Roll","Dagger Throw"],"picked":"Dagger Spray","floor":1.0},{"not_picked":["Accuracy","Deadly Poison"],"picked":"Reflex","floor":4.0},{"not_picked":["Heel Hook","Outmaneuver"],"picked":"Bouncing Flask","floor":5.0},{"not_picked":["Quick Slash","Finisher"],"picked":"Deadly Poison","floor":6.0},{"not_picked":["Slice","Deflect"],"picked":"Bane","floor":7.0},{"not_picked":["Heel Hook","Footwork"],"picked":"Catalyst","floor":8.0},{"not_picked":["Blur","Quick Slash","Skewer"],"picked":"SKIP","floor":11.0},{"not_picked":["Malaise","Distraction"],"picked":"PiercingWail","floor":12.0},{"not_picked":["Underhanded Strike","Dagger Spray+1"],"picked":"Dagger Throw+1","floor":18.0},{"not_picked":["Cloak And Dagger","Backstab"],"picked":"Escape Plan+1","floor":19.0},{"not_picked":["Blade Dance","Slice+1","Prepared"],"picked":"SKIP","floor":21.0},{"not_picked":["Blade Dance","Slice+1","Prepared"],"picked":"SKIP","floor":21.0},{"not_picked":["Deadly Poison","Skewer"],"picked":"Prepared+1","floor":23.0},{"not_picked":["Dagger Throw","Sucker Punch+1"],"picked":"Deadly Poison","floor":25.0},{"not_picked":["Cloak And Dagger","Underhanded Strike+1"],"picked":"Acrobatics","floor":27.0},{"not_picked":["Sucker Punch+1","Dagger Throw+1"],"picked":"Dodge and Roll+1","floor":28.0},{"not_picked":["Blade Dance+1","Acrobatics","Expertise+1"],"picked":"SKIP","floor":29.0},{"not_picked":["Flying Knee+1","Slice+1"],"picked":"Poisoned Stab+1","floor":30.0},{"not_picked":["Sucker Punch+1","All Out Attack+1"],"picked":"Escape Plan","floor":31.0},{"not_picked":["Storm of Steel","Prepared"],"picked":"Backflip","floor":32.0},{"not_picked":["Storm of Steel","Phantasmal Killer"],"picked":"Venomology","floor":33.0},{"not_picked":["Deadly Poison+1","Bane+1","Dodge and Roll+1"],"picked":"SKIP","floor":35.0},{"not_picked":["Poisoned Stab+1","Predator+1","Flying Knee+1"],"picked":"SKIP","floor":36.0},{"not_picked":["Poisoned Stab+1","Deflect+1","Infinite Blades"],"picked":"SKIP","floor":38.0},{"not_picked":["Underhanded Strike+1","Dagger Spray+1","Dodge and Roll+1"],"picked":"SKIP","floor":40.0},{"not_picked":["Quick Slash+1","All Out Attack+1"],"picked":"Backflip+1","floor":41.0},{"not_picked":["Tools of the Trade","Choke+1"],"picked":"PiercingWail+1","floor":42.0},{"not_picked":["Blur","Outmaneuver"],"picked":"Acrobatics","floor":46.0},{"not_picked":["Bane+1","Terror"],"picked":"Deadly Poison+1","floor":47.0},{"not_picked":["Deadly Poison+1","Finisher+1"],"picked":"Prepared+1","floor":48.0}],"player_experience":158741,"relics_obtained":[{"floor":6.0,"key":"Dream Catcher"},{"floor":8.0,"key":"Tough Bandages"},{"floor":9.0,"key":"Mummified Hand"},{"floor":12.0,"key":"Nunchaku"},{"floor":13.0,"key":"MealTicket"},{"floor":26.0,"key":"Molten Egg 2"},{"floor":27.0,"key":"Vajra"},{"floor":37.0,"key":"Old Coin"},{"floor":40.0,"key":"Strawberry"},{"floor":43.0,"key":"Whetstone"},{"floor":46.0,"key":"Happy Flower"}],"event_choices":[{"damage_healed":0.0,"max_hp_gain":5.0,"max_hp_loss":0.0,"gold_gain":0.0,"event_name":"Big Fish","player_choice":"Donut","floor":2.0,"gold_loss":0.0,"damage_taken":0.0},{"cards_removed":["Strike_G"],"damage_healed":0.0,"max_hp_gain":0.0,"max_hp_loss":0.0,"gold_gain":0.0,"event_name":"Bonfire Elementals","player_choice":"Offered Basic","floor":3.0,"gold_loss":0.0,"damage_taken":0.0},{"damage_healed":18.0,"max_hp_gain":0.0,"max_hp_loss":0.0,"gold_gain":0.0,"event_name":"Mushrooms","player_choice":"Healed and dodged fight","floor":14.0,"gold_loss":0.0,"damage_taken":0.0,"cards_obtained":["Parasite"]},{"damage_healed":0.0,"max_hp_gain":0.0,"max_hp_loss":0.0,"gold_gain":0.0,"event_name":"The Mausoleum","player_choice":"Ignored","floor":20.0,"gold_loss":0.0,"damage_taken":0.0},{"damage_healed":0.0,"max_hp_gain":0.0,"max_hp_loss":0.0,"gold_gain":0.0,"event_name":"FaceTrader","player_choice":"Trade","floor":24.0,"gold_loss":0.0,"damage_taken":0.0,"relics_obtained":["CultistMask"]},{"damage_healed":0.0,"max_hp_gain":0.0,"max_hp_loss":0.0,"gold_gain":0.0,"event_name":"MindBloom","player_choice":"Fight","floor":37.0,"gold_loss":0.0,"damage_taken":0.0}],"is_beta":false,"boss_relics":[{"not_picked":["Ectoplasm","Coffee Dripper"],"picked":"Fusion Hammer"},{"not_picked":["Runic Pyramid","Snecko Eye"],"picked":"Philosopher\u0027s Stone"}],"items_purged_floors":[10,22,39,45],"is_endless":false,"potions_floor_spawned":[4,5,11,12,21,27,30,31,33,35,36,38,40,47],"ascension_level":10}}