{"host":"kg61lsvem4dxoat8","time":1610557915,"event":{"mods":["BaseMod","Colored Powertips","Minty Spire (QoL Compilation)","Quick Restart","Rare Cards Sparkle","Relic Stats","slay the spire mod where everything is the same but ironclad has a cowboy hat"],"gold_per_floor":[210,135,150,162,175,202,202,202,202],"floor_reached":8,"language":"ENG","playtime":241,"items_purged":["Strike_R"],"score":78,"play_id":"4b579fa2-11d3-4f3e-b536-57b3b552a32c","local_time":"20210114011155","is_ascension_mode":true,"campfire_choices":[{"data":"Infernal Blade","floor":7,"key":"SMITH"}],"circlet_count":0,"master_deck":["Strike_R","Strike_R","Strike_R","Strike_R","Defend_R","Defend_R","Defend_R","Defend_R","Bash","Shrug It Off","Infernal Blade+1"],"relics":["Burning Blood","Girya"],"acts_visited":["Exordium"],"potions_floor_usage":[5,6],"damage_taken":[{"damage":11,"enemies":"Cultist","floor":1,"turns":4},{"damage":9,"enemies":"Jaw Worm","floor":3,"turns":5},{"damage":0,"enemies":"Small Slimes","floor":4,"turns":3},{"damage":31,"enemies":"Exordium Wildlife","floor":5,"turns":4},{"damage":29,"enemies":"3 Sentries","floor":6,"turns":8},{"damage":16,"enemies":"Gremlin Nob","floor":8,"turns":3}],"seed_played":"-2497027506020355290","potions_obtained":[{"floor":1,"key":"PowerPotion"},{"floor":5,"key":"DuplicationPotion"}],"is_trial":false,"path_per_floor":["M","$","M","M","M","E","R","E"],"character_chosen":"IRONCLAD","items_purchased":[],"campfire_rested":0,"item_purchase_floors":[],"current_hp_per_floor":[67,67,64,70,45,22,22,6,6],"gold":202,"neow_bonus":"HUNDRED_GOLD","is_daily":false,"chose_seed":false,"campfire_upgraded":1,"win_rate":0.0,"timestamp":1610557915,"path_taken":["M","$","M","M","M","E","R","E"],"items_purchased_type":[],"build_version":"2020-12-22","purchased_purges":1,"victory":false,"max_hp_per_floor":[80,80,80,80,80,80,80,80,80],"relic_stats":{"counters":[6,27],"obtain_stats":[{"Girya":6,"Burning Blood":0},{"Girya":5,"Burning Blood":0},{"Girya":24,"Burning Blood":0}],"Burning Blood":30},"card_choices":[{"not_picked":["Disarm","Heavy Blade","Pummel"],"picked":"SKIP","floor":1},{"not_picked":["Headbutt","Iron Wave"],"picked":"Shrug It Off","floor":3},{"not_picked":["Iron Wave","Clothesline","Combust"],"picked":"SKIP","floor":4},{"not_picked":["Cleave","Twin Strike"],"picked":"Infernal Blade","floor":5},{"not_picked":["Immolate","Clothesline","Battle Trance"],"picked":"SKIP","floor":6}],"player_experience":1326502,"relics_obtained":[{"floor":6,"key":"Girya"}],"event_choices":[],"is_beta":false,"boss_relics":[],"items_purged_floors":[2],"is_endless":false,"potions_floor_spawned":[1,5],"killed_by":"Gremlin Nob","ascension_level":7}}