{"host":"11728qvdvolffudn","time":1610531236,"event":{"mods":["BaseMod","Block Reminder","Colored Powertips","Curses Come First","Custom Start","Displayed Cursed Tome","Highlight Path","Minty Spire (QoL Compilation)","Permanent Neow","Quick Restart","Rare Cards Sparkle","Relic Stats","StSLib"],"gold_per_floor":[112,128,53,63,63,63,92,92,92,92,104,138,138,148,148,148,148],"floor_reached":16,"language":"ENG","playtime":594,"items_purged":[],"score":110,"play_id":"8566a0bb-15ba-4bfd-b995-0b0a8c592457","local_time":"20210113094716","is_ascension_mode":false,"campfire_choices":[{"data":"Biased Cognition","floor":6,"key":"SMITH"},{"data":"Self Repair","floor":10,"key":"SMITH"},{"data":"1","floor":13,"key":"LIFT"},{"floor":15,"key":"REST"}],"circlet_count":0,"master_deck":["Strike_B","Strike_B","Strike_B","Strike_B","Defend_B","Defend_B","Defend_B","Defend_B","Zap","Dualcast","Biased Cognition+1","Go for the Eyes","Self Repair+1","Regret","Genetic Algorithm","Go for the Eyes+1","Fusion"],"relics":["Cracked Core","Girya","Molten Egg 2","Prayer Wheel","Blue Candle"],"acts_visited":["Exordium"],"potions_floor_usage":[7,12],"damage_taken":[{"damage":0,"enemies":"Cultist","floor":1,"turns":3},{"damage":2,"enemies":"Jaw Worm","floor":2,"turns":3},{"damage":7,"enemies":"2 Louse","floor":4,"turns":3},{"damage":21,"enemies":"Gremlin Nob","floor":7,"turns":5},{"damage":15,"enemies":"Looter","floor":11,"turns":4},{"damage":43,"enemies":"3 Sentries","floor":12,"turns":8},{"damage":9,"enemies":"Large Slime","floor":14,"turns":5},{"damage":46,"enemies":"The Guardian","floor":16,"turns":6}],"seed_played":"3708558595302246307","potions_obtained":[{"floor":4,"key":"Weak Potion"},{"floor":7,"key":"Strength Potion"},{"floor":11,"key":"Block Potion"},{"floor":14,"key":"GamblersBrew"}],"is_trial":false,"path_per_floor":["M","M","$","M","?","R","E","$","T","R","M","E","R","M","R","B"],"character_chosen":"DEFECT","items_purchased":["Self Repair"],"campfire_rested":1,"item_purchase_floors":[3],"current_hp_per_floor":[75,73,73,73,73,73,59,59,59,59,54,21,21,22,44,0,0],"gold":148,"neow_bonus":"ONE_RANDOM_RARE_CARD","is_daily":false,"chose_seed":false,"campfire_upgraded":2,"win_rate":0.0,"timestamp":1610531236,"path_taken":["M","M","$","?","?","R","E","$","T","R","M","E","R","M","R","BOSS"],"items_purchased_type":["Card"],"build_version":"2020-12-22","purchased_purges":0,"victory":false,"max_hp_per_floor":[75,75,75,75,75,75,75,75,75,75,75,75,75,75,75,75,75],"relic_stats":{"counters":[8,37],"Blue Candle":[0],"Prayer Wheel":2,"obtain_stats":[{"Girya":5,"Blue Candle":12,"Molten Egg 2":7,"Prayer Wheel":9,"Cracked Core":0},{"Girya":3,"Blue Candle":6,"Molten Egg 2":4,"Prayer Wheel":4,"Cracked Core":0},{"Girya":9,"Blue Candle":26,"Molten Egg 2":14,"Prayer Wheel":14,"Cracked Core":0}]},"card_choices":[{"not_picked":["Steam","Coolheaded","Beam Cell"],"picked":"SKIP","floor":1},{"not_picked":["Sweeping Beam","Sunder"],"picked":"Go for the Eyes","floor":2},{"not_picked":["Hologram","Tempest","Stack"],"picked":"SKIP","floor":4},{"not_picked":["Redo","Gash+1"],"picked":"Genetic Algorithm","floor":7},{"not_picked":["Gash+1","Cold Snap+1"],"picked":"Go for the Eyes+1","floor":11},{"not_picked":["Steam Power","Fusion","Sunder+1"],"picked":"SKIP","floor":11},{"not_picked":["Steam Power","Sunder+1"],"picked":"Fusion","floor":11},{"not_picked":["Glacier","Sweeping Beam+1","Gash+1"],"picked":"SKIP","floor":12},{"not_picked":["White Noise","Coolheaded","All For One+1"],"picked":"SKIP","floor":14},{"not_picked":["Force Field","Blizzard+1","Tempest"],"picked":"SKIP","floor":14}],"player_experience":111444,"relics_obtained":[{"floor":7,"key":"Molten Egg 2"},{"floor":9,"key":"Prayer Wheel"},{"floor":12,"key":"Blue Candle"}],"event_choices":[{"damage_healed":0,"gold_gain":0,"player_choice":"Box","damage_taken":0,"relics_obtained":["Girya"],"max_hp_gain":0,"max_hp_loss":0,"event_name":"Big Fish","floor":5,"gold_loss":0,"cards_obtained":["Regret"]}],"is_beta":false,"boss_relics":[],"items_purged_floors":[],"is_endless":false,"potions_floor_spawned":[4,7,11,14],"killed_by":"The Guardian","ascension_level":0}}