{"host":"jgqxb38yl0c1w101","time":1610498417,"event":{"mods":["BaseMod","Colored Map","Downfall","Minty Spire (QoL Compilation)","StSLib"],"gold_per_floor":[99,116,133,133,133,162,215,227,243,243,243,302,302,138,155,257,257,157,175,186,186,186,186,212,546,446,465,475,81,101,117,117,229,229,229,246,246,246,265,175,175,175,195,212,255,155,27,38,51,51,51,51],"floor_reached":50,"language":"ENG","playtime":4015,"items_purged":["Writhe"],"score":621,"play_id":"a9d2edee-c530-4f58-893f-71fafa3ae1db","local_time":"20210112194017","is_ascension_mode":false,"campfire_choices":[{"data":"hexamod:Rewind","floor":1.0,"key":"SMITH"},{"data":"hexamod:Float","floor":11.0,"key":"SMITH"},{"floor":13.0,"key":"RECALL"},{"data":"hexamod:TimeWarp","floor":18.0,"key":"SMITH"},{"floor":23.0,"key":"REST"},{"data":"hexamod:GhostflameBarrier","floor":26.0,"key":"SMITH"},{"data":"hexamod:TimeWarp","floor":35,"key":"SMITH"},{"floor":42,"key":"REST"},{"floor":46,"key":"REST"}],"circlet_count":0,"master_deck":["hexamod:Defend+1","hexamod:Defend+1","hexamod:Sear+1","hexamod:Float+1","hexamod:Rewind+1","hexamod:SixthSeal","hexamod:CatchUp+1","hexamod:EtherealExpedition+1","hexamod:Firestarter","hexamod:WildfireWeapon+1","hexamod:GhostflameBarrier+1","hexamod:EmpoweredFlame+1","hexamod:ShieldOfDarkness+1","hexamod:ThermalTransfer","hexamod:HeatCrush+1","hexamod:ThirdSeal","hexamod:VolcanoVisage+1","hexamod:PowerFromBeyond+1","hexamod:HeatShield+1","hexamod:SpectersWail+1","hexamod:CrushingStance+1","hexamod:TimeWarp+1","hexamod:FlamesFromBeyond+1","hexamod:FlamesFromBeyond+1","hexamod:FlamesFromBeyond+1","Slimebound:Tackle+1","Slimebound:Tackle+1","Slimebound:Tackle+1","hexamod:PhantomFireball+1","hexamod:BacktrackSmack+1","hexamod:FourthSeal","hexamod:HexaLevel+1","hexamod:UnlimitedPower+1","hexamod:EmpoweredFlame+1","hexamod:SecondSeal","hexamod:Rewind","hexamod:ParanormalForm","hexamod:TimeWarp+1","hexamod:GhostLash+1","hexamod:PhantomFireball+1","hexamod:UnlimitedPower+1","hexamod:FastForward+1","hexamod:AdvancingGuard+1","hexamod:RetreatToShadows+1","hexamod:ApocalypticArmor","hexamod:GhostflameInferno","expansioncontent:QuickStudy","hexamod:FlamesFromBeyond+1","hexamod:UnlimitedPower","hexamod:PowerFromBeyond+1","hexamod:FifthSeal","hexamod:GhostShield+1","hexamod:FirstSeal"],"relics":["hexamod:SpiritBrand","downfall:ShatteredFragment","Torii","Anchor","Lantern","Orrery","hexamod:IceCube","downfall:HeartBlessingRed","Old Coin","downfall:HeartBlessingBlue","War Paint","SacredBark","Membership Card","Centennial Puzzle","Nunchaku","Bag of Marbles","downfall:HeartBlessingGreen","hexamod:InflammatoryLetter"],"acts_visited":["Exordium","TheCity","TheBeyond"],"potions_floor_usage":[43,45,45,50],"damage_taken":[{"damage":0.0,"enemies":"Small Slimes","floor":2.0,"turns":3.0},{"damage":1.0,"enemies":"Cultist","floor":3.0,"turns":3.0},{"damage":8.0,"enemies":"Lagavulin","floor":6.0,"turns":5.0},{"damage":0.0,"enemies":"Jaw Worm","floor":8.0,"turns":3.0},{"damage":0.0,"enemies":"Blue Slaver","floor":9.0,"turns":4.0},{"damage":10.0,"enemies":"Gremlin Nob","floor":12.0,"turns":4.0},{"damage":0.0,"enemies":"downfall:FleeingMerchant","floor":14.0,"turns":4.0},{"damage":4.0,"enemies":"Gremlin Gang","floor":15.0,"turns":4.0},{"damage":8.0,"enemies":"downfall:Silent","floor":16.0,"turns":7.0},{"damage":7.0,"enemies":"Spheric Guardian","floor":19.0,"turns":4.0},{"damage":21.0,"enemies":"Shelled Parasite and Fungi","floor":20.0,"turns":4.0},{"damage":7.0,"enemies":"Book of Stabbing","floor":25.0,"turns":4.0},{"damage":0.0,"enemies":"Chosen and Byrds","floor":27.0,"turns":4.0},{"damage":0.0,"enemies":"Cultist and Chosen","floor":28.0,"turns":4.0},{"damage":4.0,"enemies":"downfall:FleeingMerchant","floor":29.0,"turns":4.0},{"damage":2.0,"enemies":"Shelled Parasite and Fungi","floor":30.0,"turns":3.0},{"damage":0.0,"enemies":"3 Cultists","floor":31.0,"turns":3.0},{"damage":1.0,"enemies":"Centurion and Healer","floor":32.0,"turns":5.0},{"damage":40.0,"enemies":"downfall:Defect","floor":33.0,"turns":6.0},{"damage":41,"enemies":"3 Darklings","floor":36,"turns":4},{"damage":19,"enemies":"3 Shapes","floor":39,"turns":4},{"damage":1,"enemies":"downfall:FleeingMerchant","floor":40,"turns":4},{"damage":10,"enemies":"Jaw Worm Horde","floor":43,"turns":3},{"damage":0,"enemies":"Sphere and 2 Shapes","floor":44,"turns":3},{"damage":25,"enemies":"Giant Head","floor":45,"turns":7},{"damage":0,"enemies":"4 Shapes","floor":48,"turns":2},{"damage":33,"enemies":"Writhing Mass","floor":49,"turns":3},{"damage":85,"enemies":"ArchetypeAct3BlockNewAge","floor":50,"turns":4}],"seed_played":"698705268966440929","potions_obtained":[{"floor":2.0,"key":"Weak Potion"},{"floor":8.0,"key":"Fruit Juice"},{"floor":9.0,"key":"PowerPotion"},{"floor":16.0,"key":"AttackPotion"},{"floor":30.0,"key":"hexamod:EctoCoolerPotion"},{"floor":31.0,"key":"ColorlessPotion"},{"floor":32.0,"key":"hexamod:InfernoChargePotion"},{"floor":33.0,"key":"SkillPotion"},{"floor":33.0,"key":"LiquidBronze"},{"floor":36,"key":"AttackPotion"},{"floor":39,"key":"champ:CounterPotion"},{"floor":39,"key":"Fire Potion"},{"floor":43,"key":"CultistPotion"},{"floor":45,"key":"hexamod:SoulburnPotion"},{"floor":45,"key":"Weak Potion"},{"floor":48,"key":"FearPotion"},{"floor":49,"key":"FairyPotion"}],"is_trial":false,"path_per_floor":["R","M","M","?","?","E","T","M","M","?","R","?","R","$","M","B",null,"R","M","M","?","?","R","T","E","R","M","M","$","M","M","M","B",null,"R","M","?","?","M","$","T","R","M","M","E","R","$","M","M","B"],"character_chosen":"THE_SPIRIT","items_purchased":["Orrery","hexamod:UnlimitedPower","War Paint","Membership Card","hexamod:ApocalypticArmor","hexamod:GhostflameInferno","Centennial Puzzle","expansioncontent:QuickStudy","hexamod:InflammatoryLetter"],"campfire_rested":3,"item_purchase_floors":[14,29,29,40,40,40,40,40,47],"current_hp_per_floor":[70,70,69,48,48,40,40,40,40,40,40,30,30,30,26,23,75,75,68,47,47,47,69,69,62,72,72,72,68,66,66,65,25,85,85,44,74,74,55,54,54,74,64,64,39,61,61,61,28,0,0,0],"gold":51,"neow_bonus":"TRANSFORM_TWO_CARDS","is_daily":false,"chose_seed":false,"campfire_upgraded":5,"win_rate":0.0,"timestamp":1610498417,"path_taken":["R","M","M","?","?","E","T","?","M","?","R","?","R","$","M","BOSS","R","M","M","?","?","R","T","E","R","M","M","$","M","M","M","BOSS","R","M","?","?","?","$","T","R","M","M","E","R","$","M","M","BOSS"],"items_purchased_type":["Relic","Card","Relic","Relic","Card","Card","Relic","Card","Relic"],"build_version":"2020-12-22","purchased_purges":1,"victory":false,"max_hp_per_floor":[70,70,70,70,70,70,70,70,70,70,70,70,70,70,70,75,75,75,75,75,75,75,75,75,75,85,85,85,85,85,85,85,85,85,85,85,74,74,74,74,74,74,74,74,74,74,74,74,74,74,74,74],"card_choices":[{"not_picked":["hexamod:NightmareStrike","hexamod:NightmareGuise","hexamod:BurningTouch"],"picked":"SKIP","floor":2.0},{"not_picked":["hexamod:HauntingEcho","hexamod:HeatMetal"],"picked":"hexamod:CatchUp","floor":3.0},{"not_picked":["hexamod:RecurringNightmare","hexamod:HeatCrush"],"picked":"hexamod:GhostflameBarrier","floor":6.0},{"not_picked":["hexamod:NightmareStrike","hexamod:AdvancingGuard"],"picked":"hexamod:EmpoweredFlame","floor":8.0},{"not_picked":["hexamod:InspiringFlames","hexamod:NightmareStrike"],"picked":"hexamod:ShieldOfDarkness","floor":9.0},{"not_picked":["hexamod:ParanormalForm","hexamod:NightmareStrike"],"picked":"hexamod:ThermalTransfer","floor":12.0},{"not_picked":["hexamod:GhostLash","hexamod:SuperheatedStrike"],"picked":"hexamod:HeatCrush","floor":14.0},{"not_picked":["hexamod:UnleashSpirits","hexamod:HeatShield"],"picked":"hexamod:ThirdSeal","floor":14.0},{"not_picked":["hexamod:SwordOfDarkness","hexamod:Firestarter"],"picked":"hexamod:VolcanoVisage","floor":14.0},{"not_picked":["hexamod:Hexaguard","hexamod:SoulSteal"],"picked":"hexamod:PowerFromBeyond","floor":14.0},{"not_picked":["hexamod:ThermalTransfer","hexamod:NightmareGuise"],"picked":"hexamod:HeatShield","floor":14.0},{"not_picked":["hexamod:NightmareStrike","hexamod:FastForward"],"picked":"hexamod:SpectersWail","floor":15.0},{"not_picked":["hexamod:GhostShield","hexamod:HeatMetal","hexamod:BurningTouch"],"picked":"SKIP","floor":15.0},{"not_picked":["hexamod:WildfireWeapon","hexamod:Toasty"],"picked":"hexamod:CrushingStance","floor":16.0},{"not_picked":["hexamod:TurnItUp","hexamod:CrushingStance"],"picked":"hexamod:TimeWarp","floor":16.0},{"not_picked":["hexamod:ShieldOfDarkness","hexamod:SoulSteal"],"picked":"hexamod:FlamesFromBeyond+1","floor":19.0},{"not_picked":["hexamod:ThermalTransfer+1","hexamod:SpectersWail"],"picked":"hexamod:FlamesFromBeyond+1","floor":20.0},{"not_picked":["hexamod:ThermalTransfer","hexamod:FastForward"],"picked":"hexamod:FlamesFromBeyond","floor":20.0},{"not_picked":["hexamod:NightmareStrike","hexamod:ShieldOfDarkness+1","hexamod:Firestarter+1"],"picked":"SKIP","floor":25.0},{"not_picked":["hexamod:WildfireWeapon","hexamod:DynamicBlow","hexamod:RadiantFlame+1"],"picked":"SKIP","floor":25.0},{"not_picked":["hexamod:FastForward","hexamod:RainOfEmbers+1"],"picked":"hexamod:PhantomFireball","floor":27.0},{"not_picked":["hexamod:HauntingEcho","hexamod:StepThrough"],"picked":"hexamod:BacktrackSmack+1","floor":28.0},{"not_picked":["hexamod:SpectersWail+1","hexamod:FastForward"],"picked":"hexamod:FourthSeal","floor":29.0},{"not_picked":["hexamod:Hexaguard","hexamod:NightmareGuise"],"picked":"hexamod:HexaLevel","floor":29.0},{"not_picked":["hexamod:NightmareGuise","hexamod:ThermalTransfer"],"picked":"hexamod:EmpoweredFlame+1","floor":30.0},{"not_picked":["hexamod:FastForward+1","hexamod:ChargedBarrage","hexamod:GhostLash"],"picked":"SKIP","floor":30.0},{"not_picked":["hexamod:NightmareGuise","hexamod:HeatCrush"],"picked":"hexamod:SecondSeal","floor":31.0},{"not_picked":["hexamod:BacktrackSmack","hexamod:RadiantFlame"],"picked":"hexamod:Rewind","floor":31.0},{"not_picked":["hexamod:ShieldOfDarkness+1","hexamod:FourthSeal"],"picked":"hexamod:ParanormalForm","floor":32.0},{"not_picked":["hexamod:BurningTouch","hexamod:AdvancingGuard+1","hexamod:SuperheatedStrike"],"picked":"SKIP","floor":32.0},{"not_picked":["hexamod:GiftsFromTheDead","hexamod:Toasty"],"picked":"hexamod:TimeWarp","floor":33.0},{"not_picked":["hexamod:ThermalTransfer","hexamod:BacktrackSmack"],"picked":"hexamod:GhostLash+1","floor":36},{"not_picked":["hexamod:NecessarySacrifice","hexamod:ThirdSeal"],"picked":"hexamod:PhantomFireball+1","floor":36},{"not_picked":["hexamod:SpectersWail+1","hexamod:RadiantFlame"],"picked":"hexamod:FastForward+1","floor":39},{"not_picked":["hexamod:HeatMetal","hexamod:FourthSeal"],"picked":"hexamod:AdvancingGuard+1","floor":39},{"not_picked":["hexamod:RecurringNightmare","hexamod:ThermalTransfer"],"picked":"hexamod:RetreatToShadows+1","floor":40},{"not_picked":["hexamod:InspiringFlames","hexamod:GhostShield"],"picked":"hexamod:FlamesFromBeyond+1","floor":43},{"not_picked":["hexamod:SwordOfDarkness+1","hexamod:FastForward+1"],"picked":"hexamod:UnlimitedPower","floor":44},{"not_picked":["hexamod:HeatCrush","hexamod:SpectersWail+1"],"picked":"hexamod:PowerFromBeyond+1","floor":45},{"not_picked":["hexamod:HeatCrush","hexamod:HauntingEcho+1"],"picked":"hexamod:FifthSeal","floor":45},{"not_picked":["hexamod:Incineration","hexamod:GhostLash+1"],"picked":"hexamod:GhostShield+1","floor":48},{"not_picked":["hexamod:ThirdSeal","hexamod:FourthSeal"],"picked":"hexamod:FirstSeal","floor":49},{"not_picked":["hexamod:NightmareStrike+1","hexamod:HauntingEcho","hexamod:ThermalTransfer"],"picked":"SKIP","floor":49}],"player_experience":156023,"relics_obtained":[{"floor":6.0,"key":"Torii"},{"floor":7.0,"key":"Anchor"},{"floor":25.0,"key":"Old Coin"},{"floor":41,"key":"Nunchaku"},{"floor":45,"key":"Bag of Marbles"}],"event_choices":[{"cards_removed":["Decay"],"damage_healed":0.0,"max_hp_gain":0.0,"max_hp_loss":0.0,"gold_gain":0.0,"event_name":"Living Wall","player_choice":"Forget","floor":10.0,"gold_loss":0.0,"damage_taken":0.0}],"is_beta":false,"boss_relics":[{"not_picked":["Astrolabe","Velvet Choker"],"picked":"hexamod:IceCube"},{"not_picked":["Fusion Hammer","Pandora\u0027s Box"],"picked":"SacredBark"}],"items_purged_floors":[29],"is_endless":false,"potions_floor_spawned":[2,8,9,16,19,20,30,33,36,39,45,48],"killed_by":"ArchetypeAct3BlockNewAge","ascension_level":0}}