{"host":"ordk2y2ebcetabk6","time":1610505862,"event":{"mods":["AlwaysNeverKeys","Astrologer","Bard","BaseMod","Better Debug","Colored Map","Colored Powertips","Dark Map","Hermit","Highlight Path","Minty Spire (QoL Compilation)","Permanent Neow","Rare Cards Sparkle","StSLib","The Todo","TheBandit","TheLocksmith","TheVelvet","Wandering Minibosses","Wide Potions","thorton"],"gold_per_floor":[113,133,133,150,160,160,171,171,220,145,145,95,95,4,4,102,102,164,263,163,177,177,177,177],"floor_reached":23,"language":"ENG","playtime":644,"items_purged":["Strike_P","Strike_P"],"score":229,"play_id":"6f4570da-3bc2-46aa-8baa-e6ab8ca7427c","local_time":"20210112194422","is_ascension_mode":false,"campfire_choices":[{"data":"Eruption","floor":6,"key":"SMITH"},{"data":"Wallop","floor":8,"key":"SMITH"},{"data":"Indignation","floor":11,"key":"SMITH"},{"data":"ReachHeaven","floor":13,"key":"SMITH"},{"data":"Enlightenment","floor":15,"key":"SMITH"}],"circlet_count":0,"master_deck":["Strike_P","Defend_P","Defend_P","Defend_P","Defend_P","Eruption+1","Vigilance","ReachHeaven+1","SandsOfTime","ReachHeaven","Indignation+1","Wallop+1","Enlightenment+1","Wish"],"relics":["PureWater","Toy Ornithopter","thethorton:BottledFunds","Enchiridion"],"acts_visited":["Exordium","TheCity"],"potions_floor_usage":[5,18],"damage_taken":[{"damage":0,"enemies":"Small Slimes","floor":1,"turns":2},{"damage":0,"enemies":"Cultist","floor":2,"turns":2},{"damage":3,"enemies":"2 Louse","floor":4,"turns":3},{"damage":16,"enemies":"Exordium Wildlife","floor":5,"turns":5},{"damage":0,"enemies":"Exordium Thugs","floor":7,"turns":5},{"damage":0,"enemies":"Slime Boss","floor":16,"turns":3},{"damage":14,"enemies":"3 Byrds","floor":18,"turns":4},{"damage":0,"enemies":"2 Thieves","floor":21,"turns":2},{"damage":50,"enemies":"Book of Stabbing","floor":23,"turns":5}],"seed_played":"-4091410650501954870","potions_obtained":[{"floor":2,"key":"FearPotion"},{"floor":5,"key":"ColorlessPotion"},{"floor":21,"key":"Explosive Potion"}],"is_trial":false,"path_per_floor":["M","M","?","M","M","R","M","R","T","$","R","?","R","$","R","B",null,"M","?","$","M","?","E"],"character_chosen":"WATCHER","items_purchased":["Enlightenment"],"campfire_rested":0,"item_purchase_floors":[14],"current_hp_per_floor":[72,72,72,69,53,53,53,53,53,53,53,53,53,53,53,53,72,58,58,58,58,42,0,0],"gold":177,"neow_bonus":"THREE_CARDS","is_daily":false,"chose_seed":false,"campfire_upgraded":5,"win_rate":0.0,"timestamp":1610505862,"path_taken":["M","M","?","?","M","R","M","R","T","$","R","?","R","?","R","BOSS","M","?","$","M","?","E"],"items_purchased_type":["Card"],"build_version":"2020-12-22","purchased_purges":2,"victory":false,"max_hp_per_floor":[72,72,72,72,72,72,72,72,72,72,72,72,72,72,72,72,72,72,72,72,72,72,72,72],"card_choices":[{"not_picked":["CutThroughFate","Protect"],"picked":"ReachHeaven","floor":0},{"not_picked":["Protect","Crescendo"],"picked":"SandsOfTime","floor":1},{"not_picked":["Protect","EmptyFist"],"picked":"ReachHeaven","floor":2},{"not_picked":["Sanctity","Meditate","LikeWater"],"picked":"SKIP","floor":4},{"not_picked":["FlurryOfBlows","Nirvana"],"picked":"Indignation","floor":5},{"not_picked":["Fasting2","Consecrate"],"picked":"Wallop","floor":7},{"not_picked":["Judgement","Establishment"],"picked":"Wish","floor":16},{"not_picked":["Nirvana","EmptyBody","PathToVictory"],"picked":"SKIP","floor":18},{"not_picked":["EmptyMind","ThirdEye","Consecrate"],"picked":"SKIP","floor":21}],"player_experience":1147181,"relics_obtained":[{"floor":9,"key":"Toy Ornithopter"},{"floor":22,"key":"Enchiridion"}],"event_choices":[{"damage_healed":0,"gold_gain":0,"player_choice":"Full Heal","damage_taken":0,"max_hp_gain":0,"max_hp_loss":0,"event_name":"Wheel of Change","floor":3,"gold_loss":0},{"cards_removed":["Strike_P"],"damage_healed":0,"gold_gain":0,"player_choice":"Card Removal","damage_taken":0,"max_hp_gain":0,"max_hp_loss":0,"event_name":"The Cleric","floor":12,"gold_loss":50},{"damage_healed":0,"gold_gain":99,"player_choice":"Stole From Cult","damage_taken":0,"max_hp_gain":0,"max_hp_loss":0,"event_name":"Nest","floor":19,"gold_loss":0},{"damage_healed":0,"gold_gain":0,"player_choice":"Obtained Book","damage_taken":16,"max_hp_gain":0,"max_hp_loss":0,"event_name":"Cursed Tome","floor":22,"gold_loss":0}],"is_beta":false,"boss_relics":[{"not_picked":["Calling Bell","HolyWater"],"picked":"thethorton:BottledFunds"}],"items_purged_floors":[10,20],"is_endless":false,"potions_floor_spawned":[2,5,21],"killed_by":"Book of Stabbing","ascension_level":0}}