{"host":"8u7tvcybuv0u72fd","time":1610510989,"event":{"mods":["BaseMod","BetterRewards","Colored Map","Colored Powertips","Minty Spire (QoL Compilation)","Quick Restart","Shop Mod"],"gold_per_floor":[133,167,16,16,33,33,102,203,227,72,102,155,155,191,191,311,311,348,447,447,488,416,476,476,539,617,617,687,764,776,843,855,987,999,1023,598,618,618,540,540,581,581,608,608,666,666,704,764,764,789,789,789,336,367,367],"floor_reached":56,"language":"ENG","playtime":2996,"items_purged":["Strike_R","Strike_R"],"score":1585,"play_id":"3ca99fed-c539-4805-815e-0f330d262e3d","local_time":"20210112230949","is_ascension_mode":false,"campfire_choices":[{"data":"Bash","floor":6.0,"key":"SMITH"},{"data":"HandOfGreed","floor":13.0,"key":"SMITH"},{"data":"Shrug It Off","floor":15.0,"key":"SMITH"},{"data":"Barricade","floor":24.0,"key":"SMITH"},{"data":"Uppercut","floor":27.0,"key":"SMITH"},{"data":"Rage","floor":30.0,"key":"SMITH"},{"data":"Iron Wave","floor":32.0,"key":"SMITH"},{"data":"Defend_R","floor":40.0,"key":"SMITH"},{"data":"Madness","floor":44.0,"key":"SMITH"},{"data":"Madness","floor":46.0,"key":"SMITH"},{"floor":49.0,"key":"RECALL"},{"data":"Cleave","floor":52.0,"key":"SMITH"}],"circlet_count":0,"master_deck":["Strike_R","Strike_R+1","Defend_R+1","Defend_R+1","Defend_R","Defend_R+1","Bash+1","HandOfGreed+1","Iron Wave+1","Shrug It Off+1","Headbutt+1","Cleave+1","Rage+1","Barricade+1","Uppercut+1","Heavy Blade+1","Madness+1","Madness+1","Iron Wave+1","Dropkick","Chrysalis","Iron Wave+1"],"relics":["Burning Blood","Sling","Anchor","Shuriken","Lizard Tail","PreservedInsect","Bronze Scales","Pen Nib","Blood Vial","Membership Card","Busted Crown","Whetstone","MealTicket","MawBank","War Paint","SlaversCollar","MerchantsRug","Frozen Egg 2","White Beast Statue","ClockworkSouvenir","HandDrill","Omamori","Incense Burner","Mango","Boot","Orrery","Bottled Tornado"],"acts_visited":["Exordium","TheCity","TheBeyond","TheEnding"],"potions_floor_usage":[54,55,55,55],"damage_taken":[{"damage":0.0,"enemies":"Small Slimes","floor":1.0,"turns":2.0},{"damage":4.0,"enemies":"Cultist","floor":2.0,"turns":4.0},{"damage":0.0,"enemies":"2 Louse","floor":5.0,"turns":2.0},{"damage":8.0,"enemies":"3 Sentries","floor":7.0,"turns":5.0},{"damage":1.0,"enemies":"3 Sentries","floor":8.0,"turns":5.0},{"damage":0.0,"enemies":"Exordium Thugs","floor":11.0,"turns":2.0},{"damage":0.0,"enemies":"Exordium Wildlife","floor":12.0,"turns":3.0},{"damage":0.0,"enemies":"Looter","floor":14.0,"turns":3.0},{"damage":21.0,"enemies":"Slime Boss","floor":16.0,"turns":10.0},{"damage":13.0,"enemies":"3 Byrds","floor":18.0,"turns":3.0},{"damage":0.0,"enemies":"Chosen","floor":21.0,"turns":3.0},{"damage":5.0,"enemies":"Gremlin Leader","floor":23.0,"turns":6.0},{"damage":7.0,"enemies":"Shelled Parasite and Fungi","floor":25.0,"turns":5.0},{"damage":0.0,"enemies":"Cultist and Chosen","floor":28.0,"turns":7.0},{"damage":10.0,"enemies":"Slavers","floor":29.0,"turns":4.0},{"damage":9.0,"enemies":"Book of Stabbing","floor":31.0,"turns":3.0},{"damage":0.0,"enemies":"Collector","floor":33.0,"turns":11.0},{"damage":5.0,"enemies":"Orb Walker","floor":35.0,"turns":5.0},{"damage":16.0,"enemies":"3 Darklings","floor":37.0,"turns":5.0},{"damage":0.0,"enemies":"Sphere and 2 Shapes","floor":41.0,"turns":7.0},{"damage":0.0,"enemies":"Giant Head","floor":45.0,"turns":6.0},{"damage":8.0,"enemies":"Writhing Mass","floor":47.0,"turns":7.0},{"damage":21.0,"enemies":"Jaw Worm Horde","floor":48.0,"turns":6.0},{"damage":22.0,"enemies":"Awakened One","floor":50.0,"turns":12.0},{"damage":28,"enemies":"Shield and Spear","floor":54,"turns":5},{"damage":129,"enemies":"The Heart","floor":55,"turns":10}],"seed_played":"-1829730648236419017","potions_obtained":[{"floor":5.0,"key":"Fire Potion"},{"floor":14.0,"key":"DistilledChaos"},{"floor":16.0,"key":"Block Potion"},{"floor":23.0,"key":"Weak Potion"},{"floor":37.0,"key":"BlessingOfTheForge"},{"floor":41.0,"key":"LiquidMemories"},{"floor":47.0,"key":"Energy Potion"},{"floor":48.0,"key":"FearPotion"},{"floor":54,"key":"BloodPotion"}],"is_trial":false,"path_per_floor":["M","M","$","?","M","R","E","?","T","$","M","M","R","M","R","B",null,"M","?","?","M","$","E","R","M","T","R","M","E","R","E","R","B",null,"M","$","M","?","$","R","M","?","T","R","E","R","M","M","R","B",null,"R","$","E","B",null],"character_chosen":"IRONCLAD","items_purchased":["Sling","HandOfGreed","Anchor","Shuriken","Iron Wave","Energy Potion","Dexterity Potion","PreservedInsect","Membership Card","Whetstone","MerchantsRug","Frozen Egg 2","White Beast Statue","ClockworkSouvenir","CultistPotion","HandDrill","Mango","Boot","Orrery","Chrysalis","Block Potion"],"campfire_rested":0,"item_purchase_floors":[0,0,0,0,0,0,0,3,10,22,36,36,36,36,36,39,53,53,53,53,53],"current_hp_per_floor":[39,41,41,41,47,47,45,50,50,50,58,66,66,74,74,61,80,73,73,73,80,80,80,80,79,79,79,80,76,76,75,75,80,80,80,80,70,70,80,80,80,70,70,70,78,78,78,65,65,51,80,80,94,72,53],"gold":367,"neow_bonus":"","is_daily":false,"chose_seed":false,"campfire_upgraded":11,"win_rate":0.0,"timestamp":1610510989,"path_taken":["M","M","$","?","?","R","E","?","T","?","M","M","R","M","R","BOSS","M","?","?","?","$","E","R","M","T","R","M","E","R","E","R","BOSS","M","$","M","?","$","R","M","?","T","R","E","R","?","M","R","BOSS","R","$","E","BOSS"],"items_purchased_type":["Relic","Card","Relic","Relic","Card","Potion","Potion","Relic","Relic","Relic","Relic","Relic","Relic","Relic","Potion","Relic","Relic","Relic","Relic","Card","Potion"],"build_version":"2020-12-22","purchased_purges":2,"victory":true,"max_hp_per_floor":[80,80,80,80,80,80,80,80,80,80,80,80,80,80,80,80,80,80,80,80,80,80,80,80,80,80,80,80,80,80,80,80,80,80,80,80,80,80,80,80,80,80,80,80,80,80,80,80,80,80,80,80,94,94,94],"card_choices":[{"not_picked":["Cleave","True Grit"],"picked":"Shrug It Off","floor":1.0},{"not_picked":["Clothesline","Twin Strike"],"picked":"Headbutt","floor":2.0},{"not_picked":["Fire Breathing","Cleave","Whirlwind"],"picked":"SKIP","floor":5.0},{"not_picked":["Exhume","Pommel Strike"],"picked":"Rage","floor":7.0},{"not_picked":["Armaments","Cleave","Brutality"],"picked":"SKIP","floor":11.0},{"not_picked":["Iron Wave","Clash","Twin Strike"],"picked":"SKIP","floor":12.0},{"not_picked":["Warcry","Flex","Armaments"],"picked":"SKIP","floor":14.0},{"not_picked":["Corruption","Impervious"],"picked":"Barricade","floor":16.0},{"not_picked":["Warcry+1"],"picked":"SKIP","floor":18.0},{"not_picked":["Havoc"],"picked":"SKIP","floor":21.0},{"not_picked":["Armaments"],"picked":"SKIP","floor":23.0},{"not_picked":[],"picked":"Uppercut","floor":25.0},{"not_picked":["Perfected Strike"],"picked":"SKIP","floor":28.0},{"not_picked":["Flex"],"picked":"SKIP","floor":29.0},{"not_picked":["Pommel Strike"],"picked":"SKIP","floor":31.0},{"not_picked":[],"picked":"Heavy Blade+1","floor":35.0},{"not_picked":["Sword Boomerang"],"picked":"SKIP","floor":37.0},{"not_picked":["Flex"],"picked":"SKIP","floor":41.0},{"not_picked":[],"picked":"Iron Wave+1","floor":45.0},{"not_picked":["Headbutt+1"],"picked":"SKIP","floor":47.0},{"not_picked":["Armaments"],"picked":"SKIP","floor":48.0},{"not_picked":[],"picked":"Dropkick","floor":53.0},{"not_picked":[],"picked":"Iron Wave+1","floor":54}],"player_experience":1308873,"relics_obtained":[{"floor":7.0,"key":"Bronze Scales"},{"floor":9.0,"key":"Blood Vial"},{"floor":23.0,"key":"MealTicket"},{"floor":29.0,"key":"MawBank"},{"floor":31.0,"key":"War Paint"},{"floor":43.0,"key":"Omamori"},{"floor":45.0,"key":"Incense Burner"},{"floor":54,"key":"Bottled Tornado"}],"event_choices":[{"damage_healed":0.0,"max_hp_gain":0.0,"max_hp_loss":0.0,"gold_gain":0.0,"cards_transformed":["Strike_R"],"event_name":"Transmorgrifier","player_choice":"Transformed","floor":4.0,"gold_loss":0.0,"damage_taken":0.0,"cards_obtained":["Cleave"]},{"damage_healed":0.0,"max_hp_gain":0.0,"max_hp_loss":0.0,"gold_gain":30.0,"event_name":"Dead Adventurer","player_choice":"Searched \u00273\u0027 times","floor":8.0,"gold_loss":0.0,"damage_taken":0.0,"relics_obtained":["Pen Nib"]},{"damage_healed":0.0,"max_hp_gain":0.0,"max_hp_loss":0.0,"gold_gain":99.0,"event_name":"Nest","player_choice":"Stole From Cult","floor":19.0,"gold_loss":0.0,"damage_taken":0.0},{"damage_healed":0.0,"max_hp_gain":0.0,"max_hp_loss":0.0,"gold_gain":0.0,"event_name":"Match and Keep!","player_choice":"0 cards matched","floor":20.0,"gold_loss":0.0,"damage_taken":0.0,"cards_obtained":[]},{"damage_healed":0.0,"max_hp_gain":0.0,"max_hp_loss":0.0,"gold_gain":0.0,"event_name":"Tomb of Lord Red Mask","player_choice":"Ignored","floor":38.0,"gold_loss":0.0,"damage_taken":0.0},{"damage_healed":0.0,"max_hp_gain":0.0,"max_hp_loss":0.0,"gold_gain":0.0,"event_name":"Winding Halls","player_choice":"Embrace Madness","floor":42.0,"gold_loss":0.0,"damage_taken":10.0,"cards_obtained":["Madness","Madness"]}],"is_beta":false,"boss_relics":[{"not_picked":["SacredBark","Cursed Key"],"picked":"Busted Crown"},{"not_picked":["Empty Cage","Coffee Dripper"],"picked":"SlaversCollar"}],"items_purged_floors":[0,53],"is_endless":false,"potions_floor_spawned":[5,14,16,18,23,25,28,31,35,37,41,45,47,48,54],"ascension_level":0}}