{"host":"uxq2rly8rxtwffuf","time":1610527497,"event":{"mods":["BaseMod","Koishi","Minty Spire (QoL Compilation)","StSLib","The Servant 0.9.4"],"gold_per_floor":[119,44,44,61,61,61,61,77,77,77,77,100,119,134,134,258,258,278,278,297,52,73,73,114,135,135,158,158,158],"floor_reached":28,"language":"ENG","playtime":1123,"items_purged":["Defend_G","Strike_G"],"score":371,"play_id":"78298b8a-15ff-415e-8604-26ed045c2390","local_time":"20210113114457","is_ascension_mode":true,"campfire_choices":[{"data":"Neutralize","floor":6,"key":"SMITH"},{"floor":11,"key":"REST"},{"data":"Prepared","floor":15,"key":"SMITH"},{"floor":23,"key":"REST"}],"circlet_count":0,"master_deck":["AscendersBane","Strike_G","Strike_G","Strike_G","Strike_G+1","Defend_G","Defend_G","Defend_G","Defend_G","Survivor","Neutralize+1","A Thousand Cuts+1","Cloak And Dagger+1","Slice","Deflect","Prepared+1","Tools of the Trade","A Thousand Cuts+1","Deflect","Masterful Stab","Poisoned Stab+1"],"relics":["Ring of the Snake","Gambling Chip","Golden Idol","Busted Crown","Anchor","Orichalcum","Eternal Feather"],"acts_visited":["Exordium","TheCity"],"potions_floor_usage":[16,25,25],"damage_taken":[{"damage":4,"enemies":"Cultist","floor":1,"turns":6},{"damage":4,"enemies":"Jaw Worm","floor":4,"turns":4},{"damage":2,"enemies":"2 Louse","floor":8,"turns":3},{"damage":0,"enemies":"Large Slime","floor":12,"turns":4},{"damage":2,"enemies":"Red Slaver","floor":13,"turns":2},{"damage":0,"enemies":"2 Fungi Beasts","floor":14,"turns":2},{"damage":16,"enemies":"Hexaghost","floor":16,"turns":8},{"damage":0,"enemies":"Shell Parasite","floor":18,"turns":6},{"damage":11,"enemies":"2 Thieves","floor":20,"turns":3},{"damage":28,"enemies":"Cultist and Chosen","floor":22,"turns":6},{"damage":2,"enemies":"Gremlin Leader","floor":24,"turns":5},{"damage":4,"enemies":"Shelled Parasite and Fungi","floor":25,"turns":7},{"damage":7,"enemies":"Chosen and Byrds","floor":27,"turns":5},{"damage":29,"enemies":"Book of Stabbing","floor":28,"turns":4}],"seed_played":"-756084309339507711","potions_obtained":[{"floor":1,"key":"SpeedPotion"},{"floor":13,"key":"CultistPotion"},{"floor":22,"key":"Explosive Potion"},{"floor":24,"key":"Block Potion"},{"floor":25,"key":"Energy Potion"}],"is_trial":false,"path_per_floor":["M","$","?","M","?","R","$","M","T","?","R","M","M","M","R","B",null,"M","?","M","$","M","R","E","M","T","M","E"],"character_chosen":"THE_SILENT","items_purchased":["Anchor"],"campfire_rested":2,"item_purchase_floors":[21],"current_hp_per_floor":[59,59,45,41,41,41,41,39,39,22,43,43,41,41,41,25,59,59,59,48,48,20,41,39,35,35,28,0,0],"gold":158,"neow_bonus":"ONE_RANDOM_RARE_CARD","is_daily":false,"chose_seed":false,"campfire_upgraded":2,"win_rate":0.0,"timestamp":1610527497,"path_taken":["M","$","?","M","?","R","$","M","T","?","R","M","M","M","R","BOSS","M","?","M","$","M","R","E","?","T","M","E"],"items_purchased_type":["Relic"],"build_version":"2020-12-22","purchased_purges":2,"victory":false,"max_hp_per_floor":[70,70,70,70,70,70,70,70,70,70,70,70,70,70,70,70,70,70,70,70,70,70,70,70,70,70,70,70,70],"card_choices":[{"not_picked":["Bouncing Flask","Underhanded Strike"],"picked":"Cloak And Dagger","floor":1},{"not_picked":["Quick Slash","Acrobatics","Underhanded Strike"],"picked":"SKIP","floor":4},{"not_picked":["Bouncing Flask","Sucker Punch","Catalyst"],"picked":"SKIP","floor":8},{"not_picked":["Underhanded Strike","Deadly Poison"],"picked":"Slice","floor":12},{"not_picked":["Dagger Throw","Bane"],"picked":"Deflect","floor":13},{"not_picked":["Bouncing Flask","Outmaneuver"],"picked":"Prepared","floor":14},{"not_picked":["Glass Knife","Unload"],"picked":"Tools of the Trade","floor":16},{"not_picked":["Deadly Poison+1"],"picked":"SKIP","floor":18},{"not_picked":["Dagger Spray"],"picked":"SKIP","floor":20},{"not_picked":[],"picked":"Deflect","floor":22},{"not_picked":[],"picked":"Masterful Stab","floor":24},{"not_picked":["Flying Knee"],"picked":"SKIP","floor":25},{"not_picked":[],"picked":"Poisoned Stab+1","floor":27}],"player_experience":1386814,"relics_obtained":[{"floor":9,"key":"Gambling Chip"},{"floor":24,"key":"Orichalcum"},{"floor":26,"key":"Eternal Feather"}],"event_choices":[{"damage_healed":0,"gold_gain":0,"player_choice":"Entered Light","damage_taken":14,"max_hp_gain":0,"max_hp_loss":0,"event_name":"Shining Light","floor":3,"gold_loss":0,"cards_upgraded":["Strike_G","Cloak And Dagger"]},{"damage_healed":0,"gold_gain":0,"player_choice":"Grow","damage_taken":0,"max_hp_gain":0,"max_hp_loss":0,"event_name":"Living Wall","floor":5,"gold_loss":0,"cards_upgraded":["A Thousand Cuts"]},{"damage_healed":0,"gold_gain":0,"player_choice":"Take Damage","damage_taken":17,"relics_obtained":["Golden Idol"],"max_hp_gain":0,"max_hp_loss":0,"event_name":"Golden Idol","floor":10,"gold_loss":0},{"damage_healed":0,"gold_gain":0,"player_choice":"Copied","damage_taken":0,"max_hp_gain":0,"max_hp_loss":0,"event_name":"Duplicator","floor":19,"gold_loss":0,"cards_obtained":["A Thousand Cuts"]}],"is_beta":false,"boss_relics":[{"not_picked":["Philosopher\u0027s Stone","Snecko Eye"],"picked":"Busted Crown"}],"items_purged_floors":[2,21],"is_endless":false,"potions_floor_spawned":[1,13,22,24,25],"killed_by":"Book of Stabbing","ascension_level":12}}