{"host":"J","time":1610550665,"event":{"mods":["BaseMod","Better Third Choice","Minty Spire (QoL Compilation)","StSLib"],"gold_per_floor":[117,136,136,136,146,146,59,69,69,69,94,113,113,143,143,222,222,264,264,139,179,179,235,151,151,151,151,196,36,54,80,80,159,159,176,176,120,138,184,184,218,218,218,218,218,252,252,270,270,270,270],"floor_reached":52,"language":"ENG","playtime":1686,"items_purged":["Strike_P"],"score":2058,"play_id":"203c53dd-5d9e-44f6-a306-d3f9e1032f7e","local_time":"20210113161105","is_ascension_mode":true,"campfire_choices":[{"data":"Eruption","floor":6.0,"key":"SMITH"},{"data":"FlurryOfBlows","floor":10.0,"key":"SMITH"},{"data":"Wallop","floor":13.0,"key":"SMITH"},{"data":"FlurryOfBlows","floor":15.0,"key":"SMITH"},{"data":"SashWhip","floor":25.0,"key":"SMITH"},{"data":"Wish","floor":27.0,"key":"SMITH"},{"data":"Consecrate","floor":32.0,"key":"SMITH"},{"data":"SpiritShield","floor":40.0,"key":"SMITH"},{"data":"TalkToTheHand","floor":42.0,"key":"SMITH"},{"data":"Vigilance","floor":44.0,"key":"SMITH"},{"data":"Tantrum","floor":47.0,"key":"SMITH"},{"data":"Tantrum","floor":49.0,"key":"SMITH"}],"circlet_count":0,"master_deck":["AscendersBane","Strike_P+1","Strike_P+1","Defend_P+1","Defend_P+1","Defend_P+1","Eruption+1","Vigilance+1","Consecrate+1","FlyingSleeves","EmptyBody","FearNoEvil","FlurryOfBlows+1","FlurryOfBlows+1","Wallop+1","CutThroughFate","Wish+1","SashWhip+1","Tantrum+1","Tantrum+1","SpiritShield+1","TalkToTheHand+1","ThirdEye+1","TalkToTheHand+1"],"relics":["PureWater","Vajra","Sundial","Calipers","Blue Candle","Whetstone","Runic Pyramid","Pen Nib","Eternal Feather","Orichalcum","Akabeko","HornCleat","VioletLotus","Torii","Unceasing Top","Frozen Egg 2","MealTicket"],"acts_visited":["Exordium","TheCity","TheBeyond"],"potions_floor_usage":[],"damage_taken":[{"damage":5.0,"enemies":"Small Slimes","floor":1.0,"turns":4.0},{"damage":1.0,"enemies":"2 Louse","floor":2.0,"turns":2.0},{"damage":0.0,"enemies":"Cultist","floor":5.0,"turns":2.0},{"damage":1.0,"enemies":"Looter","floor":8.0,"turns":2.0},{"damage":8.0,"enemies":"Gremlin Nob","floor":11.0,"turns":3.0},{"damage":6.0,"enemies":"Exordium Thugs","floor":12.0,"turns":3.0},{"damage":3.0,"enemies":"3 Sentries","floor":14.0,"turns":3.0},{"damage":0.0,"enemies":"Slime Boss","floor":16.0,"turns":4.0},{"damage":7.0,"enemies":"3 Byrds","floor":18.0,"turns":4.0},{"damage":14.0,"enemies":"2 Thieves","floor":21.0,"turns":3.0},{"damage":17.0,"enemies":"Book of Stabbing","floor":23.0,"turns":4.0},{"damage":0.0,"enemies":"Snecko","floor":28.0,"turns":4.0},{"damage":0.0,"enemies":"Centurion and Healer","floor":30.0,"turns":2.0},{"damage":0.0,"enemies":"Gremlin Leader","floor":31.0,"turns":3.0},{"damage":7.0,"enemies":"Collector","floor":33.0,"turns":4.0},{"damage":3.0,"enemies":"Orb Walker","floor":35.0,"turns":2.0},{"damage":6.0,"enemies":"3 Darklings","floor":38.0,"turns":3.0},{"damage":4.0,"enemies":"2 Orb Walkers","floor":39.0,"turns":3.0},{"damage":0.0,"enemies":"Giant Head","floor":41.0,"turns":5.0},{"damage":47.0,"enemies":"Reptomancer","floor":46.0,"turns":7.0},{"damage":1.0,"enemies":"4 Shapes","floor":48.0,"turns":7.0},{"damage":17.0,"enemies":"Awakened One","floor":50.0,"turns":8.0},{"damage":36,"enemies":"Donu and Deca","floor":51,"turns":7}],"seed_played":"6664670183179036107","potions_obtained":[{"floor":2.0,"key":"LiquidMemories"},{"floor":5.0,"key":"AttackPotion"},{"floor":14.0,"key":"CultistPotion"},{"floor":23.0,"key":"GamblersBrew"},{"floor":41.0,"key":"Regen Potion"}],"is_trial":false,"path_per_floor":["M","M","?","?","M","R","$","M","T","R","E","M","R","E","R","B",null,"M","?","$","M","?","E","$","R","T","R","M","$","M","E","R","B",null,"M","?","$","M","?","R","E","R","T","R","?","E","R","M","R","B","B",null],"character_chosen":"WATCHER","items_purchased":["FearNoEvil","SashWhip","Tantrum","Akabeko","BottledMiracle"],"campfire_rested":0,"item_purchase_floors":[7,20,24,29,37],"current_hp_per_floor":[56,55,48,48,48,48,48,47,47,47,39,33,33,30,30,30,59,52,52,52,38,38,21,21,33,33,45,45,45,45,45,57,50,64,61,61,61,55,51,63,63,68,68,68,68,21,33,47,59,42,6],"gold":270,"neow_bonus":"RANDOM_COMMON_RELIC","is_daily":false,"chose_seed":false,"campfire_upgraded":12,"win_rate":0.0,"timestamp":1610550665,"path_taken":["M","M","?","?","M","R","$","M","T","R","E","?","R","E","R","BOSS","M","?","?","?","?","E","$","R","T","R","M","$","M","E","R","BOSS","M","?","$","M","?","R","E","R","T","R","?","E","R","M","R","BOSS","BOSS"],"items_purchased_type":["Card","Card","Card","Relic","Potion"],"build_version":"2020-12-18","purchased_purges":1,"victory":true,"max_hp_per_floor":[68,68,68,68,68,68,68,68,68,68,68,68,68,68,68,68,68,68,68,68,68,68,68,68,68,68,68,68,68,68,68,68,68,68,68,68,68,68,68,68,68,68,68,68,68,68,68,68,68,68,68],"card_choices":[{"not_picked":["Evaluate","Crescendo"],"picked":"Consecrate","floor":1.0},{"not_picked":["Crescendo","BowlingBash"],"picked":"FlyingSleeves","floor":2.0},{"not_picked":["ClearTheMind","Fasting2"],"picked":"EmptyBody","floor":5.0},{"not_picked":["Study","FollowUp"],"picked":"FlurryOfBlows","floor":8.0},{"not_picked":["Swivel","Halt"],"picked":"FlurryOfBlows","floor":11.0},{"not_picked":["Swivel","Brilliance"],"picked":"Wallop","floor":12.0},{"not_picked":["Swivel","FlurryOfBlows"],"picked":"CutThroughFate","floor":14.0},{"not_picked":["Omniscience","Brilliance"],"picked":"Wish","floor":16.0},{"not_picked":["PathToVictory","BowlingBash","EmptyFist+1"],"picked":"SKIP","floor":18.0},{"not_picked":["SashWhip","Protect","WindmillStrike"],"picked":"SKIP","floor":21.0},{"not_picked":["Crescendo+1","Consecrate","Study"],"picked":"SKIP","floor":23.0},{"not_picked":["Protect","EmptyBody"],"picked":"Tantrum","floor":28.0},{"not_picked":["Protect+1","ClearTheMind","InnerPeace"],"picked":"SKIP","floor":30.0},{"not_picked":["Judgement","FollowUp","CutThroughFate"],"picked":"SKIP","floor":31.0},{"not_picked":["Establishment","MasterReality"],"picked":"SpiritShield","floor":33.0},{"not_picked":["FlurryOfBlows","JustLucky"],"picked":"TalkToTheHand+1","floor":35.0},{"not_picked":["Swivel","SashWhip"],"picked":"ThirdEye+1","floor":38.0},{"not_picked":["EmptyBody","EmptyFist"],"picked":"TalkToTheHand","floor":41.0},{"not_picked":["CutThroughFate","CrushJoints","CarveReality"],"picked":"SKIP","floor":46.0},{"not_picked":["Wallop","Alpha","EmptyBody+1"],"picked":"SKIP","floor":48.0}],"player_experience":1090360,"relics_obtained":[{"floor":4.0,"key":"Sundial"},{"floor":9.0,"key":"Calipers"},{"floor":11.0,"key":"Blue Candle"},{"floor":14.0,"key":"Whetstone"},{"floor":23.0,"key":"Eternal Feather"},{"floor":26.0,"key":"Orichalcum"},{"floor":31.0,"key":"HornCleat"},{"floor":39.0,"key":"Torii"},{"floor":41.0,"key":"Unceasing Top"},{"floor":43.0,"key":"Frozen Egg 2"},{"floor":46.0,"key":"MealTicket"}],"event_choices":[{"cards_removed":["Defend_P"],"damage_healed":0.0,"max_hp_gain":0.0,"max_hp_loss":0.0,"gold_gain":0.0,"event_name":"Golden Wing","player_choice":"Card Removal","floor":3.0,"gold_loss":0.0,"damage_taken":7.0},{"damage_healed":0.0,"max_hp_gain":0.0,"max_hp_loss":0.0,"gold_gain":0.0,"event_name":"Wheel of Change","player_choice":"Relic","floor":4.0,"gold_loss":0.0,"damage_taken":0.0},{"damage_healed":0.0,"max_hp_gain":0.0,"max_hp_loss":0.0,"gold_gain":0.0,"event_name":"WeMeetAgain","player_choice":"Gave Potion","floor":19.0,"gold_loss":0.0,"damage_taken":0.0,"relics_obtained":["Pen Nib"]},{"damage_healed":0.0,"max_hp_gain":0.0,"max_hp_loss":4.0,"gold_gain":0.0,"event_name":"betterThird:BetterWriting","player_choice":"Simplicity","floor":22.0,"gold_loss":0.0,"damage_taken":0.0},{"damage_healed":0.0,"max_hp_gain":0.0,"max_hp_loss":0.0,"gold_gain":0.0,"event_name":"Tomb of Lord Red Mask","player_choice":"Ignored","floor":36.0,"gold_loss":0.0,"damage_taken":0.0},{"damage_healed":0.0,"max_hp_gain":0.0,"max_hp_loss":0.0,"gold_gain":0.0,"event_name":"Mysterious Sphere","player_choice":"Fight","floor":39.0,"gold_loss":0.0,"damage_taken":0.0},{"cards_removed":["Strike_P"],"damage_healed":0.0,"max_hp_gain":0.0,"max_hp_loss":0.0,"gold_gain":0.0,"event_name":"Falling","player_choice":"Removed Attack","floor":45.0,"gold_loss":0.0,"damage_taken":0.0}],"is_beta":true,"boss_relics":[{"not_picked":["Cursed Key","Philosopher\u0027s Stone"],"picked":"Runic Pyramid"},{"not_picked":["Busted Crown","Pandora\u0027s Box"],"picked":"VioletLotus"}],"items_purged_floors":[20],"is_endless":false,"potions_floor_spawned":[2,5,14,16,23,31,38,41],"ascension_level":20}}