{"host":"1pwde2j81wdvsae3","time":1610542822,"event":{"mods":["BaseMod","Minty Spire (QoL Compilation)","Replay The Spire","Shop Mod","StSLib"],"gold_per_floor":[114,130,130,146,158,158,192,204,204,216,216,248,248,265,265,265,265],"floor_reached":16,"language":"ZHS","playtime":752,"items_purged":[],"score":171,"play_id":"bf757d23-351a-4115-be3b-7cc12bf74786","local_time":"20210113210022","is_ascension_mode":true,"campfire_choices":[{"data":"True Grit","floor":6,"key":"SMITH"},{"data":"Clothesline","floor":11,"key":"SMITH"},{"floor":13,"key":"REST"},{"data":"Power Through","floor":15,"key":"SMITH"}],"circlet_count":0,"master_deck":["AscendersBane","Strike_R","Strike_R","Strike_R","Strike_R","Strike_R","Defend_R","Defend_R","Defend_R","Defend_R","Bash+1","Run Through","True Grit+1","Infernal Blade","Clothesline+1","Reckless Charge","Bludgeon","Whirlwind","Power Through+1","Clash"],"relics":["Burning Blood","Pet Ghost","ReplayTheSpireMod:TigerMarble","Darkstone Periapt","Mercury Hourglass"],"acts_visited":["Exordium"],"potions_floor_usage":[16,16,16],"damage_taken":[{"damage":1.0,"enemies":"Cultist","floor":1.0,"turns":4.0},{"damage":3.0,"enemies":"Jaw Worm","floor":2.0,"turns":4.0},{"damage":4.0,"enemies":"2 Louse","floor":4.0,"turns":3.0},{"damage":15,"enemies":"2 Fungi Beasts","floor":5,"turns":3},{"damage":26,"enemies":"Gremlin Nob","floor":7,"turns":4},{"damage":7,"enemies":"Exordium Wildlife","floor":8,"turns":3},{"damage":8,"enemies":"Blue Slaver","floor":10,"turns":2},{"damage":25,"enemies":"Replay:BlueRogue","floor":12,"turns":4},{"damage":6,"enemies":"3 Louse","floor":14,"turns":2},{"damage":64,"enemies":"Fading Forest","floor":16,"turns":11}],"seed_played":"-1892011816693656639","potions_obtained":[{"floor":7,"key":"Fire Potion"},{"floor":8,"key":"SkillPotion"},{"floor":12,"key":"Elixir"}],"is_trial":false,"path_per_floor":["M","M","?","M","M","R","E","M","T","M","R","E","R","M","R","B"],"character_chosen":"IRONCLAD","items_purchased":[],"campfire_rested":1,"item_purchase_floors":[],"current_hp_per_floor":[77,80,80,80,71,71,51,60,60,58,58,39,63,63,63,0,0],"gold":265,"neow_bonus":"RANDOM_COMMON_RELIC","is_daily":false,"chose_seed":false,"campfire_upgraded":3,"win_rate":0.0,"timestamp":1610542822,"path_taken":["M","M","?","M","M","R","E","M","T","M","R","E","R","M","R","BOSS"],"items_purchased_type":[],"build_version":"2020-12-22","purchased_purges":0,"victory":false,"max_hp_per_floor":[80,80,80,80,80,80,80,80,80,80,80,80,80,80,80,80,80],"card_choices":[{"not_picked":["Sword Boomerang","Body Slam"],"picked":"Run Through","floor":1.0},{"not_picked":["Burning Pact","Run Through"],"picked":"True Grit","floor":2.0},{"not_picked":["Warcry","Dual Wield"],"picked":"Infernal Blade","floor":4.0},{"not_picked":["Sever Soul","Entrench"],"picked":"Clothesline","floor":5},{"not_picked":["Run Through","ReplayTheSpireMod:Strike From Hell"],"picked":"Reckless Charge","floor":7},{"not_picked":["Replay:Undeath\u0027s Touch","Body Slam"],"picked":"Bludgeon","floor":8},{"not_picked":["Heavy Blade","Pommel Strike"],"picked":"Whirlwind","floor":10},{"not_picked":["Brutality","Run Through"],"picked":"Power Through","floor":12},{"not_picked":["Warcry","Body Slam"],"picked":"Clash","floor":14}],"player_experience":192857,"relics_obtained":[{"floor":7,"key":"ReplayTheSpireMod:TigerMarble"},{"floor":9,"key":"Darkstone Periapt"},{"floor":12,"key":"Mercury Hourglass"}],"event_choices":[{"damage_healed":0.0,"max_hp_gain":0.0,"max_hp_loss":0.0,"gold_gain":0.0,"event_name":"Living Wall","player_choice":"Grow","floor":3.0,"gold_loss":0.0,"damage_taken":0.0,"cards_upgraded":["Bash"]}],"is_beta":false,"boss_relics":[],"items_purged_floors":[],"is_endless":false,"potions_floor_spawned":[7,8,12],"killed_by":"Fading Forest","ascension_level":10}}