{"host":"nxmai6bb3m0amvdf","time":1610555935,"event":{"mods":["Aspiration","BaseMod","Conspire","Energized Spire","Friendly Minions","GifTheSpireLib","Halation","Hubris","Infinite Spire","Ironclad Rager","Jedi Mod","Marked Mod","Mimic Mod","Minty Spire (QoL Compilation)","Replay The Spire","RumiaBox-????????","Spikes Relics","StSLib","Stuff the Spire","Trackpad","vexMod"],"gold_per_floor":[119,130,143,157,157,182,182,210,235,250,269,155,185,185,185,185,185],"floor_reached":16,"language":"ENG","playtime":1014,"items_purged":[],"score":238,"play_id":"1a97a445-b66b-4f0c-9176-38f3a0138e2f","local_time":"20210113173855","is_ascension_mode":true,"campfire_choices":[{"floor":7,"key":"REST"},{"floor":15,"key":"REST"}],"circlet_count":0,"master_deck":["AscendersBane","Bash","ICR:RageStrike","ICR:RageStrike","ICR:RageStrike+1","ICR:RageStrike+1","ICR:RageStrike","ICR:ShieldBash","ICR:ShieldBash","ICR:ShieldBash","ICR:ShieldBash","Clash","ReplayTheSpireMod:Muscle Training","Pommel Strike","Combust","BarbarianYell","Whirlwind","Pommel Strike","Replay:Undeath\u0027s Touch","Combust","Replay:Undeath\u0027s Touch","Feed","Injury"],"relics":["Burning Blood","Lantern","vexMod:MemoryStick","aspiration:Lifesprig","Molten Egg 2"],"acts_visited":["Exordium"],"potions_floor_usage":[6,6,11,16,16],"damage_taken":[{"damage":8,"enemies":"Small Slimes","floor":1,"turns":3},{"damage":4,"enemies":"2 Louse","floor":2,"turns":2},{"damage":5,"enemies":"Jaw Worm","floor":3,"turns":3},{"damage":12,"enemies":"Large Slime","floor":4,"turns":5},{"damage":21,"enemies":"Lagavulin","floor":6,"turns":6},{"damage":27,"enemies":"Gremlin Nob","floor":8,"turns":4},{"damage":7,"enemies":"Lots of Slimes","floor":10,"turns":2},{"damage":4,"enemies":"Exordium Wildlife","floor":11,"turns":2},{"damage":26,"enemies":"3 Sentries","floor":13,"turns":4},{"damage":30,"enemies":"The Guardian","floor":16,"turns":4}],"seed_played":"-7973945599238149481","potions_obtained":[{"floor":2,"key":"PowerPotion"},{"floor":3,"key":"BlessingOfTheForge"},{"floor":4,"key":"Block Potion"},{"floor":8,"key":"FearPotion"},{"floor":10,"key":"SkillPotion"},{"floor":13,"key":"Block Potion"}],"is_trial":false,"path_per_floor":["M","M","M","M","?","E","R","E","T","M","M","$","E","?","R","B"],"character_chosen":"IRONCLAD","items_purchased":["Combust","Replay:Undeath\u0027s Touch"],"campfire_rested":2,"item_purchase_floors":[12,12],"current_hp_per_floor":[66,68,69,63,40,25,47,26,26,25,27,27,7,7,29,0,0],"gold":185,"neow_bonus":"IRONCLAD_RAGER","is_daily":false,"chose_seed":false,"campfire_upgraded":0,"win_rate":0.0,"timestamp":1610555935,"path_taken":["M","M","M","M","?","E","R","E","T","M","M","$","E","?","R","BOSS"],"items_purchased_type":["Card","Card"],"build_version":"2020-12-22","purchased_purges":0,"victory":false,"max_hp_per_floor":[75,75,75,75,75,75,75,75,75,75,75,75,75,75,75,75,75],"card_choices":[{"not_picked":["Anger","Pommel Strike"],"picked":"Clash","floor":1},{"not_picked":["Seeing Red","Intimidate"],"picked":"ReplayTheSpireMod:Muscle Training","floor":2},{"not_picked":["jedi:suffering","True Grit"],"picked":"Pommel Strike","floor":3},{"not_picked":["Armaments","Intimidate"],"picked":"Combust","floor":4},{"not_picked":["Rampage","Infernal Blade"],"picked":"BarbarianYell","floor":6},{"not_picked":["Abandon","Run Through"],"picked":"Whirlwind","floor":8},{"not_picked":["Absolvement","Sentinel"],"picked":"Pommel Strike","floor":10},{"not_picked":["Heavy Blade","Abandon"],"picked":"Replay:Undeath\u0027s Touch","floor":11},{"not_picked":["Pummel","Sword Boomerang"],"picked":"Feed","floor":13}],"player_experience":1096995,"relics_obtained":[{"floor":6,"key":"Lantern"},{"floor":8,"key":"vexMod:MemoryStick"},{"floor":13,"key":"aspiration:Lifesprig"}],"event_choices":[{"damage_healed":0,"gold_gain":0,"player_choice":"Entered Light","damage_taken":23,"max_hp_gain":0,"max_hp_loss":0,"event_name":"Shining Light","floor":5,"gold_loss":0,"cards_upgraded":["ICR:RageStrike","ICR:RageStrike"]}],"is_beta":false,"boss_relics":[],"items_purged_floors":[],"is_endless":false,"potions_floor_spawned":[2,3,4,8,10,13],"killed_by":"The Guardian","ascension_level":19}}