{"host":"5x08nt64u3vxxcfi","time":1610536822,"event":{"mods":["BaseMod","Minty Spire (QoL Compilation)","StSLib","SuperFastMode"],"gold_per_floor":[119,136,150,22,22,22,22,41,90,111,127,127,158,174,174,264,264,277,192,37,60,159,159,192,192,217,217,251,271,17,41,41,130,130,154,154,185,185,206,206,240,54,54,87,87,108,108,131,131,131],"floor_reached":51,"language":"KOR","playtime":1007,"items_purged":["Strike_G","Strike_G"],"score":1308,"play_id":"d2858b55-8fc3-463b-bd6a-ae1c3dba7ceb","local_time":"20210113202022","is_ascension_mode":true,"campfire_choices":[{"data":"Burst","floor":6.0,"key":"SMITH"},{"floor":12.0,"key":"REST"},{"floor":15.0,"key":"REST"},{"data":"Bouncing Flask","floor":23.0,"key":"SMITH"},{"floor":25.0,"key":"REST"},{"floor":27.0,"key":"REST"},{"floor":32.0,"key":"REST"},{"data":"Catalyst","floor":40.0,"key":"SMITH"},{"floor":45.0,"key":"REST"},{"floor":47.0,"key":"REST"},{"floor":49.0,"key":"REST"}],"circlet_count":0,"master_deck":["AscendersBane","Strike_G","Strike_G+1","Defend_G","Defend_G","Defend_G","Defend_G","Defend_G","Survivor","Neutralize","Slice+1","Escape Plan","Burst+1","Dagger Throw","Poisoned Stab","Acrobatics","Crippling Poison","Bouncing Flask+1","Deadly Poison","Bullet Time","Prepared","Caltrops","Escape Plan","Leg Sweep","Crippling Poison","Blur","Catalyst+1","Distraction","Wraith Form v2","Tactician","Outmaneuver","Deadly Poison+1","Footwork","Bouncing Flask","Noxious Fumes+1","PiercingWail"],"relics":["Ring of the Serpent","Golden Idol","Whetstone","Snake Skull","Philosopher\u0027s Stone","Bronze Scales","Pocketwatch","Akabeko","Red Mask","Shovel","Boot","Strange Spoon","Bottled Tornado","Question Card"],"acts_visited":["Exordium","TheCity","TheBeyond"],"potions_floor_usage":[50],"damage_taken":[{"damage":0.0,"enemies":"Small Slimes","floor":1.0,"turns":5.0},{"damage":2.0,"enemies":"Cultist","floor":2.0,"turns":4.0},{"damage":0.0,"enemies":"Jaw Worm","floor":3.0,"turns":4.0},{"damage":8.0,"enemies":"Blue Slaver","floor":8.0,"turns":3.0},{"damage":4.0,"enemies":"2 Fungi Beasts","floor":10.0,"turns":3.0},{"damage":21.0,"enemies":"3 Louse","floor":11.0,"turns":3.0},{"damage":24.0,"enemies":"Gremlin Nob","floor":13.0,"turns":4.0},{"damage":3.0,"enemies":"Looter","floor":14.0,"turns":3.0},{"damage":10.0,"enemies":"The Guardian","floor":16.0,"turns":7.0},{"damage":0.0,"enemies":"Chosen","floor":18.0,"turns":3.0},{"damage":3.0,"enemies":"3 Byrds","floor":21.0,"turns":3.0},{"damage":40.0,"enemies":"Gremlin Leader","floor":24.0,"turns":5.0},{"damage":26.0,"enemies":"Masked Bandits","floor":28.0,"turns":4.0},{"damage":9.0,"enemies":"Shelled Parasite and Fungi","floor":29.0,"turns":4.0},{"damage":0.0,"enemies":"Centurion and Healer","floor":31.0,"turns":5.0},{"damage":18.0,"enemies":"Collector","floor":33.0,"turns":3.0},{"damage":7.0,"enemies":"3 Shapes","floor":35.0,"turns":4.0},{"damage":2.0,"enemies":"Mind Bloom Boss Battle","floor":37.0,"turns":4.0},{"damage":4.0,"enemies":"Orb Walker","floor":39.0,"turns":3.0},{"damage":0.0,"enemies":"Giant Head","floor":41.0,"turns":5.0},{"damage":25.0,"enemies":"Reptomancer","floor":44.0,"turns":3.0},{"damage":0.0,"enemies":"4 Shapes","floor":46.0,"turns":4.0},{"damage":19.0,"enemies":"Spire Growth","floor":48.0,"turns":3.0},{"damage":30,"enemies":"Time Eater","floor":50,"turns":7}],"seed_played":"-6617710000523743753","potions_obtained":[{"floor":2.0,"key":"SteroidPotion"},{"floor":11.0,"key":"Strength Potion"},{"floor":13.0,"key":"CunningPotion"},{"floor":16.0,"key":"DistilledChaos"},{"floor":24.0,"key":"Fire Potion"},{"floor":39.0,"key":"Explosive Potion"},{"floor":41.0,"key":"AttackPotion"},{"floor":44.0,"key":"ColorlessPotion"},{"floor":46.0,"key":"Fruit Juice"}],"is_trial":false,"path_per_floor":["M","M","M","$","?","R","?","M","T","M","M","R","E","M","R","B",null,"M","?","$","M","?","R","E","R","T","R","?","M","$","M","R","B",null,"M","?","?","?","M","R","E","$","T","E","R","M","R","M","R","B",null],"character_chosen":"THE_SILENT","items_purchased":["Burst","Dagger Throw","Caltrops","Catalyst","DuplicationPotion","Footwork","Strange Spoon"],"campfire_rested":8,"item_purchase_floors":[4,4,20,30,30,42,42],"current_hp_per_floor":[59,57,57,57,57,57,51,43,43,39,18,36,12,9,27,17,50,50,50,50,47,47,47,7,25,25,43,17,8,8,8,26,8,48,41,41,39,39,35,35,35,35,35,10,27,32,50,31,49,19],"gold":131,"neow_bonus":"REMOVE_CARD","is_daily":false,"chose_seed":false,"campfire_upgraded":3,"win_rate":0.0,"timestamp":1610536822,"path_taken":["M","M","M","$","?","R","?","M","T","M","M","R","E","?","R","BOSS","M","?","$","M","?","R","E","R","T","R","?","M","$","M","R","BOSS","M","?","?","?","M","R","E","$","T","E","R","M","R","M","R","BOSS"],"items_purchased_type":["Card","Card","Card","Card","Potion","Card","Relic"],"build_version":"2020-12-22","purchased_purges":2,"victory":true,"max_hp_per_floor":[66,66,66,66,61,61,61,61,61,61,61,61,61,61,61,61,61,61,61,61,61,61,61,61,61,61,61,61,61,61,61,61,61,61,61,58,58,58,58,58,58,58,58,58,58,63,63,63,63,63],"card_choices":[{"not_picked":["Bane","Backflip"],"picked":"Slice","floor":1.0},{"not_picked":["Setup","Flying Knee"],"picked":"Deadly Poison","floor":2.0},{"not_picked":["Underhanded Strike","Dodge and Roll"],"picked":"Escape Plan","floor":3.0},{"not_picked":["Prepared","Dagger Spray"],"picked":"Poisoned Stab","floor":8.0},{"not_picked":["Flying Knee","Cloak And Dagger"],"picked":"Acrobatics","floor":10.0},{"not_picked":["Dagger Spray","Quick Slash"],"picked":"Crippling Poison","floor":11.0},{"not_picked":["Calculated Gamble","Flechettes"],"picked":"Bouncing Flask","floor":13.0},{"not_picked":["Flying Knee","Dodge and Roll"],"picked":"Deadly Poison","floor":14.0},{"not_picked":["Unload","Envenom"],"picked":"Bullet Time","floor":16.0},{"not_picked":["Predator","Calculated Gamble"],"picked":"Prepared","floor":18.0},{"not_picked":["Blade Dance","Deflect"],"picked":"Escape Plan","floor":21.0},{"not_picked":["Sucker Punch","Predator"],"picked":"Leg Sweep","floor":24.0},{"not_picked":["Skewer","Outmaneuver"],"picked":"Crippling Poison","floor":28.0},{"not_picked":["Finisher","Tactician"],"picked":"Blur","floor":29.0},{"not_picked":["Backstab","Dagger Throw"],"picked":"Distraction","floor":31.0},{"not_picked":["Unload","Glass Knife"],"picked":"Wraith Form v2","floor":33.0},{"not_picked":["Poisoned Stab","Dodge and Roll"],"picked":"Tactician","floor":35.0},{"not_picked":["Eviscerate","Blade Dance"],"picked":"Outmaneuver","floor":39.0},{"not_picked":["Slice","Riddle With Holes"],"picked":"Deadly Poison+1","floor":41.0},{"not_picked":["Cloak And Dagger","Flying Knee"],"picked":"Bouncing Flask","floor":44.0},{"not_picked":["Acrobatics","Quick Slash","Underhanded Strike+1"],"picked":"Noxious Fumes+1","floor":46.0},{"not_picked":["Bane","Cloak And Dagger","Tools of the Trade"],"picked":"PiercingWail","floor":48.0}],"player_experience":102087,"relics_obtained":[{"floor":9.0,"key":"Whetstone"},{"floor":13.0,"key":"Snake Skull"},{"floor":24.0,"key":"Pocketwatch"},{"floor":26.0,"key":"Akabeko"},{"floor":28.0,"key":"Red Mask"},{"floor":37.0,"key":"Shovel"},{"floor":41.0,"key":"Boot"},{"floor":43.0,"key":"Bottled Tornado"},{"floor":44.0,"key":"Question Card"}],"event_choices":[{"damage_healed":0.0,"max_hp_gain":0.0,"max_hp_loss":5.0,"gold_gain":0.0,"event_name":"Golden Idol","player_choice":"Lose Max HP","floor":5.0,"gold_loss":0.0,"damage_taken":0.0,"relics_obtained":["Golden Idol"]},{"damage_healed":0.0,"max_hp_gain":0.0,"max_hp_loss":0.0,"gold_gain":0.0,"event_name":"Wheel of Change","player_choice":"Damaged","floor":7.0,"gold_loss":0.0,"damage_taken":6.0},{"damage_healed":0.0,"max_hp_gain":0.0,"max_hp_loss":0.0,"gold_gain":0.0,"event_name":"Addict","player_choice":"Obtained Relic","floor":19.0,"gold_loss":85.0,"damage_taken":0.0,"relics_obtained":["Bronze Scales"]},{"damage_healed":0.0,"max_hp_gain":0.0,"max_hp_loss":0.0,"gold_gain":99.0,"event_name":"Nest","player_choice":"Stole From Cult","floor":22.0,"gold_loss":0.0,"damage_taken":0.0},{"damage_healed":0.0,"max_hp_gain":0.0,"max_hp_loss":0.0,"gold_gain":0.0,"event_name":"Masked Bandits","player_choice":"Fought Bandits","floor":28.0,"gold_loss":0.0,"damage_taken":0.0},{"damage_healed":0.0,"max_hp_gain":0.0,"max_hp_loss":3.0,"gold_gain":0.0,"event_name":"Winding Halls","player_choice":"Max HP","floor":36.0,"gold_loss":0.0,"damage_taken":0.0},{"damage_healed":0.0,"max_hp_gain":0.0,"max_hp_loss":0.0,"gold_gain":0.0,"event_name":"MindBloom","player_choice":"Fight","floor":37.0,"gold_loss":0.0,"damage_taken":0.0},{"cards_removed":["Deadly Poison"],"damage_healed":0.0,"max_hp_gain":0.0,"max_hp_loss":0.0,"gold_gain":0.0,"event_name":"Falling","player_choice":"Removed Skill","floor":38.0,"gold_loss":0.0,"damage_taken":0.0}],"is_beta":false,"boss_relics":[{"not_picked":["HoveringKite","Pandora\u0027s Box"],"picked":"Philosopher\u0027s Stone"},{"not_picked":["Coffee Dripper","Fusion Hammer"],"picked":"Ring of the Serpent"}],"items_purged_floors":[20,30],"is_endless":false,"potions_floor_spawned":[2,11,13,16,18,24,39,41,44,46],"ascension_level":14}}