{"host":"v79nb9qnzs8cga96","time":1610564140,"event":{"mods":["2.2 Compatiblity","Ascension Reborn","Aspiration","Bard","BaseMod","Beaked The Cultist","Better Note","Block Reminder","Custom Start","GifTheSpireLib","Marked Mod","Minty Spire (QoL Compilation)","Quarter Circle Forward PUNCH!","SacredBarkPlus","Small Relic Pack","StSLib","Stuff the Spire","The Bladedancer","The Cursed","The Forsaken","The Necromancer","The Poker Player","The Runesmith","The Saiyan","The Showman","The Spell Scribe","TheFirefly","vexMod"],"gold_per_floor":[109,84,84,97,111,111,124,152,152,25,52,52,52,70,70,165,165,185,200,211,211,228,263,274,50,50,50,60,72,72,72,72,72,72],"floor_reached":33,"language":"ENG","playtime":2149,"items_purged":[],"score":279,"play_id":"83f0e0bc-5ee3-4097-97b6-67729c484d08","local_time":"20210113205540","is_ascension_mode":true,"campfire_choices":[{"data":"Bones_to_Steel","floor":6.0,"key":"SMITH"},{"floor":13.0,"key":"REST"},{"floor":15.0,"key":"REST"},{"floor":32.0,"key":"REST"}],"circlet_count":0,"master_deck":["Strike_W","Strike_W","Strike_W","Strike_W","Defend_W","Defend_W","Defend_W","Defend_W","Negative_Energy_Arrows","Bone_Wall+1","Negative_Energy_Sphere","Exploit","Bones_to_Steel+1","Summon_Undead_Army","Negative_Energy_Javelin","Summon_Undead_Army","Bone_Armor","Thousand_Bone_Knives","Summon_Vampire_Lady","Uncharnel","Siphon_Strength","Siphon_Strength","Vampiric_Strike","Summon_Lich","Hellfire","Bone_Armory","Bone_Armor","Death_March_Dance"],"relics":["Vampire_Amulet","StuffTheSpire:PointBlank","qcfpunch:Unceasing_Flame","Ancient Tea Set","Ice Cream","Runesmith:UraniumAnvil","vexMod:RetaliationKit","StuffTheSpire:Gunfinga","qcfpunch:Not_Strongest_Fighting_Style_Guidebook","MutagenicStrength"],"acts_visited":["Exordium","TheCity"],"potions_floor_usage":[33],"damage_taken":[{"damage":1.0,"enemies":"Cultist","floor":1.0,"turns":3.0},{"damage":0.0,"enemies":"2 Louse","floor":4.0,"turns":2.0},{"damage":1.0,"enemies":"Jaw Worm","floor":5.0,"turns":4.0},{"damage":17.0,"enemies":"Large Slime","floor":7.0,"turns":12.0},{"damage":37.0,"enemies":"Lagavulin","floor":8.0,"turns":10.0},{"damage":16.0,"enemies":"Gremlin Nob","floor":11.0,"turns":4.0},{"damage":1.0,"enemies":"2 Fungi Beasts","floor":14.0,"turns":3.0},{"damage":27.0,"enemies":"Hexaghost","floor":16.0,"turns":11.0},{"damage":31.0,"enemies":"Spheric Guardian","floor":18.0,"turns":6.0},{"damage":10.0,"enemies":"3 Byrds","floor":19.0,"turns":5.0},{"damage":22.0,"enemies":"Centurion and Healer","floor":20.0,"turns":6.0},{"damage":14.0,"enemies":"Snake Plant","floor":22.0,"turns":5.0},{"damage":54.0,"enemies":"Gremlin Leader","floor":23.0,"turns":8.0},{"damage":25.0,"enemies":"Snecko","floor":24.0,"turns":5.0},{"damage":14.0,"enemies":"Sentry and Sphere","floor":28.0,"turns":4.0},{"damage":10.0,"enemies":"Chosen and Byrds","floor":29.0,"turns":4.0},{"damage":58,"enemies":"Automaton","floor":33,"turns":6}],"seed_played":"5541078712395052227","potions_obtained":[{"floor":4.0,"key":"FearPotion"},{"floor":11.0,"key":"PowerPotion"},{"floor":14.0,"key":"Fire Potion"}],"is_trial":false,"path_per_floor":["M","?","?","M","M","R","M","E","T","$","E","?","R","M","R","B",null,"M","M","M","?","M","E","M","$","T","?","M","M","?","$","R","B"],"character_chosen":"NECROMANCER","items_purchased":["Summon_Undead_Army","Bone_Armor","Bone_Armory","StuffTheSpire:Gunfinga"],"campfire_rested":3,"item_purchase_floors":[10,10,25,25],"current_hp_per_floor":[75,75,75,75,75,75,62,27,27,27,13,6,28,31,53,28,75,52,48,48,48,51,26,20,20,20,20,22,21,21,21,43,0,0],"gold":72,"neow_bonus":"UPGRADE_CARD","is_daily":false,"chose_seed":false,"campfire_upgraded":1,"win_rate":0.0,"timestamp":1610564140,"path_taken":["M","?","?","?","M","R","M","E","T","$","E","?","R","M","R","BOSS","M","M","M","?","?","E","M","$","T","?","M","M","?","?","R","BOSS"],"items_purchased_type":["Card","Card","Card","Relic"],"build_version":"2020-12-22","purchased_purges":0,"victory":false,"max_hp_per_floor":[75,75,75,75,75,75,75,75,75,75,75,75,75,75,75,75,75,75,75,75,75,75,75,75,75,75,75,75,75,75,75,75,75,75],"card_choices":[{"not_picked":["Shackles_Of_Pain","Negative_Energy_Mist"],"picked":"Negative_Energy_Sphere","floor":1.0},{"not_picked":["Scare","Acid_Javelin"],"picked":"Exploit","floor":4.0},{"not_picked":["Blood_Curse","Negative_Energy_Mist"],"picked":"Bones_to_Steel","floor":5.0},{"not_picked":["Acid_Javelin","Bone_Shift"],"picked":"Summon_Undead_Army","floor":7.0},{"not_picked":["Consume_Illness","Plague_Bolt"],"picked":"Negative_Energy_Javelin","floor":8.0},{"not_picked":["Blood_Whip","Shackles_Of_Pain","Detonate_Bones"],"picked":"SKIP","floor":11.0},{"not_picked":["Summon_Undead_Army","Bone_Shift"],"picked":"Thousand_Bone_Knives","floor":14.0},{"not_picked":["Cloudkill","Blood_Magic"],"picked":"Summon_Vampire_Lady","floor":16.0},{"not_picked":["Consume_Illness","Bone_Bullets"],"picked":"Uncharnel","floor":18.0},{"not_picked":["Shackles_Of_Pain","Negative_Energy_Javelin"],"picked":"Siphon_Strength","floor":19.0},{"not_picked":["Negative_Energy_Mist","Scare"],"picked":"Siphon_Strength","floor":20.0},{"not_picked":["Scare+1","Bone_Prison"],"picked":"Vampiric_Strike","floor":22.0},{"not_picked":["Bone_Shift","Siphon_Strength"],"picked":"Summon_Lich","floor":23.0},{"not_picked":["Whirlwind_of_Bones+1","Blood_Whip"],"picked":"Hellfire","floor":24.0},{"not_picked":["Negative_Energy_Sphere","Pandemic+1"],"picked":"Bone_Armor","floor":28.0},{"not_picked":["Shackles_Of_Pain+1","Blood_Curse"],"picked":"Death_March_Dance","floor":29.0}],"player_experience":464441,"relics_obtained":[{"floor":8.0,"key":"StuffTheSpire:PointBlank"},{"floor":9.0,"key":"qcfpunch:Unceasing_Flame"},{"floor":11.0,"key":"Ancient Tea Set"},{"floor":23.0,"key":"vexMod:RetaliationKit"},{"floor":26.0,"key":"qcfpunch:Not_Strongest_Fighting_Style_Guidebook"}],"event_choices":[{"damage_healed":0.0,"max_hp_gain":0.0,"max_hp_loss":0.0,"gold_gain":0.0,"event_name":"Scrap Ooze","player_choice":"Success","floor":12.0,"gold_loss":0.0,"damage_taken":7.0,"relics_obtained":["Ice Cream"]},{"damage_healed":0.0,"max_hp_gain":0.0,"max_hp_loss":0.0,"gold_gain":0.0,"event_name":"betterNote:BetterNote","player_choice":"Ignored","floor":21.0,"gold_loss":0.0,"damage_taken":0.0,"cards_obtained":["Wish"]},{"damage_healed":0.0,"max_hp_gain":0.0,"max_hp_loss":0.0,"gold_gain":0.0,"event_name":"Drug Dealer","player_choice":"Inject Mutagens","floor":27.0,"gold_loss":0.0,"damage_taken":0.0,"relics_obtained":["MutagenicStrength"]}],"is_beta":false,"boss_relics":[{"not_picked":["aspiration:DefectSkillbook","Coffee Dripper"],"picked":"Runesmith:UraniumAnvil"}],"items_purged_floors":[],"is_endless":false,"potions_floor_spawned":[4,11,14,16,18,19,24,29],"killed_by":"Automaton","ascension_level":0}}