{"host":"mitik7wjjpoqy3i6","time":1610567625,"event":{"mods":["AchievementEnabler","AlwaysNeverKeys","Aspiration","BaseMod","BetterRewards","Custom Start","Dota2Spire","Evolution","Force Act Four","Gold Saver","Hyrulean Relics","Minty Spire (QoL Compilation)","Rare Cards Sparkle","Remove Card Discount Mod","Replay The Spire","SacredBarkPlus","Small Relic Pack","Spicy Shops","StSLib","The Animator","The Sage","Transform Curses","Treasure Hunter","??????REMEMod"],"gold_per_floor":[893,893,903,919,60,86,86,117,117,117,117,161,161,80,80,229,229,275,360,132,132,132,181,181,280,307,307,403,403,448,479,479,617,617,659,730,780,817,352,415,18,18,87,87,152,229,279,364,364,398,398,398,203,307,393],"floor_reached":56,"language":"ENG","playtime":3808,"items_purged":["Defend_G","Strike_G","Strike_G","Pain","Injury","Decay"],"score":2174,"play_id":"ba6729e8-0d81-492e-a9e0-3d040f50e156","local_time":"20210113205345","is_ascension_mode":true,"campfire_choices":[{"floor":10,"key":"REST"},{"floor":13,"key":"REST"},{"floor":15,"key":"RECALL"},{"data":"REME_GreenPollution","floor":24,"key":"SMITH"},{"floor":27,"key":"REST"},{"data":"Calculated Gamble","floor":32,"key":"SMITH"},{"data":"Calculated Gamble","floor":42,"key":"SMITH"},{"data":"Prepared","floor":44,"key":"SMITH"},{"data":"REME_TwoStrings","floor":49,"key":"SMITH"}],"circlet_count":0,"master_deck":["Strike_G+2","Strike_G+1","Strike_G+1","Defend_G+1","Defend_G","Defend_G","Survivor","Neutralize","Reflex","ReplayTheSpireMod:Scrap Shanks+1","Backstab","REME_BodyOfCthun","Specialist","Mind Blast","Crippling Poison","Calculated Gamble+1","TH:Mimic","Prepared+1","TH:BikiniMail","Underhanded Strike","TH:PixieDust","Backflip","ReplayTheSpireMod:From All Sides","PiercingWail+1","Acrobatics+1","REME_GreenPollution+1","TH:CopperCoins","ReplayTheSpireMod:From All Sides","TH:EnergyPotion","Draining Mist+1","TH:CursedSword","TH:EnergyPotion","Calculated Gamble+1","TH:DeckOfManyThings","Storm of Steel","Replay:Poison Smokescreen","TH:DeckOfManyThings","Poison Darts","Replay:Poison Smokescreen+1","Bane","Endless Agony+1","Underhanded Strike+1","Panache","Accuracy+1","REME_TwoStrings+1","TH:CopperCoins","Storm of Steel","TH:EnergyPotion","TH:Mimic","Dagger Throw+1","REME_GreenPollution+1","TH:EnergyPotion","ReplayTheSpireMod:Scrap Shanks+1","Outmaneuver+1","Midas Touch","TH:CopperCoins","Malaise"],"relics":["Ring of the Snake","EVO:Axolotl","REME_ComplimentaryCards","Dota2Spire:LinkenSphere","Bag of Marbles","Sling","Replay:Rubber Ducky","sagemod:Red_Beast_Statue","ReplayTheSpireMod:ShopPack","Counterbalance","BargainBundle","aspiration:Nostalgia","Replay:M_StaffOfTheSnake","Snake Skull","aspiration:FrozenJewel","Bottled Flame","relicPack:SpireResearchBook","Oddly Smooth Stone","relicPack:OneForAll","Replay:Bandana","Golden Idol","Simple Rune","relicPack:KazumaCape","TwistedFunnel","Bag of Preparation","REME_HandOfSuture","MealTicket","Gremlin Food","Whetstone","Dota2Spire:ArmletOfMordiggian","Philosopher\u0027s Stone","Dota2Spire:BladeMail","Chameleon Ring","Dota2Spire:ArcaneBoots","ReplayTheSpireMod:CursedCoin","sagemod:The_Guidebook_Guide","Bottled Lightning","aspiration:FetidBarrel","Replay:Ringing Soul","Dota2Spire:BlackKingBar","Replay:Kaleidoscope"],"acts_visited":["Exordium","TheCity","TheBeyond","TheEnding"],"potions_floor_usage":[6,16,18,25,33,33,33,33,50,50,55,55,55],"damage_taken":[{"damage":0,"enemies":"2 Louse","floor":1,"turns":1},{"damage":0,"enemies":"Cultist","floor":3,"turns":2},{"damage":12,"enemies":"Jaw Worm","floor":4,"turns":2},{"damage":2,"enemies":"3 Sentries","floor":6,"turns":4},{"damage":7,"enemies":"Lagavulin","floor":8,"turns":6},{"damage":7,"enemies":"Large Slime","floor":12,"turns":5},{"damage":35,"enemies":"The Guardian","floor":16,"turns":13},{"damage":0,"enemies":"2 Thieves","floor":18,"turns":4},{"damage":19,"enemies":"3 Byrds","floor":19,"turns":5},{"damage":13,"enemies":"REME_1_Revenger","floor":23,"turns":5},{"damage":2,"enemies":"Book of Stabbing","floor":25,"turns":2},{"damage":0,"enemies":"Gremlin Leader","floor":28,"turns":3},{"damage":0,"enemies":"Slavers","floor":30,"turns":1},{"damage":4,"enemies":"Shelled Parasite and Fungi","floor":31,"turns":4},{"damage":13,"enemies":"Automaton","floor":33,"turns":4},{"damage":8,"enemies":"3 Darklings","floor":35,"turns":4},{"damage":0,"enemies":"3 Shapes","floor":36,"turns":1},{"damage":1,"enemies":"Maw","floor":37,"turns":4},{"damage":2,"enemies":"Sphere and 2 Shapes","floor":38,"turns":1},{"damage":48,"enemies":"Nemesis","floor":40,"turns":3},{"damage":17,"enemies":"Giant Head","floor":45,"turns":6},{"damage":0,"enemies":"Jaw Worm Horde","floor":46,"turns":1},{"damage":0,"enemies":"Reptomancer","floor":47,"turns":2},{"damage":3,"enemies":"Spire Growth","floor":48,"turns":1},{"damage":9,"enemies":"Awakened One","floor":50,"turns":4},{"damage":0,"enemies":"Shield and Spear","floor":54,"turns":2},{"damage":69,"enemies":"The Heart","floor":55,"turns":4}],"seed_played":"7059114748898382066","potions_obtained":[{"floor":1,"key":"Toxic Potion"},{"floor":8,"key":"LifebloodPotion"},{"floor":16,"key":"SkillPotion"},{"floor":23,"key":"DuplicationPotion"},{"floor":25,"key":"CultistPotion"},{"floor":28,"key":"Poison Potion"},{"floor":30,"key":"Poison Potion"},{"floor":38,"key":"Languid Potion"},{"floor":46,"key":"Ancient Potion"},{"floor":52,"key":"Toxic Potion"},{"floor":52,"key":"PowerPotion"}],"is_trial":false,"path_per_floor":["M","?","M","M","$","E","?","E","T","R","?","M","R","$","R","B",null,"M","M","$","?","?","E","R","E","T","R","E","?","E","M","R","B",null,"M","M","M","M","$","E","$","R","T","R","E","M","E","M","R","B",null,"R","$","E","B",null],"character_chosen":"THE_SILENT","items_purchased":["Dota2Spire:LinkenSphere","Bag of Marbles","Sling","Replay:Rubber Ducky","sagemod:Red_Beast_Statue","ReplayTheSpireMod:ShopPack","BargainBundle","ReplayTheSpireMod:Scrap Shanks+1","Backstab","aspiration:Nostalgia","Snake Skull","aspiration:FrozenJewel","Bottled Flame","relicPack:SpireResearchBook","Simple Rune","TwistedFunnel","REME_GreenPollution","Panache","Accuracy+1","Dota2Spire:BladeMail","REME_TwoStrings","Dota2Spire:ArcaneBoots","ReplayTheSpireMod:CursedCoin","sagemod:The_Guidebook_Guide","Bottled Lightning","Midas Touch"],"campfire_rested":3,"item_purchase_floors":[0,0,0,0,0,0,0,0,0,5,5,5,5,5,14,20,20,39,39,39,39,41,41,41,41,53],"current_hp_per_floor":[28,28,28,16,16,14,14,7,7,28,28,21,42,42,42,7,70,70,51,51,51,51,38,38,36,36,57,57,80,80,76,76,63,80,72,72,71,69,80,32,47,47,47,47,33,36,39,39,39,30,92,92,95,98,29],"gold":393,"neow_bonus":"","is_daily":false,"chose_seed":false,"campfire_upgraded":5,"win_rate":0.0,"timestamp":1610567625,"path_taken":["M","?","?","M","$","E","?","E","T","R","?","M","R","?","R","BOSS","M","M","$","?","?","E","R","E","T","R","E","?","E","M","R","BOSS","M","?","M","?","$","E","$","R","T","R","E","M","E","M","R","BOSS","R","$","E","BOSS"],"items_purchased_type":["Relic","Relic","Relic","Relic","Relic","Relic","Relic","Card","Card","Relic","Relic","Relic","Relic","Relic","Relic","Relic","Card","Card","Card","Relic","Card","Relic","Relic","Relic","Relic","Card"],"build_version":"2020-12-22","purchased_purges":6,"victory":true,"max_hp_per_floor":[70,70,70,70,70,70,70,70,70,70,70,70,70,70,70,70,70,70,70,70,70,70,70,70,70,70,70,70,80,80,80,80,80,80,80,80,80,80,80,80,80,80,80,80,83,86,89,92,92,92,92,92,95,98,98],"card_choices":[{"not_picked":["TH:Mimic","REME_MawOfCthun"],"picked":"REME_BodyOfCthun","floor":0},{"not_picked":["TH:CopperCoins","Replay:Parry"],"picked":"Specialist","floor":0},{"not_picked":["sagemod:Perplexing_Glare","TH:DeckOfManyThings"],"picked":"Mind Blast","floor":0},{"not_picked":["Bouncing Flask","Outmaneuver"],"picked":"Crippling Poison","floor":1},{"not_picked":["Underhanded Strike","Infinite Blades","ReplayTheSpireMod:Tripwire"],"picked":"SKIP","floor":3},{"not_picked":["Acrobatics","Bane"],"picked":"Calculated Gamble","floor":4},{"not_picked":["TH:ElvenBoots"],"picked":"TH:Mimic","floor":6},{"not_picked":["Cloak And Dagger","Distraction"],"picked":"Prepared","floor":6},{"not_picked":["TH:EnergyPotion"],"picked":"TH:BikiniMail","floor":8},{"not_picked":["Crescendo","EmptyMind"],"picked":"Underhanded Strike","floor":8},{"not_picked":["TH:ElvenBoots"],"picked":"TH:PixieDust","floor":9},{"not_picked":["Bane","Crescendo"],"picked":"Backflip","floor":12},{"not_picked":["TH:DeckOfManyThings"],"picked":"TH:ArmorSpikes","floor":16},{"not_picked":["REME_SpectralBlade","Doppelganger"],"picked":"ReplayTheSpireMod:From All Sides","floor":16},{"not_picked":["Outmaneuver","Slice+1"],"picked":"PiercingWail+1","floor":18},{"not_picked":["Blade Dance","Quick Slash+1"],"picked":"Acrobatics+1","floor":19},{"not_picked":["TH:DeckOfManyThings"],"picked":"TH:CopperCoins","floor":23},{"not_picked":["Finisher","PiercingWail"],"picked":"ReplayTheSpireMod:From All Sides","floor":23},{"not_picked":["TH:BikiniMail"],"picked":"TH:EnergyPotion","floor":25},{"not_picked":["Caltrops","Outmaneuver"],"picked":"Draining Mist+1","floor":25},{"not_picked":["TH:BikiniMail"],"picked":"TH:CursedSword","floor":26},{"not_picked":["TH:PixieDust"],"picked":"TH:EnergyPotion","floor":28},{"not_picked":["Storm of Steel","Blade Dance"],"picked":"Calculated Gamble","floor":28},{"not_picked":["TH:BikiniMail"],"picked":"TH:DeckOfManyThings","floor":30},{"not_picked":["Deflect+1","Acrobatics"],"picked":"Storm of Steel","floor":30},{"not_picked":["PiercingWail","Deadly Poison"],"picked":"Replay:Poison Smokescreen","floor":31},{"not_picked":["TH:TreasureMap"],"picked":"TH:DeckOfManyThings","floor":33},{"not_picked":["After Image","Atom Bomb"],"picked":"Poison Darts","floor":33},{"not_picked":["Deflect+1","Bane+1"],"picked":"Replay:Poison Smokescreen+1","floor":35},{"not_picked":["Sucker Punch+1","Dagger Spray+1"],"picked":"Bane","floor":36},{"not_picked":["Outmaneuver","PiercingWail"],"picked":"Endless Agony+1","floor":37},{"not_picked":["Deflect+1","Dagger Spray"],"picked":"Underhanded Strike+1","floor":38},{"not_picked":["TH:DeckOfManyThings"],"picked":"TH:CopperCoins","floor":40},{"not_picked":["All Out Attack+1","Hidden Blade"],"picked":"Storm of Steel","floor":40},{"not_picked":["TH:CopperCoins"],"picked":"TH:EnergyPotion","floor":43},{"not_picked":["TH:TreasureMap"],"picked":"TH:Mimic","floor":45},{"not_picked":["Underhanded Strike+1","Dagger Spray"],"picked":"Dagger Throw+1","floor":45},{"not_picked":["Caltrops+1","PiercingWail"],"picked":"REME_GreenPollution+1","floor":46},{"not_picked":["TH:DeckOfManyThings"],"picked":"TH:EnergyPotion","floor":47},{"not_picked":["Bane+1","Flying Knee+1"],"picked":"ReplayTheSpireMod:Scrap Shanks+1","floor":47},{"not_picked":["Sneak Up","Slice+1"],"picked":"Outmaneuver+1","floor":48},{"not_picked":["TH:CursedSword"],"picked":"TH:CopperCoins","floor":54},{"not_picked":["Distraction","ReplayTheSpireMod:Speed Training+1"],"picked":"Malaise","floor":54}],"player_experience":198605,"relics_obtained":[{"floor":6,"key":"Oddly Smooth Stone"},{"floor":8,"key":"Replay:Bandana"},{"floor":23,"key":"REME_HandOfSuture"},{"floor":25,"key":"MealTicket"},{"floor":26,"key":"Gremlin Food"},{"floor":28,"key":"Whetstone"},{"floor":30,"key":"Dota2Spire:ArmletOfMordiggian"},{"floor":40,"key":"Chameleon Ring"},{"floor":43,"key":"aspiration:FetidBarrel"},{"floor":45,"key":"Replay:Ringing Soul"},{"floor":47,"key":"Dota2Spire:BlackKingBar"},{"floor":54,"key":"Replay:Kaleidoscope"}],"event_choices":[{"cards_removed":["Defend_G"],"damage_healed":0,"gold_gain":0,"player_choice":"Purged","damage_taken":0,"max_hp_gain":0,"max_hp_loss":0,"event_name":"Purifier","floor":2,"gold_loss":0},{"damage_healed":0,"gold_gain":0,"player_choice":"Take Wound","damage_taken":0,"relics_obtained":["Golden Idol"],"max_hp_gain":0,"max_hp_loss":0,"event_name":"Golden Idol","floor":11,"gold_loss":0,"cards_obtained":["Injury"]},{"damage_healed":0,"gold_gain":0,"player_choice":"Ignored","damage_taken":0,"max_hp_gain":0,"max_hp_loss":0,"event_name":"Vampires","floor":22,"gold_loss":0},{"cards_removed":["TH:ArmorSpikes"],"damage_healed":13,"gold_gain":0,"player_choice":"Offered Rare","damage_taken":0,"max_hp_gain":10,"max_hp_loss":0,"event_name":"Bonfire Elementals","floor":29,"gold_loss":0}],"is_beta":false,"boss_relics":[{"not_picked":["Calling Bell","Runic Dome"],"picked":"relicPack:KazumaCape"},{"not_picked":["Fusion Hammer","Runic Pyramid"],"picked":"Philosopher\u0027s Stone"}],"items_purged_floors":[5,5,5,14,14,41],"is_endless":false,"potions_floor_spawned":[1,8,16,23,25,28,30,38,40,46],"ascension_level":3}}