{"host":"8by3m8mve9y2rhh4","time":1610553754,"event":{"mods":["BaseMod","Minty Spire (QoL Compilation)","Quick Restart"],"gold_per_floor":[13,13,13,32,47,73,73,92,92,92,24,53,53,53,53,155,205,219,229,229,229,243,274,47,82,106,106,24,54,4,21,21,122,122,132,132,132,142,14,14,44,44,67,67,95,111,123,134,134,134,134,134,15,43,43,43],"floor_reached":55,"language":"ENG","playtime":1878,"items_purged":["Strike_G","Dagger Spray","Defend_G","Dagger Spray"],"score":883,"play_id":"61066c59-14bb-437d-a182-db70089ce5ea","local_time":"20210113160234","is_ascension_mode":true,"campfire_choices":[{"data":"Phantasmal Killer","floor":7,"key":"SMITH"},{"floor":10,"key":"RECALL"},{"floor":13,"key":"REST"},{"data":"Infinite Blades","floor":15,"key":"SMITH"},{"data":"Terror","floor":27,"key":"SMITH"},{"floor":32,"key":"REST"},{"data":"Infinite Blades","floor":40,"key":"SMITH"},{"data":"Accuracy","floor":42,"key":"SMITH"},{"data":"Doppelganger","floor":44,"key":"SMITH"},{"data":"Envenom","floor":49,"key":"SMITH"},{"data":"Cloak And Dagger","floor":52,"key":"SMITH"}],"circlet_count":0,"master_deck":["Defend_G","Defend_G","Defend_G","Defend_G+1","Survivor","Neutralize","Terror+1","Phantasmal Killer+1","Blade Dance","Infinite Blades+1","Escape Plan","Acrobatics+1","Cloak And Dagger+1","Blade Dance","Doppelganger+1","Blade Dance+1","Escape Plan+1","Accuracy+1","Dodge and Roll","Infinite Blades+1","Riddle With Holes+1","Escape Plan+1","Backstab+1","Leg Sweep+1","Envenom+1","Accuracy","Blur"],"relics":["Ring of the Serpent","Tingsha","Shuriken","Mercury Hourglass","Juzu Bracelet","Ninja Scroll","Tiny House","FossilizedHelix","Oddly Smooth Stone","Sundial","Smiling Mask","Molten Egg 2","Pantograph","InkBottle","Anchor"],"acts_visited":["Exordium","TheCity","TheBeyond","TheEnding"],"potions_floor_usage":[6,22,33,35,38,41,41,41,48,50,50,50],"damage_taken":[{"damage":0,"enemies":"2 Louse","floor":1,"turns":3},{"damage":0,"enemies":"Jaw Worm","floor":4,"turns":4},{"damage":1,"enemies":"Cultist","floor":5,"turns":3},{"damage":8,"enemies":"Gremlin Nob","floor":6,"turns":3},{"damage":6,"enemies":"3 Louse","floor":8,"turns":2},{"damage":13,"enemies":"3 Sentries","floor":12,"turns":4},{"damage":26,"enemies":"Hexaghost","floor":16,"turns":5},{"damage":0,"enemies":"Spheric Guardian","floor":18,"turns":2},{"damage":2,"enemies":"Chosen","floor":19,"turns":3},{"damage":0,"enemies":"3 Cultists","floor":22,"turns":2},{"damage":16,"enemies":"Book of Stabbing","floor":23,"turns":3},{"damage":0,"enemies":"Gremlin Leader","floor":25,"turns":5},{"damage":14,"enemies":"Book of Stabbing","floor":29,"turns":3},{"damage":0,"enemies":"Centurion and Healer","floor":31,"turns":3},{"damage":23,"enemies":"Champ","floor":33,"turns":5},{"damage":0,"enemies":"Orb Walker","floor":35,"turns":2},{"damage":0,"enemies":"3 Darklings","floor":38,"turns":3},{"damage":0,"enemies":"Reptomancer","floor":41,"turns":2},{"damage":0,"enemies":"Nemesis","floor":45,"turns":3},{"damage":0,"enemies":"Spire Growth","floor":46,"turns":3},{"damage":0,"enemies":"4 Shapes","floor":47,"turns":4},{"damage":0,"enemies":"Jaw Worm Horde","floor":48,"turns":3},{"damage":43,"enemies":"Time Eater","floor":50,"turns":5},{"damage":37,"enemies":"Shield and Spear","floor":54,"turns":4},{"damage":74,"enemies":"The Heart","floor":55,"turns":5}],"seed_played":"6765190412561741684","potions_obtained":[{"floor":1,"key":"Swift Potion"},{"floor":12,"key":"BlessingOfTheForge"},{"floor":16,"key":"BlessingOfTheForge"},{"floor":17,"key":"FearPotion"},{"floor":23,"key":"SmokeBomb"},{"floor":29,"key":"SkillPotion"},{"floor":33,"key":"SteroidPotion"},{"floor":38,"key":"EntropicBrew"},{"floor":46,"key":"AttackPotion"},{"floor":47,"key":"PowerPotion"},{"floor":48,"key":"Energy Potion"}],"is_trial":false,"path_per_floor":["M","?","?","M","M","E","R","M","T","R","$","E","R","?","R","B",null,"M","M","?","?","M","E","$","E","T","R","$","E","$","M","R","B",null,"M","?","?","M","$","R","E","R","T","R","E","M","M","M","R","B",null,"R","$","E","B"],"character_chosen":"THE_SILENT","items_purchased":["Infinite Blades","Oddly Smooth Stone","Accuracy","Backstab+1","Accuracy"],"campfire_rested":2,"item_purchase_floors":[11,24,28,39,53],"current_hp_per_floor":[70,70,70,70,69,61,61,55,55,55,55,42,63,63,63,37,75,75,73,73,73,73,57,57,57,57,57,57,43,43,43,65,42,75,75,75,75,75,75,75,75,75,75,75,75,75,75,75,75,32,75,75,75,38,0,0],"gold":43,"neow_bonus":"ONE_RARE_RELIC","is_daily":false,"chose_seed":false,"campfire_upgraded":8,"win_rate":0.0,"timestamp":1610553754,"path_taken":["M","?","?","M","?","E","R","M","T","R","$","E","R","?","R","BOSS","M","M","?","?","M","E","$","E","T","R","?","E","$","M","R","BOSS","M","?","?","M","$","R","E","R","T","R","E","M","M","M","R","BOSS","R","$","E","BOSS"],"items_purchased_type":["Card","Relic","Card","Card","Card"],"build_version":"2020-12-22","purchased_purges":4,"victory":false,"max_hp_per_floor":[70,70,70,70,70,70,70,70,70,70,70,70,70,70,70,70,75,75,75,75,75,75,75,75,75,75,75,75,75,75,75,75,75,75,75,75,75,75,75,75,75,75,75,75,75,75,75,75,75,75,75,75,75,75,75,75],"card_choices":[{"not_picked":["Endless Agony","Flying Knee"],"picked":"Dagger Spray","floor":1},{"not_picked":["Quick Slash","Expertise"],"picked":"Blade Dance","floor":4},{"not_picked":["Dash","Underhanded Strike"],"picked":"Dagger Spray","floor":5},{"not_picked":["Quick Slash","Terror"],"picked":"Dagger Spray","floor":6},{"not_picked":["Flying Knee","Bane","Skewer"],"picked":"SKIP","floor":8},{"not_picked":["Bouncing Flask","Underhanded Strike","Sucker Punch"],"picked":"SKIP","floor":12},{"not_picked":["PiercingWail","Catalyst"],"picked":"Escape Plan","floor":17},{"not_picked":["Calculated Gamble","Dodge and Roll"],"picked":"Acrobatics+1","floor":18},{"not_picked":["Poisoned Stab","Escape Plan"],"picked":"Cloak And Dagger","floor":19},{"not_picked":["Bane","Sucker Punch"],"picked":"Blade Dance+1","floor":22},{"not_picked":["Backflip","Cloak And Dagger"],"picked":"Escape Plan+1","floor":23},{"not_picked":["Leg Sweep","Blade Dance","Backflip"],"picked":"SKIP","floor":25},{"not_picked":["Deflect","Endless Agony+1"],"picked":"Dodge and Roll","floor":29},{"not_picked":["All Out Attack+1","Dagger Spray+1"],"picked":"Infinite Blades","floor":31},{"not_picked":["Finisher+1","Deadly Poison+1"],"picked":"Riddle With Holes+1","floor":35},{"not_picked":["Concentrate","Crippling Poison+1"],"picked":"Escape Plan+1","floor":38},{"not_picked":["Blade Dance","Dagger Spray+1"],"picked":"Leg Sweep+1","floor":41},{"not_picked":["Bullet Time","Flechettes+1"],"picked":"Envenom","floor":45},{"not_picked":["Blur","Acrobatics","Dash+1"],"picked":"SKIP","floor":46},{"not_picked":["Concentrate","Backflip","Dodge and Roll"],"picked":"SKIP","floor":47},{"not_picked":["Underhanded Strike+1","Bane+1","Acrobatics+1"],"picked":"SKIP","floor":48},{"not_picked":["Blade Dance","Heel Hook+1"],"picked":"Blur","floor":54}],"player_experience":701284,"relics_obtained":[{"floor":6,"key":"Shuriken"},{"floor":9,"key":"Mercury Hourglass"},{"floor":12,"key":"Juzu Bracelet"},{"floor":14,"key":"Ninja Scroll"},{"floor":23,"key":"FossilizedHelix"},{"floor":25,"key":"Sundial"},{"floor":26,"key":"Smiling Mask"},{"floor":29,"key":"Molten Egg 2"},{"floor":41,"key":"Pantograph"},{"floor":45,"key":"InkBottle"},{"floor":54,"key":"Anchor"}],"event_choices":[{"damage_healed":0,"gold_gain":0,"cards_transformed":["Strike_G"],"player_choice":"Change","damage_taken":0,"max_hp_gain":0,"max_hp_loss":0,"event_name":"Living Wall","floor":2,"gold_loss":0,"cards_obtained":["Terror"]},{"damage_healed":0,"gold_gain":0,"cards_transformed":["Strike_G"],"player_choice":"Transformed","damage_taken":0,"max_hp_gain":0,"max_hp_loss":0,"event_name":"Transmorgrifier","floor":3,"gold_loss":0,"cards_obtained":["Phantasmal Killer"]},{"damage_healed":0,"gold_gain":0,"player_choice":"Relic","damage_taken":0,"max_hp_gain":0,"max_hp_loss":0,"event_name":"Wheel of Change","floor":14,"gold_loss":0},{"damage_healed":0,"gold_gain":0,"player_choice":"Ignored","damage_taken":0,"max_hp_gain":0,"max_hp_loss":0,"event_name":"Ghosts","floor":20,"gold_loss":0},{"damage_healed":0,"gold_gain":0,"cards_transformed":["Strike_G","Strike_G"],"player_choice":"Became Test Subject","damage_taken":0,"max_hp_gain":0,"max_hp_loss":0,"event_name":"Drug Dealer","floor":21,"gold_loss":0,"cards_obtained":["Blade Dance","Doppelganger"]},{"cards_removed":["Dagger Spray"],"damage_healed":0,"gold_gain":0,"player_choice":"Removed Attack","damage_taken":0,"max_hp_gain":0,"max_hp_loss":0,"event_name":"Falling","floor":36,"gold_loss":0},{"damage_healed":0,"gold_gain":0,"player_choice":"Ignored","damage_taken":0,"max_hp_gain":0,"max_hp_loss":0,"event_name":"Tomb of Lord Red Mask","floor":37,"gold_loss":0}],"is_beta":false,"boss_relics":[{"not_picked":["Busted Crown","Cursed Key"],"picked":"Tiny House"},{"not_picked":["Velvet Choker","Pandora\u0027s Box"],"picked":"Ring of the Serpent"}],"items_purged_floors":[24,30,39,53],"is_endless":false,"potions_floor_spawned":[1,12,16,23,29,31,33,38,46,47,48],"killed_by":"The Heart","ascension_level":1}}