{"host":"4rvakrj1idbgia3f","time":1610554851,"event":{"mods":["BaseMod","Colored Map","Colored Powertips","DeckTracker","Highlight Path","Minty Spire (QoL Compilation)","Random Character Button","StSLib"],"gold_per_floor":[15,15,33,56,71,71,90,90,90,90,130,55,96,114,114,210,210,224,238,238,238,238],"floor_reached":21,"language":"JPN","playtime":1196,"items_purged":[],"score":432,"play_id":"da43f39b-60a7-414f-88d2-fc5106de57f8","local_time":"20210114012051","is_ascension_mode":true,"campfire_choices":[{"data":"Eruption","floor":6.0,"key":"SMITH"},{"data":"Vigilance","floor":8,"key":"SMITH"},{"data":"CutThroughFate","floor":10,"key":"SMITH"},{"data":"TalkToTheHand","floor":15,"key":"SMITH"}],"circlet_count":0,"master_deck":["AscendersBane","Strike_P","Strike_P","Defend_P","Defend_P","Defend_P","Eruption+1","Vigilance+1","CutThroughFate+1","InnerPeace","ClearTheMind","FearNoEvil","Evaluate","CutThroughFate","WaveOfTheHand","TalkToTheHand+1","DevaForm","EmptyMind","Consecrate"],"relics":["PureWater","Bloody Idol","Toy Ornithopter","Vajra","Meat on the Bone","SacredBark"],"acts_visited":["Exordium","TheCity"],"potions_floor_usage":[13,19],"damage_taken":[{"damage":3.0,"enemies":"Small Slimes","floor":1.0,"turns":4.0},{"damage":2.0,"enemies":"Jaw Worm","floor":3.0,"turns":5.0},{"damage":0.0,"enemies":"Cultist","floor":4.0,"turns":2.0},{"damage":4.0,"enemies":"Looter","floor":5.0,"turns":3.0},{"damage":0,"enemies":"2 Fungi Beasts","floor":7,"turns":2},{"damage":12,"enemies":"Lagavulin","floor":11,"turns":6},{"damage":0,"enemies":"Gremlin Nob","floor":13,"turns":2},{"damage":1,"enemies":"Lots of Slimes","floor":14,"turns":4},{"damage":14,"enemies":"The Guardian","floor":16,"turns":14},{"damage":10,"enemies":"3 Byrds","floor":18,"turns":6},{"damage":0,"enemies":"2 Thieves","floor":19,"turns":5},{"damage":56,"enemies":"Cultist and Chosen","floor":21,"turns":7}],"seed_played":"-3999913062829762263","potions_obtained":[{"floor":5.0,"key":"StancePotion"},{"floor":13,"key":"Energy Potion"},{"floor":14,"key":"GamblersBrew"},{"floor":18,"key":"Block Potion"}],"is_trial":false,"path_per_floor":["M","?","M","M","M","R","M","R","T","R","E","?","E","M","R","B",null,"M","M","?","M"],"character_chosen":"WATCHER","items_purchased":[],"campfire_rested":0,"item_purchase_floors":[],"current_hp_per_floor":[58,58,56,56,52,52,52,52,52,52,40,40,45,44,44,42,57,47,52,52,0,0],"gold":238,"neow_bonus":"REMOVE_TWO","is_daily":false,"chose_seed":false,"campfire_upgraded":4,"win_rate":0.0,"timestamp":1610554851,"path_taken":["M","?","M","M","M","R","M","R","T","R","E","?","E","M","R","BOSS","M","M","?","M"],"items_purchased_type":[],"build_version":"2020-12-22","purchased_purges":0,"victory":false,"max_hp_per_floor":[68,62,62,62,62,62,62,62,62,62,62,62,62,62,62,62,62,62,62,62,62,62],"card_choices":[{"not_picked":["Crescendo","FlurryOfBlows"],"picked":"CutThroughFate","floor":1.0},{"not_picked":["Wireheading","Prostrate"],"picked":"InnerPeace","floor":3.0},{"not_picked":["Prostrate","Indignation"],"picked":"ClearTheMind","floor":4.0},{"not_picked":["Devotion","Indignation"],"picked":"FearNoEvil","floor":5.0},{"not_picked":["Prostrate","CrushJoints"],"picked":"Evaluate","floor":7},{"not_picked":["Establishment","Swivel"],"picked":"CutThroughFate","floor":11},{"not_picked":["CutThroughFate","FlurryOfBlows"],"picked":"WaveOfTheHand","floor":13},{"not_picked":["WindmillStrike","Protect"],"picked":"TalkToTheHand","floor":14},{"not_picked":["Alpha","Wish"],"picked":"DevaForm","floor":16},{"not_picked":["Worship","EmptyBody"],"picked":"EmptyMind","floor":18},{"not_picked":["CrushJoints","Perseverance"],"picked":"Consecrate","floor":19}],"player_experience":2018855,"relics_obtained":[{"floor":9,"key":"Toy Ornithopter"},{"floor":11,"key":"Vajra"},{"floor":13,"key":"Meat on the Bone"}],"event_choices":[{"damage_healed":0.0,"max_hp_gain":0.0,"max_hp_loss":6.0,"gold_gain":0.0,"event_name":"Golden Idol","player_choice":"Lose Max HP","floor":2.0,"gold_loss":0.0,"damage_taken":0.0,"relics_obtained":["Golden Idol"]},{"cards_removed":["Strike_P"],"damage_healed":0,"gold_gain":0,"player_choice":"Card Removal","damage_taken":0,"max_hp_gain":0,"max_hp_loss":0,"event_name":"The Cleric","floor":12,"gold_loss":75},{"damage_healed":0,"gold_gain":0,"player_choice":"Gave Idol","damage_taken":0,"relics_obtained":["Bloody Idol"],"max_hp_gain":0,"max_hp_loss":0,"event_name":"Forgotten Altar","floor":20,"relics_lost":["Golden Idol"],"gold_loss":0}],"is_beta":false,"boss_relics":[{"not_picked":["Pandora\u0027s Box","Velvet Choker"],"picked":"SacredBark"}],"items_purged_floors":[],"is_endless":false,"potions_floor_spawned":[5,13,14,18],"killed_by":"Cultist and Chosen","ascension_level":20}}