{"host":"3sy7znbn119ou4bz","time":1610511183,"event":{"mods":["Arknights The Spire","BaseMod","BetterRewards","Dio Mod","Energized Spire","Hermit","HexUI Lib","Hubris","Infinite Spire","JesterMod","KinomotoSakuraMod(????)","Luminous","Minty Spire (QoL Compilation)","Prisma Mod","Railgun Mod","Replay The Spire","Shop Mod","StSLib","The Construct","The Exalted","The Fake Hero","The Kombatant","TheHero","TheSwordswoman","vexMod"],"gold_per_floor":[118,118,118,133,133,159,159,184,184,204,214,214,229,246,246,350,350,363,377,377,377,86,113,113,113,188,188,188,188],"floor_reached":28,"language":"ENG","playtime":2130,"items_purged":["vexMod:UltimateCard"],"score":271,"play_id":"d359326c-3ff7-49cf-9686-e5f063c010d4","local_time":"20210112231303","is_ascension_mode":false,"campfire_choices":[{"data":"dioMod:SecretPlan","floor":7,"key":"SMITH"},{"data":"dioMod:VengefulMuda","floor":12,"key":"SMITH"},{"data":"dioMod:StreetSign","floor":15,"key":"SMITH"},{"data":"dioMod:TheWalk","floor":24,"key":"SMITH"}],"circlet_count":0,"master_deck":["dioMod:Strike","dioMod:Strike","dioMod:Strike","dioMod:Strike","Bite+1","dioMod:Defend","dioMod:Defend","dioMod:Defend+1","dioMod:Defend","dioMod:SecretPlan+1","infinitespire:Fortify","dioMod:Muda","dioMod:Muda","dioMod:CutDeep","dioMod:DarkRebirth","dioMod:VengefulMuda+1","dioMod:PathToHeaven","dioMod:StreetSign+1","dioMod:TheWalk+1","dioMod:LaserVision","dioMod:CautiousMuda+1","dioMod:Diversion","dioMod:ZaWarudo","dioMod:Refresh","Normality","RitualDagger"],"relics":["dioMod:VampireBlood","Replay:Wax Seal","PreservedInsect","ReplayTheSpireMod:Shallot","Bottled Lightning","energizedSpire:CursedPentagram","infinitespire:EmpoweringShard","MealTicket","hubris:Icosahedron","hubris:TinFlute"],"acts_visited":["Exordium","TheCity"],"potions_floor_usage":[6,14,16,28],"damage_taken":[{"damage":6,"enemies":"Jaw Worm","floor":1,"turns":4},{"damage":0,"enemies":"Small Slimes","floor":4,"turns":4},{"damage":52,"enemies":"Lagavulin","floor":6,"turns":9},{"damage":5,"enemies":"3 Sentries","floor":8,"turns":5},{"damage":0,"enemies":"2 Louse","floor":10,"turns":2},{"damage":0,"enemies":"Gremlin Gang","floor":11,"turns":6},{"damage":0,"enemies":"Looter","floor":13,"turns":2},{"damage":23,"enemies":"Blue Slaver","floor":14,"turns":7},{"damage":43,"enemies":"Hexaghost","floor":16,"turns":9},{"damage":15,"enemies":"Chosen","floor":18,"turns":5},{"damage":0,"enemies":"3 Byrds","floor":19,"turns":4},{"damage":0,"enemies":"Book of Stabbing","floor":23,"turns":4},{"damage":59,"enemies":"Nightmare","floor":28,"turns":7}],"seed_played":"8832765428343788849","potions_obtained":[{"floor":1,"key":"Adrenaline Potion"},{"floor":10,"key":"dioMod:HumanBlood"},{"floor":11,"key":"Energy Potion"},{"floor":13,"key":"LiquidMemories"},{"floor":16,"key":"Energy Potion"},{"floor":19,"key":"Dexterity Potion"}],"is_trial":false,"path_per_floor":["M","?","?","M","?","E","R","E","T","M","M","R","M","M","R","B",null,"M","M","?","?","$","E","R","?","T","?","NM"],"character_chosen":"THE_DEFAULT","items_purchased":["dioMod:Diversion","dioMod:ZaWarudo"],"campfire_rested":0,"item_purchase_floors":[22,22],"current_hp_per_floor":[73,58,39,51,51,17,17,27,27,36,57,57,63,49,49,24,75,63,75,75,61,61,67,67,67,67,61,8,8],"gold":188,"neow_bonus":"RANDOM_COMMON_RELIC","is_daily":false,"chose_seed":false,"campfire_upgraded":4,"win_rate":0.0,"timestamp":1610511183,"path_taken":["M","?","?","M","?","E","R","E","T","M","M","R","?","M","R","BOSS","M","M","?","?","$","E","R","?","T","?","NM"],"items_purchased_type":["Card","Card"],"build_version":"2020-12-22","purchased_purges":1,"victory":false,"max_hp_per_floor":[75,75,75,75,75,75,75,75,75,75,75,75,75,75,75,75,75,75,75,75,80,80,80,80,80,80,80,80,80],"card_choices":[{"not_picked":["dioMod:DisarmingVoice","dioMod:CoffinBath"],"picked":"dioMod:SecretPlan","floor":1},{"not_picked":["infinitespire:SealOfDarkness+","infinitespire:Menacing"],"picked":"infinitespire:Fortify","floor":3},{"not_picked":["dioMod:DaggerToss","dioMod:StreetSign"],"picked":"dioMod:Muda","floor":4},{"not_picked":["dioMod:DisarmingVoice","dioMod:CutDeep"],"picked":"dioMod:Muda","floor":6},{"not_picked":["dioMod:TripleThreat","dioMod:DaggerSpree"],"picked":"dioMod:CutDeep","floor":8},{"not_picked":["dioMod:DaggerToss","dioMod:BloodSuck"],"picked":"dioMod:DarkRebirth","floor":10},{"not_picked":["dioMod:Roundabout","dioMod:SecretPlan"],"picked":"dioMod:VengefulMuda","floor":11},{"not_picked":["dioMod:SadisticLaugh","dioMod:Minions"],"picked":"dioMod:PathToHeaven","floor":13},{"not_picked":["dioMod:BloodShield","dioMod:LaserVision"],"picked":"dioMod:StreetSign","floor":14},{"not_picked":["dioMod:ZaWarudo","dioMod:KonoDioDa"],"picked":"dioMod:TheWalk","floor":16},{"not_picked":["dioMod:CutDeep","dioMod:VengefulMuda"],"picked":"dioMod:LaserVision","floor":18},{"not_picked":["dioMod:GoodbyeJojo","dioMod:StreetSign+1"],"picked":"dioMod:CautiousMuda+1","floor":19},{"not_picked":["dioMod:VengefulMuda","dioMod:DaggerToss"],"picked":"dioMod:Refresh","floor":23}],"player_experience":22734,"relics_obtained":[{"floor":6,"key":"PreservedInsect"},{"floor":8,"key":"ReplayTheSpireMod:Shallot"},{"floor":9,"key":"Bottled Lightning"},{"floor":23,"key":"MealTicket"},{"floor":26,"key":"hubris:TinFlute"}],"event_choices":[{"damage_healed":0,"gold_gain":0,"player_choice":"Entered Light","damage_taken":15,"max_hp_gain":0,"max_hp_loss":0,"event_name":"Shining Light","floor":2,"gold_loss":0,"cards_upgraded":["dioMod:Defend","Bite"]},{"damage_healed":0,"gold_gain":0,"player_choice":"Ignored","damage_taken":0,"max_hp_gain":0,"max_hp_loss":0,"event_name":"NoteForYourself","floor":5,"gold_loss":0},{"damage_healed":0,"gold_gain":0,"player_choice":"Shed Blood","damage_taken":19,"max_hp_gain":5,"max_hp_loss":0,"event_name":"Forgotten Altar","floor":21,"gold_loss":0},{"damage_healed":0,"gold_gain":0,"player_choice":"Joined the Cult","damage_taken":6,"max_hp_gain":0,"max_hp_loss":0,"event_name":"Nest","floor":27,"gold_loss":0,"cards_obtained":["RitualDagger"]}],"is_beta":false,"boss_relics":[{"not_picked":["Bromod:ArcaneBarrier","vexMod:MegatonBomb"],"picked":"energizedSpire:CursedPentagram"}],"items_purged_floors":[22],"is_endless":false,"potions_floor_spawned":[1,10,11,13,16,19],"killed_by":"Nightmare","ascension_level":0}}