{"host":"2ulm0pyp8jok7fk5","time":1610517102,"event":{"mods":["Act Like it!","Arknights The Spire","BaseMod","Decade(Õı–°√˜)","Gensokyo","Koishi","Marisa£®ÏF”Í°°ƒß¿Ì…≥£©","Minty Spire (QoL Compilation)","Reimu£®≤©¿ˆ¡È√Œ£©","Remilia£®¿Ÿ√◊¿Ú—«£©","Replay The Spire","Shop Mod","Spicy Shops","StSLib","The Bug Knight","The Hierophant","The Servant 0.9.4","Waifu the Spire","Youmu£®ªÍ∆«—˝√Œ£©","Yuyuko"],"gold_per_floor":[118,19,39,39,63,63,143,43,119,137,161,179,179,179,179,179,179],"floor_reached":16,"language":"ZHS","playtime":643,"items_purged":["Magnetism","ats:Strike G"],"score":92,"play_id":"d01fe496-9cbe-4f1a-80fa-dda547c726f2","local_time":"20210113135142","daily_mods":["Allstar","Colorless Cards","Heirloom","Time Dilation"],"is_ascension_mode":false,"campfire_choices":[{"floor":6,"key":"REST"},{"floor":13,"key":"REST"},{"data":"ats:Part Time Job","floor":15,"key":"SMITH"}],"circlet_count":0,"master_deck":["ats:Strike S","ats:Armor Crushing Shot","ats:Defend","ats:Defend","ats:Defend","ats:Emotion Absorption","Enlightenment","Sadistic Nature","Mayhem+1","Poisoned Strike","ats:Poison Spread","ats:Flexible Camouflage","Dramatic Entrance","ats:Directed Diagnosis","ats:Consecutive Shot Auto","ats:Shell Defense","ats:Apocalypse","ats:Part Time Job+1","Good Instincts"],"relics":["ats:Sanity","Replay:PocketPolymizer","Golden Idol","Mirror"],"acts_visited":["Exordium"],"potions_floor_usage":[],"damage_taken":[{"damage":2,"enemies":"Cultist","floor":1,"turns":4},{"damage":0,"enemies":"Small Slimes","floor":3,"turns":2},{"damage":1,"enemies":"Jaw Worm","floor":5,"turns":3},{"damage":15,"enemies":"Red Slaver","floor":10,"turns":5},{"damage":14,"enemies":"Blue Slaver","floor":11,"turns":3},{"damage":10,"enemies":"Looter","floor":12,"turns":3},{"damage":95,"enemies":"Fading Forest","floor":16,"turns":9}],"seed_played":"846204045893780888","potions_obtained":[{"floor":5,"key":"LiquidBronze"},{"floor":11,"key":"Swift Potion"},{"floor":12,"key":"Cursed Concoction"}],"is_trial":true,"path_per_floor":["M","$","M","?","M","R","?","$","T","M","M","M","R","?","R","B"],"character_chosen":"DOCTOR_CLASS","items_purchased":["ats:Flexible Camouflage"],"campfire_rested":2,"item_purchase_floors":[2],"current_hp_per_floor":[70,70,70,52,51,72,72,72,72,59,47,39,60,60,60,0,0],"gold":179,"neow_bonus":"","is_daily":false,"chose_seed":false,"campfire_upgraded":1,"win_rate":0.0,"timestamp":1610517102,"path_taken":["M","$","M","?","M","R","?","$","T","M","M","M","R","?","R","BOSS"],"items_purchased_type":["Card"],"build_version":"2020-12-22","purchased_purges":2,"victory":false,"max_hp_per_floor":[72,72,72,72,72,72,72,72,72,72,72,72,72,72,72,72,72],"card_choices":[{"not_picked":["Flash of Steel","Discovery"],"picked":"ats:Poison Spread","floor":1},{"not_picked":["ats:Assault Order","ats:Guardian Obelisk","ats:Apocalypse"],"picked":"SKIP","floor":3},{"not_picked":["ats:Flexible Camouflage","ats:Flame Of Heaven"],"picked":"Dramatic Entrance","floor":5},{"not_picked":["ats:Assault Order","Secret Weapon"],"picked":"ats:Consecutive Shot Auto","floor":10},{"not_picked":["ats:Healing Strengthening","Replay:Sssssssssshield"],"picked":"ats:Shell Defense","floor":11},{"not_picked":["Survey Options","ats:Consecutive Shot Auto"],"picked":"ats:Apocalypse","floor":12}],"player_experience":87328,"relics_obtained":[{"floor":9,"key":"Mirror"}],"event_choices":[{"damage_healed":0,"gold_gain":0,"player_choice":"Take Damage","damage_taken":18,"relics_obtained":["Golden Idol"],"max_hp_gain":0,"max_hp_loss":0,"event_name":"Golden Idol","floor":4,"gold_loss":0},{"damage_healed":0,"gold_gain":0,"player_choice":"Upgraded","damage_taken":0,"max_hp_gain":0,"max_hp_loss":0,"event_name":"Upgrade Shrine","floor":14,"gold_loss":0,"cards_upgraded":["Mayhem"]}],"is_beta":false,"boss_relics":[],"items_purged_floors":[2,8],"is_endless":false,"potions_floor_spawned":[5,11,12],"killed_by":"Fading Forest","ascension_level":0}}