{"host":"81vb4cbob60wa1na","time":1610535852,"event":{"mods":["BaseMod","Downfall","GifTheSpireLib","Hermit","Highlight Path","Minty Spire (QoL Compilation)","StSLib","The Cursed","The Disciple"],"gold_per_floor":[119,139,314,314,329,329,329,6,6,6,6,40,40,55,55,55,55],"floor_reached":16,"language":"ENG","playtime":475,"items_purged":["Doubt"],"score":98,"play_id":"fad6bea1-58ae-4f68-a1cb-4ee33a7a675b","local_time":"20210113060412","is_ascension_mode":false,"campfire_choices":[{"data":"LockedWarPaint","floor":6,"key":"SMITH"},{"data":"AlternateTimeline","floor":11,"key":"SMITH"},{"floor":13,"key":"REST"},{"floor":15,"key":"REST"}],"circlet_count":0,"master_deck":["Accelerando","Allegro","Strike_Br","Strike_Br+1","Strike_Br","Strike_Br","Defend_Br","Defend_Br","Defend_Br","SecondHand+1","PatternShift","BeatsPerMinute","EscortCommand","AlternateTimeline+1","LockedWarPaint+1","Injury","BlueShift","LockedMercury"],"relics":["Chronometer","NeowsBlessing","Golden Idol","Shuriken","Mango","Darkstone Periapt"],"acts_visited":["Exordium"],"potions_floor_usage":[14,16],"damage_taken":[{"damage":0,"enemies":"2 Louse","floor":1,"turns":1},{"damage":0,"enemies":"Jaw Worm","floor":2,"turns":1},{"damage":0,"enemies":"Cultist","floor":5,"turns":1},{"damage":44,"enemies":"Gremlin Nob","floor":12,"turns":6},{"damage":0,"enemies":"Exordium Wildlife","floor":14,"turns":2},{"damage":67,"enemies":"The Guardian","floor":16,"turns":18}],"seed_played":"-2716871134639778212","potions_obtained":[{"floor":5,"key":"DistilledChaos"},{"floor":12,"key":"Explosive Potion"}],"is_trial":false,"path_per_floor":["M","M","?","?","M","R","?","$","T","?","R","E","R","M","R","B"],"character_chosen":"CHRONO_CLASS","items_purchased":["Shuriken"],"campfire_rested":2,"item_purchase_floors":[8],"current_hp_per_floor":[65,65,65,65,65,65,65,65,79,63,63,19,42,42,65,0,0],"gold":55,"neow_bonus":"THREE_ENEMY_KILL","is_daily":false,"chose_seed":false,"campfire_upgraded":2,"win_rate":0.0,"timestamp":1610535852,"path_taken":["M","M","?","?","?","R","?","$","T","?","R","E","R","M","R","BOSS"],"items_purchased_type":["Relic"],"build_version":"2020-12-22","purchased_purges":1,"victory":false,"max_hp_per_floor":[65,65,65,65,65,65,65,65,79,79,79,79,79,79,79,79,79],"card_choices":[{"not_picked":["BiteCommand","HandsUpC"],"picked":"BeatsPerMinute","floor":1},{"not_picked":["BiteCommand","Keepsakes"],"picked":"EscortCommand","floor":2},{"not_picked":["Echoward","CrunchTime"],"picked":"LockedWarPaint","floor":5},{"not_picked":["LockedBlood","HandsUpB"],"picked":"BlueShift","floor":12},{"not_picked":["PrimeTime","ExoVibe"],"picked":"LockedMercury","floor":14}],"player_experience":219980,"relics_obtained":[{"floor":9,"key":"Mango"},{"floor":12,"key":"Darkstone Periapt"}],"event_choices":[{"damage_healed":0,"gold_gain":175,"player_choice":"AGREE","damage_taken":0,"max_hp_gain":0,"max_hp_loss":0,"event_name":"Liars Game","floor":3,"gold_loss":0,"cards_obtained":["Doubt"]},{"damage_healed":0,"gold_gain":0,"cards_transformed":["Defend_Br"],"player_choice":"Transformed","damage_taken":0,"max_hp_gain":0,"max_hp_loss":0,"event_name":"Transmorgrifier","floor":4,"gold_loss":0,"cards_obtained":["AlternateTimeline"]},{"damage_healed":0,"gold_gain":0,"player_choice":"Take Wound","damage_taken":0,"relics_obtained":["Golden Idol"],"max_hp_gain":0,"max_hp_loss":0,"event_name":"Golden Idol","floor":7,"gold_loss":0,"cards_obtained":["Injury"]},{"damage_healed":0,"gold_gain":0,"player_choice":"Entered Light","damage_taken":16,"max_hp_gain":0,"max_hp_loss":0,"event_name":"Shining Light","floor":10,"gold_loss":0,"cards_upgraded":["Strike_Br","SecondHand"]}],"is_beta":false,"boss_relics":[],"items_purged_floors":[8],"is_endless":false,"potions_floor_spawned":[5,12],"killed_by":"The Guardian","ascension_level":0}}