{"host":"daa8jqyg4gqfaysm","time":1610542905,"event":{"mods":["BaseMod","Colored Powertips","Minty Spire (QoL Compilation)","StSLib"],"gold_per_floor":[118,88,100,115,128,128,161,175,175,39,81,81,110,133,133,216,216,243,243,271,161,161,161],"floor_reached":22,"language":"ENG","playtime":765,"items_purged":[],"score":446,"play_id":"f6924cb2-53c4-4999-ab33-055448beef65","local_time":"20210113210145","is_ascension_mode":true,"campfire_choices":[{"data":"Blade Dance","floor":6,"key":"SMITH"},{"data":"Caltrops","floor":12,"key":"SMITH"},{"data":"Cloak And Dagger","floor":15,"key":"SMITH"}],"circlet_count":0,"master_deck":["AscendersBane","Strike_G","Strike_G","Strike_G","Strike_G","Defend_G","Defend_G","Defend_G","Defend_G","Defend_G","Survivor","Neutralize","Finisher","Masterful Stab","Blade Dance+1","Venomology","Dagger Spray","Caltrops+1","Acrobatics","PiercingWail","Tactician","Cloak And Dagger+1","Tools of the Trade","Tactician","Endless Agony+1"],"relics":["SlaversCollar","Sundial","Mummified Hand","CeramicFish","Fusion Hammer"],"acts_visited":["Exordium","TheCity"],"potions_floor_usage":[8,11,13,16,16,18,20,20,22,22],"damage_taken":[{"damage":6,"enemies":"2 Louse","floor":1,"turns":3},{"damage":0,"enemies":"Cultist","floor":3,"turns":3},{"damage":0,"enemies":"Small Slimes","floor":4,"turns":3},{"damage":11,"enemies":"Looter","floor":5,"turns":4},{"damage":7,"enemies":"3 Sentries","floor":7,"turns":8},{"damage":8,"enemies":"Red Slaver","floor":8,"turns":3},{"damage":0,"enemies":"Gremlin Nob","floor":11,"turns":1},{"damage":13,"enemies":"Exordium Thugs","floor":13,"turns":4},{"damage":12,"enemies":"Large Slime","floor":14,"turns":5},{"damage":7,"enemies":"Hexaghost","floor":16,"turns":9},{"damage":1,"enemies":"3 Byrds","floor":18,"turns":4},{"damage":15,"enemies":"Spheric Guardian","floor":20,"turns":4},{"damage":18,"enemies":"Cultist and Chosen","floor":22,"turns":3}],"seed_played":"1649367005892734073","potions_obtained":[{"floor":2,"key":"DuplicationPotion"},{"floor":2,"key":"Energy Potion"},{"floor":16,"key":"EssenceOfSteel"}],"is_trial":false,"path_per_floor":["M","?","M","M","M","R","E","M","T","$","E","R","M","M","R","B",null,"M","?","M","?","M"],"character_chosen":"THE_SILENT","items_purchased":["Caltrops","Acrobatics"],"campfire_rested":0,"item_purchase_floors":[10,10],"current_hp_per_floor":[53,53,53,53,42,42,35,27,27,27,27,27,14,2,2,10,52,51,33,18,18,0,0],"gold":161,"neow_bonus":"BOSS_RELIC","is_daily":false,"chose_seed":false,"campfire_upgraded":3,"win_rate":0.0,"timestamp":1610542905,"path_taken":["M","?","M","?","?","R","E","M","T","$","E","R","M","M","R","BOSS","M","?","M","?","M"],"items_purchased_type":["Card","Card"],"build_version":"2020-12-22","purchased_purges":0,"victory":false,"max_hp_per_floor":[66,66,66,66,66,66,66,66,66,66,66,66,66,66,66,66,66,66,71,71,71,71,71],"card_choices":[{"not_picked":["Prepared","Slice"],"picked":"Finisher","floor":1},{"not_picked":["Cloak And Dagger","Backflip"],"picked":"Masterful Stab","floor":3},{"not_picked":["Dagger Throw","Sucker Punch"],"picked":"Blade Dance","floor":4},{"not_picked":["Underhanded Strike","Deadly Poison","Poisoned Stab"],"picked":"SKIP","floor":5},{"not_picked":["Sucker Punch","Tactician"],"picked":"Venomology","floor":7},{"not_picked":["Prepared","Cloak And Dagger"],"picked":"Dagger Spray","floor":8},{"not_picked":["Dash","Footwork"],"picked":"PiercingWail","floor":11},{"not_picked":["Dagger Throw","Cloak And Dagger"],"picked":"Tactician","floor":13},{"not_picked":["Distraction","Flying Knee"],"picked":"Cloak And Dagger","floor":14},{"not_picked":["Phantasmal Killer","Burst"],"picked":"Tools of the Trade","floor":16},{"not_picked":["Concentrate","Deadly Poison"],"picked":"Tactician","floor":18},{"not_picked":["Outmaneuver","Dodge and Roll"],"picked":"Endless Agony","floor":20}],"player_experience":814149,"relics_obtained":[{"floor":7,"key":"Sundial"},{"floor":9,"key":"Mummified Hand"},{"floor":11,"key":"CeramicFish"}],"event_choices":[{"damage_healed":0,"gold_gain":0,"player_choice":"Bought 2 Potions","damage_taken":0,"max_hp_gain":0,"max_hp_loss":0,"event_name":"The Woman in Blue","floor":2,"gold_loss":0},{"damage_healed":0,"gold_gain":0,"player_choice":"Shed Blood","damage_taken":23,"max_hp_gain":5,"max_hp_loss":0,"event_name":"Forgotten Altar","floor":19,"gold_loss":0},{"cards_removed":["Strike_G"],"damage_healed":0,"gold_gain":0,"player_choice":"Upgrade and Remove","damage_taken":0,"max_hp_gain":0,"max_hp_loss":0,"event_name":"Designer","floor":21,"gold_loss":110,"cards_upgraded":["Endless Agony"]}],"is_beta":false,"boss_relics":[{"not_picked":["Empty Cage","Snecko Eye"],"picked":"Fusion Hammer"}],"items_purged_floors":[],"is_endless":false,"potions_floor_spawned":[3,8,14,16],"killed_by":"Cultist and Chosen","ascension_level":20}}