{"host":"urvvf8749ekcxo1a","time":1610508749,"event":{"mods":["BaseMod","Better Sensory Stone","BetterRewards","Colored Powertips","Evolution","Gold Saver","Marisa????????","Minty Spire (QoL Compilation)","Quick Restart","Replay The Spire","StSLib","The Cursed","The Servant 0.9.4","The Wild Card"],"gold_per_floor":[584,584,600,550,625,668,682,701,701,701,770,306,306,350,350,476,476,496,496,123,137,137,171,96,96,96,129,162,162,162,162,162,162,162],"floor_reached":33,"language":"ENG","playtime":1371,"items_purged":["TheCursedMod:Strike_TheCursed"],"score":287,"play_id":"e93cb7a0-bcaa-4c15-89e8-e59fddb850a5","local_time":"20210112223229","is_ascension_mode":false,"campfire_choices":[{"floor":10,"key":"REST"},{"floor":13,"key":"REST"},{"floor":15,"key":"REST"},{"data":"TheCursedMod:ReleasedStrength","floor":25,"key":"SMITH"},{"floor":29,"key":"REST"},{"data":"TheCursedMod:CleanUpWorkshop","floor":32,"key":"SMITH"}],"circlet_count":0,"master_deck":["TheCursedMod:Stigma","TheCursedMod:Strike_TheCursed","TheCursedMod:Defend_TheCursed","TheCursedMod:Defend_TheCursed","TheCursedMod:Defend_TheCursed","TheCursedMod:Defend_TheCursed","TheCursedMod:CursedWand","TheCursedMod:CleanUpWorkshop+1","TheCursedMod:Dregs","ReplayTheSpireMod:IOU","TheCursedMod:CursedBlade","Injury","TheCursedMod:WearCloak","TheCursedMod:PrepareRite","TheCursedMod:SurpriseAttack","TheCursedMod:ReleasedStrength+1","TheCursedMod:CursedShiv","TheCursedMod:HellfireBreathing+1","TheCursedMod:SpitefulPlan+1","TheCursedMod:CollectTribute+1","TheCursedMod:SurpriseAttack","TheCursedMod:Hemoplague+1","TheCursedMod:LuckyCharm+1","TheCursedMod:Hemoplague+1","TheCursedMod:CursedBlade+1"],"relics":["TheCursedMod:BlackMagicAdvanced","EVO:Axolotl","Pocketwatch","Bloody Idol","White Beast Statue","Frozen Egg 2","Mirror","Golden Egg","Peace Pipe","Du-Vu Doll","Replay:Bottled Flurry","Bronze Scales","Sundial","Red Mask"],"acts_visited":["Exordium","TheCity"],"potions_floor_usage":[11,11,16,18,18,27,28,33,33,33],"damage_taken":[{"damage":6,"enemies":"Jaw Worm","floor":1,"turns":3},{"damage":11,"enemies":"Small Slimes","floor":3,"turns":2},{"damage":28,"enemies":"Gremlin Nob","floor":6,"turns":5},{"damage":6,"enemies":"2 Louse","floor":7,"turns":2},{"damage":4,"enemies":"2 Fungi Beasts","floor":8,"turns":4},{"damage":6,"enemies":"3 Sentries","floor":11,"turns":6},{"damage":14,"enemies":"3 Sentries","floor":14,"turns":5},{"damage":18,"enemies":"Fading Forest","floor":16,"turns":11},{"damage":7,"enemies":"3 Byrds","floor":18,"turns":4},{"damage":7,"enemies":"Shell Parasite","floor":21,"turns":3},{"damage":28,"enemies":"Book of Stabbing","floor":23,"turns":5},{"damage":25,"enemies":"Slavers","floor":27,"turns":3},{"damage":5,"enemies":"Masked Bandits","floor":28,"turns":4},{"damage":55,"enemies":"Champ","floor":33,"turns":6}],"seed_played":"407755983630645743","potions_obtained":[{"floor":7,"key":"SteroidPotion"},{"floor":8,"key":"Reflective Coating"},{"floor":11,"key":"Fruit Juice"},{"floor":16,"key":"LiquidMemories"},{"floor":18,"key":"SteroidPotion"},{"floor":21,"key":"Dexterity Potion"},{"floor":27,"key":"SpeedPotion"},{"floor":28,"key":"ColorlessPotion"}],"is_trial":false,"path_per_floor":["M","?","M","?","?","E","M","M","T","R","?","$","R","E","R","B",null,"M","?","$","M","?","E","$","R","T","E","?","R","?","T","R","B"],"character_chosen":"THE_CURSED","items_purchased":["TheCursedMod:HellfireBreathing+1","Golden Egg","Toxic Potion","Energy Potion","Du-Vu Doll","TheCursedMod:Hemoplague+1"],"campfire_rested":4,"item_purchase_floors":[12,12,12,12,20,20],"current_hp_per_floor":[69,69,58,58,47,19,13,9,9,31,30,30,54,40,64,46,80,73,73,73,71,71,48,48,48,48,28,28,52,52,52,52,0,0],"gold":162,"neow_bonus":"ONE_RARE_RELIC","is_daily":false,"chose_seed":false,"campfire_upgraded":2,"win_rate":0.0,"timestamp":1610508749,"path_taken":["M","?","M","?","?","E","M","M","T","R","?","$","R","E","R","BOSS","M","?","$","M","?","E","?","R","T","E","?","R","?","?","R","BOSS"],"items_purchased_type":["Card","Relic","Potion","Potion","Relic","Card"],"build_version":"2020-12-22","purchased_purges":1,"victory":false,"max_hp_per_floor":[75,75,75,75,75,75,75,75,75,75,80,80,80,80,80,80,80,80,80,80,80,80,80,80,80,80,80,80,80,80,80,80,80,80],"card_choices":[{"not_picked":["TheCursedMod:CircleOfWindfury","TheCursedMod:TacticalStrike"],"picked":"TheCursedMod:CursedBlade","floor":1},{"not_picked":["TheCursedMod:Stretching","TheCursedMod:Wield"],"picked":"TheCursedMod:WearCloak","floor":3},{"not_picked":["TheCursedMod:SoulCrush","TheCursedMod:TacticalStrike"],"picked":"TheCursedMod:PrepareRite","floor":6},{"not_picked":["TheCursedMod:CursedShiv","TheCursedMod:SpreadPlague"],"picked":"TheCursedMod:SurpriseAttack","floor":7},{"not_picked":["TheCursedMod:TacticalStrike","TheCursedMod:Stigma"],"picked":"TheCursedMod:ReleasedStrength","floor":8},{"not_picked":["TheCursedMod:CircleOfAmplification","TheCursedMod:CircleOfFlame"],"picked":"TheCursedMod:CursedShiv","floor":11},{"not_picked":["TheCursedMod:FleshFromBone","TheCursedMod:SoulCrush"],"picked":"TheCursedMod:SpitefulPlan+1","floor":14},{"not_picked":["TheCursedMod:DemonSword","TheCursedMod:CursedRelics"],"picked":"TheCursedMod:CollectTribute+1","floor":16},{"not_picked":["TheCursedMod:TacticalStrike","TheCursedMod:CursedAmulet+1"],"picked":"TheCursedMod:SurpriseAttack","floor":18},{"not_picked":["TheCursedMod:BloodBarrier+1","TheCursedMod:CursedShiv"],"picked":"TheCursedMod:LuckyCharm+1","floor":21},{"not_picked":["TheCursedMod:UltimatePain","TheCursedMod:Torture","TheCursedMod:VitalStrike"],"picked":"SKIP","floor":23},{"not_picked":["TheCursedMod:CircleOfFlame","TheCursedMod:CircleOfCorruption","TheCursedMod:VitalStrike"],"picked":"SKIP","floor":27},{"not_picked":["TheCursedMod:Stigma+1","TheCursedMod:VitalStrike"],"picked":"TheCursedMod:CursedBlade+1","floor":28}],"player_experience":113138,"relics_obtained":[{"floor":6,"key":"White Beast Statue"},{"floor":9,"key":"Frozen Egg 2"},{"floor":11,"key":"Mirror"},{"floor":14,"key":"Peace Pipe"},{"floor":23,"key":"Replay:Bottled Flurry"},{"floor":26,"key":"Bronze Scales"},{"floor":27,"key":"Sundial"},{"floor":28,"key":"Red Mask"}],"event_choices":[{"damage_healed":0,"gold_gain":0,"player_choice":"Take Wound","damage_taken":0,"relics_obtained":["Golden Idol"],"max_hp_gain":0,"max_hp_loss":0,"event_name":"Golden Idol","floor":2,"gold_loss":0,"cards_obtained":["Injury"]},{"cards_removed":["TheCursedMod:Strike_TheCursed"],"damage_healed":0,"gold_gain":0,"player_choice":"Card Removal","damage_taken":0,"max_hp_gain":0,"max_hp_loss":0,"event_name":"The Cleric","floor":4,"gold_loss":50},{"damage_healed":0,"gold_gain":75,"player_choice":"Gather Gold","damage_taken":11,"max_hp_gain":0,"max_hp_loss":0,"event_name":"World of Goop","floor":5,"gold_loss":0},{"damage_healed":0,"gold_gain":0,"player_choice":"Searched \u00271\u0027 times","damage_taken":0,"max_hp_gain":0,"max_hp_loss":0,"event_name":"Dead Adventurer","floor":11,"gold_loss":0},{"damage_healed":0,"gold_gain":0,"player_choice":"Gave Idol","damage_taken":0,"relics_obtained":["Bloody Idol"],"max_hp_gain":0,"max_hp_loss":0,"event_name":"Forgotten Altar","floor":19,"relics_lost":["Golden Idol"],"gold_loss":0},{"damage_healed":0,"gold_gain":0,"player_choice":"Read","damage_taken":0,"max_hp_gain":0,"max_hp_loss":0,"event_name":"The Library","floor":22,"gold_loss":0,"cards_obtained":["TheCursedMod:Hemoplague"]},{"damage_healed":0,"gold_gain":0,"player_choice":"Fought Bandits","damage_taken":0,"max_hp_gain":0,"max_hp_loss":0,"event_name":"Masked Bandits","floor":28,"gold_loss":0},{"damage_healed":0,"gold_gain":0,"player_choice":"Ignored","damage_taken":0,"max_hp_gain":0,"max_hp_loss":0,"event_name":"Vampires","floor":30,"gold_loss":0}],"is_beta":false,"boss_relics":[{"not_picked":["Empty Cage","Runic Dome"],"picked":"TheCursedMod:BlackMagicAdvanced"}],"items_purged_floors":[24],"is_endless":false,"potions_floor_spawned":[1,7,8,11,14,16,18,21,23,27,28],"killed_by":"Champ","ascension_level":0}}