{"host":"t9zjxed0utvsfjwc","time":1610523780,"event":{"mods":["2.2 Compatiblity","Aspiration","BaseMod","Block Reminder","Colored Map","Colored Powertips","Highlight Path","Hubris","Infinite Spire","Minty Spire (QoL Compilation)","Quick Restart","Replay The Spire","StSLib","The Marked","Unceasing Turn Reminder","everything is the same but u backflip on backflip"],"gold_per_floor":[112,125,125,125,138,168,168,168,241,254,289,309,309,335,335,431,431,447,275,293,312,325,360,373,373,399,416,416,449,449,463,463,559,559,576,576,587,220,220,269,269,318,387,387,421,462,510,557,557,557,557],"floor_reached":50,"language":"ENG","playtime":2942,"items_purged":["Defend_R","Defend_R","Shockwave+1"],"score":1067,"play_id":"f6d38d60-38a7-4b77-8ebd-e912e8af61a4","local_time":"20210113074300","is_ascension_mode":true,"campfire_choices":[{"data":"infinitespire:OneForAll","floor":8,"key":"SMITH"},{"data":"hubris:CleavingFinish","floor":13,"key":"SMITH"},{"floor":15,"key":"REST"},{"data":"Defend_R","floor":28,"key":"SMITH"},{"data":"Burning Pact","floor":30,"key":"SMITH"},{"data":"Defend_R+1","floor":32,"key":"SMITH"},{"data":"Defend_R+2","floor":41,"key":"SMITH"},{"data":"Demon Form","floor":44,"key":"SMITH"},{"data":"Strike_R+1","floor":49,"key":"SMITH"}],"circlet_count":0,"master_deck":["Strike_R","Strike_R","Strike_R+2","Strike_R","Strike_R","Defend_R+1","Defend_R+3","Thunderclap","infinitespire:OneForAll+1","Eruption+1","Flex","Clash","Iron Wave","hubris:CleavingFinish+1","Rage","Carnage","Purity","True Grit+1","Thunderclap+1","Burning Pact+1","Demon Form+1","ReplayTheSpireMod:Limb From Limb+1","Seeing Red+1","infinitespire:Fortify","Iron Wave+1"],"relics":["NeowsBlessing","Replay:M_SmolderingBlood","hubris:BottledRain","Simple Rune","Red Skull","aspiration:TomeofQuesting","hubris:Backtick","aspiration:Nostalgia","Cracked Core","infinitespire:FocusingShard","hubris:BottledHeart","Oddly Smooth Stone","Lantern","Black Star","Coffee Dripper","ClockworkSouvenir","Membership Card","infinitespire:Lucky Rock","Bronze Scales","infinitespire:EvilPickle","Charon\u0027s Ashes","aspiration:ChemicalBlood","Centennial Puzzle","Nunchaku","Letter Opener","aspiration:HiddenCompartment","Pen Nib"],"acts_visited":["Exordium","TheCity","TheBeyond"],"potions_floor_usage":[11,11,16,21,22,24,29,33,35,40,42,48,50],"damage_taken":[{"damage":0,"enemies":"Cultist","floor":1,"turns":1},{"damage":0,"enemies":"Small Slimes","floor":2,"turns":1},{"damage":0,"enemies":"2 Louse","floor":5,"turns":1},{"damage":31,"enemies":"Gremlin Nob","floor":6,"turns":4},{"damage":0,"enemies":"Exordium Thugs","floor":10,"turns":2},{"damage":23,"enemies":"Lagavulin","floor":11,"turns":3},{"damage":0,"enemies":"Looter","floor":12,"turns":1},{"damage":23,"enemies":"Gremlin Nob","floor":14,"turns":3},{"damage":36,"enemies":"The Guardian","floor":16,"turns":5},{"damage":0,"enemies":"Chosen","floor":18,"turns":3},{"damage":0,"enemies":"2 Thieves","floor":20,"turns":1},{"damage":0,"enemies":"Cultist and Chosen","floor":21,"turns":3},{"damage":7,"enemies":"3 Cultists","floor":22,"turns":4},{"damage":6,"enemies":"Gremlin Leader","floor":23,"turns":4},{"damage":29,"enemies":"Centurion and Healer","floor":24,"turns":4},{"damage":0,"enemies":"Cultist and Chosen","floor":27,"turns":3},{"damage":0,"enemies":"Book of Stabbing","floor":29,"turns":4},{"damage":0,"enemies":"Sentry and Sphere","floor":31,"turns":1},{"damage":0,"enemies":"Pondfish","floor":33,"turns":6},{"damage":0,"enemies":"3 Shapes","floor":35,"turns":3},{"damage":0,"enemies":"Orb Walker","floor":37,"turns":2},{"damage":0,"enemies":"Reptomancer","floor":40,"turns":3},{"damage":0,"enemies":"Giant Head","floor":42,"turns":5},{"damage":0,"enemies":"Reptomancer","floor":45,"turns":2},{"damage":0,"enemies":"Spire Growth","floor":46,"turns":3},{"damage":0,"enemies":"Jaw Worm Horde","floor":47,"turns":2},{"damage":0,"enemies":"Sphere and 2 Shapes","floor":48,"turns":1},{"damage":14,"enemies":"Replay:Hell Engine","floor":50,"turns":3}],"seed_played":"-2904165942178719827","potions_obtained":[{"floor":1,"key":"Elixir"},{"floor":6,"key":"Swift Potion"},{"floor":10,"key":"BloodPotion"},{"floor":14,"key":"Weak Potion"},{"floor":16,"key":"SkillPotion"},{"floor":21,"key":"Fire Potion"},{"floor":23,"key":"BlessingOfTheForge"},{"floor":27,"key":"Flashbang"},{"floor":29,"key":"DuplicationPotion"},{"floor":35,"key":"DuplicationPotion"},{"floor":46,"key":"ColorlessPotion"},{"floor":47,"key":"infinitespire:BlackPotion"}],"is_trial":false,"path_per_floor":["M","M","?","T","M","E","?","R","T","M","E","M","R","E","R","B",null,"M","$","M","M","M","E","M","?","T","M","R","E","R","M","R","B",null,"M","AVR","M","$","?","E","R","E","T","R","E","M","M","M","R","B"],"character_chosen":"IRONCLAD","items_purchased":["Purity","Membership Card","infinitespire:Lucky Rock","Bronze Scales","BloodPotion"],"campfire_rested":1,"item_purchase_floors":[19,38,38,38,38],"current_hp_per_floor":[80,80,80,80,80,49,49,49,49,49,42,42,42,19,43,7,80,80,80,80,80,73,67,38,1,1,1,1,1,1,1,1,1,1,1,1,1,1,1,1,1,1,1,1,1,1,1,1,1,0,0],"gold":557,"neow_bonus":"THREE_ENEMY_KILL","is_daily":false,"chose_seed":false,"campfire_upgraded":8,"win_rate":0.0,"timestamp":1610523780,"path_taken":["M","M","?","?","M","E","?","R","T","M","E","?","R","E","R","BOSS","M","$","M","M","M","E","M","?","T","M","R","E","R","M","R","BOSS","M","AVR","M","$","?","E","R","E","T","R","E","M","M","M","R","BOSS"],"items_purchased_type":["Card","Relic","Relic","Relic","Potion"],"build_version":"2020-12-22","purchased_purges":3,"victory":false,"max_hp_per_floor":[80,80,80,80,80,80,80,80,80,80,80,80,80,80,80,80,80,80,80,80,80,80,80,80,1,1,1,1,1,1,1,1,1,1,1,1,1,1,1,1,1,1,1,1,1,1,1,1,1,1,1],"card_choices":[{"not_picked":["Disarm","Havoc"],"picked":"Thunderclap","floor":1},{"not_picked":["Run Through","Flex"],"picked":"infinitespire:OneForAll","floor":2},{"not_picked":["Crescendo","Thunderclap"],"picked":"Flex","floor":5},{"not_picked":["ReachHeaven","Fire Breathing"],"picked":"Clash","floor":6},{"not_picked":["WreathOfFlame","Warcry"],"picked":"Iron Wave","floor":10},{"not_picked":["Intimidate","Fire Breathing"],"picked":"hubris:CleavingFinish","floor":11},{"not_picked":["Second Wind","Halt","Armaments"],"picked":"SKIP","floor":12},{"not_picked":["Carnage","Feel No Pain"],"picked":"Rage","floor":14},{"not_picked":["Ghostly Armor","Warcry+1"],"picked":"Carnage","floor":18},{"not_picked":["Replay:Undeath\u0027s Touch","hubris:CleavingFinish+1"],"picked":"Shockwave+1","floor":20},{"not_picked":["Massacre","hubris:ReadiedAction"],"picked":"True Grit+1","floor":21},{"not_picked":["Twin Strike","Anger","Power Through"],"picked":"SKIP","floor":22},{"not_picked":["Pommel Strike","Fiend Fire","Havoc+1"],"picked":"SKIP","floor":23},{"not_picked":["Headbutt","Whirlwind"],"picked":"Thunderclap+1","floor":24},{"not_picked":["Bloodletting","Power Through","Clothesline"],"picked":"SKIP","floor":27},{"not_picked":["Wild Strike","Sword Boomerang"],"picked":"Burning Pact","floor":29},{"not_picked":["Replay:Undeath\u0027s Touch","Warcry+1","Perfected Strike"],"picked":"SKIP","floor":31},{"not_picked":["Hemogenesis","Immolate"],"picked":"Demon Form","floor":33},{"not_picked":["Flex+1","Dual Wield"],"picked":"ReplayTheSpireMod:Limb From Limb+1","floor":35},{"not_picked":["Inflame+1","Thunderclap+1"],"picked":"Seeing Red+1","floor":37},{"not_picked":["infinitespire:Execution","ReplayTheSpireMod:Black Plague"],"picked":"infinitespire:Fortify","floor":39},{"not_picked":["Abandon","Sword Boomerang","Second Wind"],"picked":"SKIP","floor":40},{"not_picked":["Disarm+1","Replay:Undeath\u0027s Touch","Defy Death+1"],"picked":"SKIP","floor":42},{"not_picked":["Combust+1","Rampage"],"picked":"Iron Wave+1","floor":45},{"not_picked":["Body Slam+1","Headbutt","Shockwave+1"],"picked":"SKIP","floor":46},{"not_picked":["Body Slam+1","Headbutt","Shockwave+1"],"picked":"SKIP","floor":46},{"not_picked":["Warcry+1","Pommel Strike+1","Shockwave"],"picked":"SKIP","floor":47},{"not_picked":["Perfected Strike","Anger+1","Sword Boomerang"],"picked":"SKIP","floor":48}],"player_experience":276351,"relics_obtained":[{"floor":4,"key":"hubris:BottledRain"},{"floor":6,"key":"Simple Rune"},{"floor":11,"key":"Red Skull"},{"floor":14,"key":"aspiration:TomeofQuesting"},{"floor":23,"key":"infinitespire:FocusingShard"},{"floor":26,"key":"Oddly Smooth Stone"},{"floor":29,"key":"Lantern"},{"floor":40,"key":"Charon\u0027s Ashes"},{"floor":40,"key":"aspiration:ChemicalBlood"},{"floor":42,"key":"Centennial Puzzle"},{"floor":42,"key":"Nunchaku"},{"floor":43,"key":"Letter Opener"},{"floor":45,"key":"aspiration:HiddenCompartment"},{"floor":45,"key":"Pen Nib"}],"event_choices":[{"damage_healed":0,"gold_gain":0,"player_choice":"Upgraded","damage_taken":0,"max_hp_gain":0,"max_hp_loss":0,"event_name":"Upgrade Shrine","floor":7,"gold_loss":0,"cards_upgraded":["Eruption"]}],"is_beta":false,"boss_relics":[{"not_picked":["Fusion Hammer","hubris:Stopwatch"],"picked":"hubris:Backtick"},{"not_picked":["ReplayTheSpireMod:DimensionalGlitch","Painkiller Herb"],"picked":"Black Star"}],"items_purged_floors":[19,36,38],"is_endless":false,"potions_floor_spawned":[1,6,10,14,16,21,23,27,29,35,46,47],"killed_by":"Replay:Hell Engine","ascension_level":1}}