{"host":"yganem311pbhnzmn","time":1610512160,"event":{"mods":["AchievementEnabler","BaseMod","BetterRewards","Colored Map","Minty Spire (QoL Compilation)","Replay The Spire","Shop Mod","StSLib","SuperFastMode"],"gold_per_floor":[110,130,143,143,162,162,189,120,120,120,145,156,156,173,173,271,271,284,300,300,315,315,315,347,365,440,440,369,369,369,395,395,498,498,517,527,323,373,391,419,434,434,434,434,497,497,513,538,538,538],"floor_reached":51,"language":"KOR","playtime":2257,"items_purged":[],"score":680,"play_id":"2d0aa3bf-3324-4cf9-8499-1389b7894e8c","local_time":"20210113132920","daily_mods":["Heirloom","Time Dilation"],"is_ascension_mode":true,"campfire_choices":[{"data":"Crippling Poison","floor":6,"key":"SMITH"},{"data":"Bouncing Flask","floor":13,"key":"SMITH"},{"data":"Tactician","floor":15,"key":"SMITH"},{"data":"Dodge and Roll","floor":23,"key":"SMITH"},{"data":"Concentrate","floor":30,"key":"SMITH"},{"floor":32,"key":"REST"},{"floor":42,"key":"REST"},{"data":"Fluid Movement","floor":44,"key":"SMITH"},{"data":"Noxious Fumes","floor":46,"key":"SMITH"},{"floor":49,"key":"REST"}],"circlet_count":0,"master_deck":["Strike_G","Strike_G","Strike_G","Strike_G","Defend_G","Defend_G","Defend_G","Defend_G","Defend_G","Survivor","Neutralize","Deflect","Crippling Poison+1","PiercingWail","Deadly Poison","Concentrate+1","Bouncing Flask+1","Deadly Poison","Tactician+1","A Thousand Cuts","Dodge and Roll+1","Deadly Poison","Bouncing Flask","Catalyst+1","Backflip","Fluid Movement+1","Deflect+1","Poisoned Stab","PiercingWail","Noxious Fumes+1","Draining Mist+1"],"relics":["Ring of the Snake","FossilizedHelix","InkBottle","White Beast Statue","Tiny Chest","Snecko Heart","MutagenicStrength","Juzu Bracelet","Onion Ring","Sundial","StoneCalendar","HoveringKite","OrangePellets","Pondfish Scales","Bag of Preparation","Singing Bowl","Eternal Feather","ReplayFunnel"],"acts_visited":["Exordium","TheCity","TheBeyond"],"potions_floor_usage":[7,25,31,33,41,50,50],"damage_taken":[{"damage":0,"enemies":"2 Louse","floor":1,"turns":4},{"damage":0,"enemies":"Cultist","floor":2,"turns":4},{"damage":0,"enemies":"Small Slimes","floor":3,"turns":3},{"damage":0,"enemies":"Exordium Thugs","floor":5,"turns":8},{"damage":14,"enemies":"Lagavulin","floor":7,"turns":8},{"damage":0,"enemies":"Replay:BlueRogue","floor":11,"turns":6},{"damage":0,"enemies":"3 Louse","floor":12,"turns":3},{"damage":3,"enemies":"Lots of Slimes","floor":14,"turns":2},{"damage":26,"enemies":"Hexaghost","floor":16,"turns":9},{"damage":3,"enemies":"Chosen","floor":18,"turns":5},{"damage":17,"enemies":"2 Thieves","floor":19,"turns":4},{"damage":6,"enemies":"Cultist and Chosen","floor":21,"turns":6},{"damage":0,"enemies":"Replay:Snechameleon","floor":24,"turns":5},{"damage":21,"enemies":"Chosen and Byrds","floor":25,"turns":6},{"damage":20,"enemies":"Slavers","floor":31,"turns":6},{"damage":37,"enemies":"Champ","floor":33,"turns":8},{"damage":11,"enemies":"Orb Walker","floor":35,"turns":5},{"damage":0,"enemies":"3 Darklings","floor":36,"turns":7},{"damage":17,"enemies":"Mind Bloom Boss Battle","floor":38,"turns":6},{"damage":1,"enemies":"Transient","floor":39,"turns":5},{"damage":22,"enemies":"R_Hoarder","floor":40,"turns":8},{"damage":0,"enemies":"Jaw Worm Horde","floor":41,"turns":4},{"damage":27,"enemies":"Spire Growth","floor":47,"turns":6},{"damage":45,"enemies":"Replay:Hell Engine","floor":50,"turns":11}],"seed_played":"7277916089550329561","potions_obtained":[{"floor":2,"key":"Weak Potion"},{"floor":5,"key":"Fruit Juice"},{"floor":7,"key":"Fire Potion"},{"floor":11,"key":"Flashbang"},{"floor":18,"key":"SmokeBomb"},{"floor":24,"key":"Regen Potion"},{"floor":25,"key":"Swift Potion"},{"floor":31,"key":"Adrenaline Potion"},{"floor":35,"key":"Poison Potion"},{"floor":40,"key":"Block Potion"},{"floor":41,"key":"LiquidMemories"}],"is_trial":true,"path_per_floor":["M","M","M","?","M","R","E","$","T","$","E","M","R","M","R","B",null,"M","M","?","M","?","R","E","M","T","T","$","?","R","E","R","B",null,"M","M","$","?","M","E","M","R","T","R","?","R","M","T","R","B",null],"character_chosen":"THE_SILENT","items_purchased":["Bouncing Flask","Catalyst","Poisoned Stab","OrangePellets"],"campfire_rested":3,"item_purchase_floors":[8,28,37,37],"current_hp_per_floor":[70,70,70,70,70,70,61,61,61,61,61,61,61,58,58,32,75,72,55,55,49,49,49,49,40,40,40,40,40,40,20,42,5,75,64,64,64,47,46,24,24,46,46,46,16,34,9,9,50,5],"gold":538,"neow_bonus":"","is_daily":false,"chose_seed":false,"campfire_upgraded":7,"win_rate":0.0,"timestamp":1610512160,"path_taken":["M","M","M","?","M","R","E","$","T","$","E","M","R","?","R","BOSS","M","M","?","M","?","R","E","M","T","?","$","?","R","E","R","BOSS","M","M","$","?","M","E","M","R","T","R","?","R","M","?","R","BOSS"],"items_purchased_type":["Card","Card","Card","Relic"],"build_version":"2020-12-22","purchased_purges":0,"victory":true,"max_hp_per_floor":[70,70,70,70,70,70,75,75,75,75,75,75,75,75,75,75,75,75,75,75,75,75,75,75,75,75,75,75,75,75,75,75,75,75,75,75,75,75,75,75,75,75,75,75,75,75,77,77,77,77],"card_choices":[{"not_picked":["Reflex","Outmaneuver"],"picked":"Deflect","floor":1},{"not_picked":["Bane","Dash"],"picked":"Crippling Poison","floor":2},{"not_picked":["Deflect","Dagger Spray"],"picked":"PiercingWail","floor":3},{"not_picked":["Dagger Throw","Crippling Poison"],"picked":"Deadly Poison","floor":5},{"not_picked":["Hidden Blade","Slice"],"picked":"Concentrate","floor":7},{"not_picked":["Finisher","Storm of Steel"],"picked":"Deadly Poison","floor":11},{"not_picked":["Flying Knee","Endless Agony"],"picked":"Tactician","floor":12},{"not_picked":["Sucker Punch","PiercingWail","Cloak And Dagger"],"picked":"SKIP","floor":14},{"not_picked":["ReplayTheSpireMod:From All Sides","Atom Bomb"],"picked":"A Thousand Cuts","floor":16},{"not_picked":["Quick Slash+1","PiercingWail"],"picked":"Dodge and Roll","floor":18},{"not_picked":["Cloak And Dagger","Dagger Spray","Dagger Throw"],"picked":"SKIP","floor":19},{"not_picked":["Dagger Throw","Hidden Blade"],"picked":"Deadly Poison","floor":21},{"not_picked":["Calculated Gamble","Caltrops","Slice"],"picked":"SKIP","floor":24},{"not_picked":["Slice","Unload"],"picked":"Bouncing Flask","floor":25},{"not_picked":["Deflect","Slice"],"picked":"Backflip","floor":31},{"not_picked":["Riddle With Holes","Eviscerate+1"],"picked":"Fluid Movement","floor":35},{"not_picked":["Expertise","Flying Knee"],"picked":"Deflect+1","floor":36},{"not_picked":["Underhanded Strike+1","Deadly Poison"],"picked":"PiercingWail","floor":38},{"not_picked":["Dagger Throw+1","Heel Hook+1","Underhanded Strike"],"picked":"SKIP","floor":39},{"not_picked":["Distraction+1","Outmaneuver"],"picked":"Noxious Fumes","floor":40},{"not_picked":["PiercingWail","Dagger Throw","Acrobatics"],"picked":"SKIP","floor":41},{"not_picked":["After Image","PiercingWail"],"picked":"Draining Mist+1","floor":45},{"not_picked":["Well Laid Plans+1","Dagger Throw","Sucker Punch+1"],"picked":"Singing Bowl","floor":47}],"player_experience":134549,"relics_obtained":[{"floor":7,"key":"InkBottle"},{"floor":9,"key":"White Beast Statue"},{"floor":11,"key":"Tiny Chest"},{"floor":24,"key":"Juzu Bracelet"},{"floor":26,"key":"Onion Ring"},{"floor":27,"key":"Sundial"},{"floor":31,"key":"StoneCalendar"},{"floor":38,"key":"Pondfish Scales"},{"floor":40,"key":"Bag of Preparation"},{"floor":43,"key":"Singing Bowl"},{"floor":45,"key":"Eternal Feather"},{"floor":48,"key":"ReplayFunnel"}],"event_choices":[{"cards_removed":["Strike_G"],"damage_healed":0,"gold_gain":0,"player_choice":"Purged","damage_taken":0,"max_hp_gain":0,"max_hp_loss":0,"event_name":"Purifier","floor":4,"gold_loss":0},{"damage_healed":0,"gold_gain":0,"player_choice":"Inject Mutagens","damage_taken":0,"relics_obtained":["MutagenicStrength"],"max_hp_gain":0,"max_hp_loss":0,"event_name":"Drug Dealer","floor":20,"gold_loss":0},{"damage_healed":0,"gold_gain":0,"player_choice":"Got Potions","damage_taken":0,"max_hp_gain":0,"max_hp_loss":0,"event_name":"Lab","floor":22,"gold_loss":0},{"damage_healed":0,"gold_gain":0,"player_choice":"Upgraded","damage_taken":0,"max_hp_gain":0,"max_hp_loss":0,"event_name":"Upgrade Shrine","floor":29,"gold_loss":0,"cards_upgraded":["Catalyst"]},{"damage_healed":0,"gold_gain":0,"player_choice":"Fight","damage_taken":0,"max_hp_gain":0,"max_hp_loss":0,"event_name":"MindBloom","floor":38,"gold_loss":0}],"is_beta":false,"boss_relics":[{"not_picked":["Sozu","Honey Jar"],"picked":"Snecko Heart"},{"not_picked":["Kintsugi","Abe\u0027s Treasure"],"picked":"HoveringKite"}],"items_purged_floors":[],"is_endless":false,"potions_floor_spawned":[2,5,7,11,12,14,16,18,19,21,24,25,31,33,35,36,38,39,40,41,47],"ascension_level":1}}