{"host":"Terry","time":1610559301,"event":{"mods":["BaseMod","Downfall","Hubris","Minty Spire (QoL Compilation)","Replay The Spire","StSLib","The Animator"],"gold_per_floor":[99,99,117,137,148,148,175,186,219,229,260,260,185,205,220,321,321,321,421,441,351,374,374,390,417,429,455,455,470,482,579,579,579,594,604,604,620,637,637,637,637,377,377,377,404,419,419,454,466,466],"floor_reached":51,"language":"ENG","playtime":4430,"items_purged":["champ:Strike","champ:Defend"],"score":799,"play_id":"943e8300-cad0-4b38-bc34-2f158be729a1","local_time":"20210113123501","is_ascension_mode":true,"campfire_choices":[{"data":"champ:Execute","floor":1,"key":"SMITH"},{"floor":13,"key":"REST"},{"data":"champ:PerfectForm","floor":33,"key":"SMITH"},{"floor":44,"key":"REST"}],"circlet_count":0,"master_deck":["champ:Defend","champ:Defend","champ:Execute+1","champ:Taunt+1","champ:AdrenalArmor","champ:BerserkersShout","champ:Encircle+1","champ:IgnorePain+1","champ:AdrenalArmor+1","champ:Shatter","champ:BringItOn","champ:PerfectForm","champ:Taunt","champ:FanOfKnives","champ:StrikeOfGenius","champ:Improvising+1","champ:SkillfulDodge+1","champ:FaceSlap+1","champ:SwordSigil+1","champ:SwordSigil","champ:PerfectForm+1","champ:EndlessRage+1","Parasite","champ:EndlessRage+1","champ:Duel+1","champ:SteelEdge"],"relics":["champ:ChampionCrown","Blood Vial","Sundial","Calipers","downfall:HeartBlessingGreen","Snecko Heart","downfall:TeleportStone","White Beast Statue","Tiny Chest","Snack Pack","Mango","SlaversCollar","Vajra","Lantern","Guide Book","Omamori","Meat on the Bone","PreservedInsect"],"acts_visited":["Exordium","TheCity","TheBeyond"],"potions_floor_usage":[16,31],"damage_taken":[{"damage":7,"enemies":"2 Louse","floor":3,"turns":3},{"damage":14,"enemies":"Cultist","floor":4,"turns":5},{"damage":24,"enemies":"Small Slimes","floor":5,"turns":5},{"damage":38,"enemies":"2 Fungi Beasts","floor":8,"turns":5},{"damage":65,"enemies":"3 Sentries","floor":9,"turns":10},{"damage":18,"enemies":"Blue Slaver","floor":10,"turns":4},{"damage":24,"enemies":"Lagavulin","floor":11,"turns":6},{"damage":23,"enemies":"Lots of Slimes","floor":14,"turns":6},{"damage":11,"enemies":"3 Louse","floor":15,"turns":2},{"damage":55,"enemies":"downfall:Silent","floor":16,"turns":12},{"damage":40,"enemies":"downfall:LadyInBlue","floor":19,"turns":7},{"damage":26,"enemies":"Shell Parasite","floor":20,"turns":4},{"damage":17,"enemies":"downfall:FleeingMerchant","floor":21,"turns":4},{"damage":12,"enemies":"Spheric Guardian","floor":24,"turns":2},{"damage":47,"enemies":"Slavers","floor":25,"turns":5},{"damage":29,"enemies":"Snake Plant","floor":26,"turns":5},{"damage":57,"enemies":"Gremlin Leader","floor":27,"turns":7},{"damage":27,"enemies":"Sentry and Sphere","floor":29,"turns":6},{"damage":28,"enemies":"Snecko","floor":30,"turns":4},{"damage":59,"enemies":"downfall:Watcher","floor":31,"turns":6},{"damage":29,"enemies":"Orb Walker","floor":34,"turns":3},{"damage":80,"enemies":"3 Shapes","floor":35,"turns":3},{"damage":58,"enemies":"Writhing Mass","floor":37,"turns":6},{"damage":35,"enemies":"Sphere and 2 Shapes","floor":38,"turns":2},{"damage":38,"enemies":"downfall:FleeingMerchant","floor":42,"turns":4},{"damage":49,"enemies":"Giant Head","floor":45,"turns":5},{"damage":89,"enemies":"Transient","floor":46,"turns":5},{"damage":66,"enemies":"R_Hoarder","floor":48,"turns":4},{"damage":34,"enemies":"Spire Growth","floor":49,"turns":5},{"damage":62,"enemies":"downfall:Defect","floor":50,"turns":5}],"seed_played":"-856000385686624925","potions_obtained":[{"floor":8,"key":"Elixir"},{"floor":11,"key":"FearPotion"},{"floor":14,"key":"Swift Potion"},{"floor":15,"key":"AttackPotion"},{"floor":16,"key":"SmokeBomb"},{"floor":19,"key":"PowerPotion"},{"floor":19,"key":"PowerPotion"},{"floor":29,"key":"DistilledChaos"},{"floor":31,"key":"Adrenaline Potion"},{"floor":34,"key":"champ:TechniquePotion"}],"is_trial":false,"path_per_floor":["R","?","M","M","M","?","T","M","E","M","E","?","R","M","M","B",null,"R","?","M","$","T","?","M","E","M","E","?","M","M","B",null,"R","M","M","T","M","M","PTL","PTL","T","$","?","R","E","M","T","E","M","B",null],"character_chosen":"THE_CHAMP","items_purchased":["Guide Book"],"campfire_rested":2,"item_purchase_floors":[42],"current_hp_per_floor":[63,63,61,61,59,59,59,46,20,22,22,22,49,49,42,32,90,90,90,84,90,90,90,90,70,73,89,89,96,104,99,104,104,104,57,57,53,57,57,57,57,63,55,86,92,90,90,94,89,83],"gold":466,"neow_bonus":"REMOVE_TWO","is_daily":false,"chose_seed":false,"campfire_upgraded":2,"win_rate":0.0,"timestamp":1610559301,"path_taken":["R","?","?","M","M","?","T","M","E","M","E","?","R","M","M","BOSS","R","?","?","$","T","?","?","E","M","E","?","M","M","BOSS","R","M","M","?","M","M","PTL","PTL","T","?","?","R","E","?","?","E","M","BOSS"],"items_purchased_type":["Relic"],"build_version":"2020-12-18","purchased_purges":2,"victory":true,"max_hp_per_floor":[90,90,90,90,90,90,90,90,90,90,90,90,90,90,90,90,90,90,90,90,90,90,90,90,90,90,104,104,104,104,104,104,104,104,104,104,104,104,104,104,104,104,104,104,104,104,104,104,104,104],"card_choices":[{"not_picked":["champ:FocusedDefense","champ:GladiatorStyle"],"picked":"champ:AdrenalArmor","floor":3},{"not_picked":["champ:Control","champ:PerfectedStrike"],"picked":"champ:BerserkersShout","floor":4},{"not_picked":["champ:ShieldSigil","champ:FocusedBerserking"],"picked":"champ:Encircle","floor":5},{"not_picked":["champ:FanOfKnives","champ:FlashCut"],"picked":"champ:IgnorePain","floor":8},{"not_picked":["champ:SkillfulDodge","champ:ViciousMockery"],"picked":"champ:AdrenalArmor","floor":9},{"not_picked":["champ:BringItOn","champ:Haymaker"],"picked":"champ:Shatter","floor":10},{"not_picked":["champ:Backstep","champ:CalledShot"],"picked":"champ:BringItOn","floor":11},{"not_picked":["champ:EnragedBash","champ:FocusedBerserking"],"picked":"champ:FanOfKnives","floor":14},{"not_picked":["champ:BringItOn","champ:Riposte"],"picked":"champ:StrikeOfGenius","floor":15},{"not_picked":["champ:StrikeOfGenius","champ:ShieldSlam"],"picked":"champ:Improvising","floor":16},{"not_picked":["champ:Haymaker","champ:ArenaPreparation"],"picked":"champ:SkillfulDodge+1","floor":20},{"not_picked":["champ:Encircle","champ:FlashCut"],"picked":"champ:FaceSlap+1","floor":21},{"not_picked":["champ:LastStand","champ:DefensiveStyle","champ:StanceDance+1"],"picked":"SKIP","floor":24},{"not_picked":["champ:TornadoPunch","champ:Haymaker+1","champ:BerserkersShout"],"picked":"SKIP","floor":25},{"not_picked":["champ:FlashCut","champ:PerfectedStrike+1","champ:RisingSlash+1"],"picked":"SKIP","floor":26},{"not_picked":["champ:BerserkersShout","champ:Circumvent","champ:ViciousMockery"],"picked":"SKIP","floor":27},{"not_picked":["champ:Duel","champ:DefensiveShout"],"picked":"champ:SwordSigil+1","floor":29},{"not_picked":["champ:BringItOn","champ:PerfectedStrike"],"picked":"champ:SwordSigil","floor":30},{"not_picked":["champ:IgnorePain","champ:VampiricStrike"],"picked":"champ:PerfectForm","floor":31},{"not_picked":["champ:Circumvent+1","champ:Backstep"],"picked":"champ:EndlessRage+1","floor":34},{"not_picked":["champ:FlashCut","champ:GutPunch","champ:StanceDance+1"],"picked":"SKIP","floor":35},{"not_picked":["champ:Duel","champ:BladeFlurry+1"],"picked":"champ:EndlessRage+1","floor":37},{"not_picked":["champ:ShieldThrow","champ:ShieldSigil+1","champ:EnGarde"],"picked":"SKIP","floor":38},{"not_picked":["champ:BladeFlurry+1","champ:Backstep+1","champ:EndlessRage"],"picked":"SKIP","floor":42},{"not_picked":["champ:FlashCut+1","champ:FalseCounter+1"],"picked":"champ:Duel+1","floor":45},{"not_picked":["champ:RageSigil","champ:StanceDance","champ:GutPunch"],"picked":"SKIP","floor":46},{"not_picked":["champ:ShieldSigil","champ:ShieldSlam"],"picked":"champ:SteelEdge","floor":48},{"not_picked":["champ:GladiatorsShout","champ:Haymaker+1","champ:Circumvent+1"],"picked":"SKIP","floor":49}],"player_experience":595447,"relics_obtained":[{"floor":7,"key":"Blood Vial"},{"floor":9,"key":"Sundial"},{"floor":11,"key":"Calipers"},{"floor":19,"key":"White Beast Statue"},{"floor":22,"key":"Tiny Chest"},{"floor":25,"key":"Snack Pack"},{"floor":27,"key":"Mango"},{"floor":36,"key":"Vajra"},{"floor":41,"key":"Lantern"},{"floor":45,"key":"Omamori"},{"floor":47,"key":"Meat on the Bone"},{"floor":48,"key":"PreservedInsect"}],"event_choices":[{"damage_healed":0,"gold_gain":0,"player_choice":"Upgraded","damage_taken":0,"max_hp_gain":0,"max_hp_loss":0,"event_name":"Upgrade Shrine","floor":2,"gold_loss":0,"cards_upgraded":["champ:Taunt"]},{"cards_removed":["champ:Strike"],"damage_healed":0,"gold_gain":0,"player_choice":"Purged","damage_taken":0,"max_hp_gain":0,"max_hp_loss":0,"event_name":"Purifier","floor":23,"gold_loss":0}],"is_beta":true,"boss_relics":[{"not_picked":["hubris:BlackHole","hubris:RunicObelisk"],"picked":"Snecko Heart"},{"not_picked":["Sozu","Cursed Key"],"picked":"SlaversCollar"}],"items_purged_floors":[21,42],"is_endless":false,"potions_floor_spawned":[8,11,14,15,16,20,21,24,25,26,27,29,30,31,34,35,37,38,42,45,46,48,49],"ascension_level":1}}