{"host":"fdmexzkyss3ff9bv","time":1610529723,"event":{"mods":["BaseMod","Beaked The Cultist","BetterRewards","Downfall","Glutton Mod","Halation","Hubris","Infinite Spire","Minty Spire (QoL Compilation)","Replay The Spire","StSLib","The Animator","The Blackbeard","The Bug Knight","The Construct","The Mystic","The Servant 0.9.4","The Witch"],"gold_per_floor":[119,47,47,47,47,47,64,89,136,138,138],"floor_reached":10,"playtime":585,"items_purged":[],"score":64,"play_id":"2f219b3f-68c8-4f3c-bfec-08863392c4b9","local_time":"20210113102203","is_ascension_mode":false,"campfire_choices":[{"floor":6,"key":"REST"}],"circlet_count":0,"master_deck":["Strike_P","Strike_P","Strike_P","Defend_P","Defend_P","Defend_P","Eruption","Vigilance","Tantrum","BattleHymn","Replay:Battleflow+1","Replay:Battleflow","Evaluate","Brilliance","Replay:LoomingThreat+1","Replay:Vibes","Prostrate","FlurryOfBlows"],"relics":["PureWater","Replay:PocketPolymizer","halation:PromiseList","Ornamental Fan","hubris:Icosahedron","halation:IllGainedPizza","Nunchaku"],"acts_visited":["Exordium"],"potions_floor_usage":[],"damage_taken":[{"damage":0,"enemies":"Small Slimes","floor":1,"turns":2},{"damage":2,"enemies":"Cultist","floor":7,"turns":3},{"damage":28,"enemies":"Gremlin Nob","floor":8,"turns":3},{"damage":16,"enemies":"Lagavulin","floor":10,"turns":3}],"seed_played":"-4366359676063105705","potions_obtained":[{"floor":7,"key":"Dexterity Potion"}],"is_trial":false,"path_per_floor":["M","$","?","?","?","R","M","E","T","E"],"character_chosen":"WATCHER","items_purchased":["Tantrum","BattleHymn","halation:PromiseList","Ornamental Fan","Replay:Battleflow","Brilliance"],"campfire_rested":1,"item_purchase_floors":[0,0,0,0,0,2],"current_hp_per_floor":[40,40,40,40,40,61,59,31,31,15,15],"gold":138,"neow_bonus":"","is_daily":false,"chose_seed":false,"campfire_upgraded":0,"win_rate":0.0,"timestamp":1610529723,"path_taken":["M","$","?","?","?","R","?","E","T","E"],"items_purchased_type":["Card","Card","Relic","Relic","Card","Card"],"build_version":"2020-12-13","purchased_purges":0,"victory":false,"max_hp_per_floor":[72,72,72,72,72,72,72,72,72,72,72],"card_choices":[{"not_picked":["Conclude","SignatureMove"],"picked":"Evaluate","floor":1},{"not_picked":["PathToVictory","EmptyFist"],"picked":"Prostrate","floor":7},{"not_picked":["Replay:AllIn","Replay:Hum"],"picked":"FlurryOfBlows","floor":8}],"player_experience":132128,"relics_obtained":[{"floor":8,"key":"halation:IllGainedPizza"},{"floor":9,"key":"Nunchaku"}],"event_choices":[{"damage_healed":0,"gold_gain":0,"player_choice":"Upgraded","damage_taken":0,"max_hp_gain":0,"max_hp_loss":0,"event_name":"Upgrade Shrine","floor":5,"gold_loss":0,"cards_upgraded":["Replay:Battleflow"]}],"is_beta":false,"boss_relics":[],"items_purged_floors":[],"is_endless":false,"potions_floor_spawned":[7],"killed_by":"Lagavulin","ascension_level":0}}