{"host":"tnsigirk6wurdark","time":1610524687,"event":{"mods":["BaseMod","Colored Map","Colored Powertips","Highlight Path","Minty Spire (QoL Compilation)","Quick Restart","Relic Sorter","StSLib","Synergy Search"],"gold_per_floor":[113,123,123,141,3,34,34,61,88,88,99,30,43,53,53,129,129,148,148,76,76,26,59,59,78,78,112,136,153,197,223,223,305,314,342,366,366,376,405,440,449,449,527,527,554,597,557,557,557],"floor_reached":48,"language":"ENG","playtime":2759,"items_purged":[],"score":1118,"play_id":"a640a5e6-7f3f-4752-96e6-f6c328f33741","local_time":"20210113075807","is_ascension_mode":true,"campfire_choices":[{"floor":7,"key":"REST"},{"floor":10,"key":"RECALL"},{"floor":15,"key":"REST"},{"floor":24,"key":"REST"},{"floor":32,"key":"REST"},{"floor":42,"key":"REST"},{"floor":44,"key":"REST"}],"circlet_count":0,"master_deck":["AscendersBane","Strike_G+1","Strike_G+1","Strike_G+1","Defend_G+1","Defend_G+1","Defend_G+1","Defend_G+1","Defend_G+1","Survivor","Neutralize","Dash","Dash","Caltrops","PiercingWail","Slice","Dash","Blur","Deadly Poison","Infinite Blades","Cloak And Dagger","Noxious Fumes","Malaise","Deflect","Noxious Fumes","Deadly Poison","Outmaneuver","Noxious Fumes","Bullet Time","Flying Knee+1","Night Terror","CurseOfTheBell","Deadly Poison","Blur","Deadly Poison","Writhe","PiercingWail+1","Outmaneuver+1"],"relics":["Fusion Hammer","PreservedInsect","Snake Skull","Tiny Chest","Runic Pyramid","Regal Pillow","Mercury Hourglass","CeramicFish","Bronze Scales","Calling Bell","Bag of Preparation","HornCleat","Unceasing Top","Potion Belt","Ancient Tea Set","Toxic Egg 2","Gambling Chip"],"acts_visited":["Exordium","TheCity","TheBeyond"],"potions_floor_usage":[6,8,8,18,23,30,33,38],"damage_taken":[{"damage":0,"enemies":"Cultist","floor":1,"turns":5},{"damage":2,"enemies":"Jaw Worm","floor":2,"turns":4},{"damage":0,"enemies":"Small Slimes","floor":4,"turns":3},{"damage":8,"enemies":"Lagavulin","floor":6,"turns":9},{"damage":0,"enemies":"Gremlin Nob","floor":8,"turns":3},{"damage":3,"enemies":"Blue Slaver","floor":11,"turns":3},{"damage":6,"enemies":"2 Fungi Beasts","floor":13,"turns":4},{"damage":0,"enemies":"Looter","floor":14,"turns":3},{"damage":54,"enemies":"Hexaghost","floor":16,"turns":10},{"damage":24,"enemies":"3 Byrds","floor":18,"turns":6},{"damage":0,"enemies":"Gremlin Leader","floor":23,"turns":6},{"damage":2,"enemies":"Chosen","floor":25,"turns":4},{"damage":26,"enemies":"Slavers","floor":27,"turns":4},{"damage":6,"enemies":"Snake Plant","floor":28,"turns":4},{"damage":3,"enemies":"3 Cultists","floor":29,"turns":5},{"damage":8,"enemies":"Gremlin Leader","floor":30,"turns":4},{"damage":0,"enemies":"Sentry and Sphere","floor":31,"turns":5},{"damage":8,"enemies":"Champ","floor":33,"turns":13},{"damage":1,"enemies":"Orb Walker","floor":35,"turns":4},{"damage":13,"enemies":"3 Shapes","floor":38,"turns":4},{"damage":3,"enemies":"Jaw Worm Horde","floor":39,"turns":4},{"damage":44,"enemies":"Nemesis","floor":40,"turns":7},{"damage":3,"enemies":"3 Darklings","floor":45,"turns":6},{"damage":64,"enemies":"Giant Head","floor":46,"turns":9},{"damage":6,"enemies":"Spire Growth","floor":48,"turns":4}],"seed_played":"-985867202701337168","potions_obtained":[{"floor":1,"key":"Explosive Potion"},{"floor":2,"key":"PowerPotion"},{"floor":6,"key":"FearPotion"},{"floor":8,"key":"Fruit Juice"},{"floor":18,"key":"Fire Potion"},{"floor":28,"key":"SteroidPotion"},{"floor":29,"key":"GhostInAJar"},{"floor":35,"key":"Dexterity Potion"},{"floor":46,"key":"LiquidMemories"},{"floor":47,"key":"SteroidPotion"},{"floor":47,"key":"SmokeBomb"},{"floor":47,"key":"EntropicBrew"}],"is_trial":false,"path_per_floor":["M","M","?","M","$","E","R","E","T","R","M","$","M","M","R","B",null,"M","?","$","?","$","E","R","M","T","E","M","M","E","M","R","B",null,"M","T","?","M","M","E","?","R","T","R","M","E","?","M"],"character_chosen":"THE_SILENT","items_purchased":["Caltrops","PiercingWail","Slice","Infinite Blades","Noxious Fumes","Deadly Poison"],"campfire_rested":6,"item_purchase_floors":[5,5,5,12,20,22],"current_hp_per_floor":[59,57,57,57,57,49,66,71,71,71,68,68,62,62,71,17,58,34,34,34,34,34,34,70,68,68,42,36,33,25,25,61,53,67,66,66,66,53,50,6,20,56,56,71,68,4,4,0,0],"gold":557,"neow_bonus":"BOSS_RELIC","is_daily":false,"chose_seed":false,"campfire_upgraded":0,"win_rate":0.0,"timestamp":1610524687,"path_taken":["M","M","?","?","$","E","R","E","T","R","M","$","M","M","R","BOSS","M","?","$","?","$","E","R","M","T","E","M","M","E","?","R","BOSS","M","?","?","M","M","E","?","R","T","R","M","E","?","M"],"items_purchased_type":["Card","Card","Card","Card","Card","Card"],"build_version":"2020-12-22","purchased_purges":0,"victory":false,"max_hp_per_floor":[66,66,66,66,66,66,66,71,71,71,71,71,71,71,71,71,71,71,71,71,71,71,71,71,71,71,71,71,71,71,71,71,71,71,71,71,71,71,71,71,71,71,71,71,71,71,71,71,71],"card_choices":[{"not_picked":["Underhanded Strike","Accuracy"],"picked":"Dash","floor":1},{"not_picked":["Outmaneuver","Sucker Punch"],"picked":"Dash","floor":2},{"not_picked":["Eviscerate","All Out Attack","Predator"],"picked":"SKIP","floor":4},{"not_picked":["Dodge and Roll","Accuracy"],"picked":"Dash","floor":6},{"not_picked":["Quick Slash","Finisher"],"picked":"Blur","floor":8},{"not_picked":["Cloak And Dagger","Backstab"],"picked":"Deadly Poison","floor":11},{"not_picked":["Eviscerate","All Out Attack"],"picked":"Cloak And Dagger","floor":13},{"not_picked":["Sucker Punch","Prepared"],"picked":"Noxious Fumes","floor":14},{"not_picked":["Grand Finale","Storm of Steel"],"picked":"Malaise","floor":16},{"not_picked":["Poisoned Stab","Dagger Throw"],"picked":"Deflect","floor":18},{"not_picked":["Finisher","Bane","Dodge and Roll"],"picked":"SKIP","floor":23},{"not_picked":["Concentrate+1","Acrobatics"],"picked":"Outmaneuver","floor":25},{"not_picked":["Phantasmal Killer","Choke","Finisher"],"picked":"SKIP","floor":27},{"not_picked":["Crippling Poison","Bane"],"picked":"Noxious Fumes","floor":28},{"not_picked":["Sucker Punch+1","Quick Slash+1","Endless Agony+1"],"picked":"SKIP","floor":29},{"not_picked":["Blade Dance","Slice"],"picked":"Bullet Time","floor":30},{"not_picked":["Finisher","Escape Plan"],"picked":"Flying Knee+1","floor":31},{"not_picked":["Malaise","Envenom"],"picked":"Night Terror","floor":33},{"not_picked":["Setup+1","PiercingWail"],"picked":"Deadly Poison","floor":35},{"not_picked":["Dodge and Roll","Quick Slash","Acrobatics"],"picked":"SKIP","floor":38},{"not_picked":["Dodge and Roll","Quick Slash","Acrobatics"],"picked":"SKIP","floor":38},{"not_picked":["Slice","Deflect"],"picked":"Blur","floor":39},{"not_picked":["Bane","Bouncing Flask"],"picked":"Deadly Poison","floor":40},{"not_picked":["Quick Slash","Blade Dance+1"],"picked":"PiercingWail+1","floor":45},{"not_picked":["Finisher","Bullet Time+1"],"picked":"Outmaneuver+1","floor":46}],"player_experience":701309,"relics_obtained":[{"floor":6,"key":"PreservedInsect"},{"floor":8,"key":"Snake Skull"},{"floor":9,"key":"Tiny Chest"},{"floor":23,"key":"Regal Pillow"},{"floor":26,"key":"Mercury Hourglass"},{"floor":27,"key":"CeramicFish"},{"floor":30,"key":"Bronze Scales"},{"floor":34,"key":"Bag of Preparation"},{"floor":34,"key":"HornCleat"},{"floor":34,"key":"Unceasing Top"},{"floor":36,"key":"Potion Belt"},{"floor":40,"key":"Ancient Tea Set"},{"floor":43,"key":"Toxic Egg 2"},{"floor":46,"key":"Gambling Chip"}],"event_choices":[{"cards_removed":["Strike_G"],"damage_healed":0,"gold_gain":0,"player_choice":"Offered Basic","damage_taken":0,"max_hp_gain":0,"max_hp_loss":0,"event_name":"Bonfire Elementals","floor":3,"gold_loss":0},{"damage_healed":0,"gold_gain":0,"player_choice":"Simplicity","damage_taken":0,"max_hp_gain":0,"max_hp_loss":0,"event_name":"Back to Basics","floor":19,"gold_loss":0,"cards_upgraded":["Strike_G","Strike_G","Strike_G","Strike_G","Defend_G","Defend_G","Defend_G","Defend_G","Defend_G"]},{"cards_removed":["Strike_G"],"damage_healed":0,"gold_gain":0,"player_choice":"Purged","damage_taken":0,"max_hp_gain":0,"max_hp_loss":0,"event_name":"Purifier","floor":21,"gold_loss":0},{"damage_healed":0,"gold_gain":0,"player_choice":"Ignored","damage_taken":0,"max_hp_gain":0,"max_hp_loss":0,"event_name":"Tomb of Lord Red Mask","floor":37,"gold_loss":0},{"damage_healed":14,"gold_gain":0,"player_choice":"Writhe","damage_taken":0,"max_hp_gain":0,"max_hp_loss":0,"event_name":"Winding Halls","floor":41,"gold_loss":0,"cards_obtained":["Writhe"]},{"damage_healed":0,"gold_gain":0,"player_choice":"Bought 3 Potions","damage_taken":0,"max_hp_gain":0,"max_hp_loss":0,"event_name":"The Woman in Blue","floor":47,"gold_loss":0}],"is_beta":false,"boss_relics":[{"not_picked":["HoveringKite","Velvet Choker"],"picked":"Runic Pyramid"},{"not_picked":["Pandora\u0027s Box","Cursed Key"],"picked":"Calling Bell"}],"items_purged_floors":[],"is_endless":false,"potions_floor_spawned":[1,2,6,8,18,28,29,35,46],"killed_by":"Spire Growth","ascension_level":15}}