{"host":"vjhid0i9rv2rumop","time":1610552441,"event":{"mods":["BaseMod","Better Third Choice","BetterRewards","Colored Map","Colored Powertips","Downfall","Minty Spire (QoL Compilation)","Quick Restart","Rare Cards Sparkle","Replay The Spire","StSLib"],"gold_per_floor":[116,127,0,18,31,31,59,76,101,101,38,49,75,23,23,127,127,142,156,156,156],"floor_reached":20,"language":"ENG","playtime":1273,"items_purged":["Regret"],"score":195,"play_id":"e732709a-5ed6-44fe-b06d-d194d36a2280","local_time":"20210113104041","is_ascension_mode":true,"campfire_choices":[{"data":"Carnage","floor":6,"key":"SMITH"}],"circlet_count":0,"master_deck":["Strike_R","Strike_R","Strike_R","Strike_R","Strike_R","Defend_R","Defend_R","Defend_R","Defend_R","Bash","Pummel","Carnage+1","Shrug It Off","Enlightenment","Iron Wave","Anger","ReplayTheSpireMod:Corrosion Curse","ReplayTheSpireMod:Strike From Hell","Defy Death","Disarm","Replay:Undeath\u0027s Touch+1","Eclipse","Replay:Undeath\u0027s Touch","Feel No Pain+1"],"relics":["Burning Blood","Pocketwatch","Pet Ghost","MawBank","PreservedInsect","Black Star"],"acts_visited":["Exordium","TheCity"],"potions_floor_usage":[7,12,16,16],"damage_taken":[{"damage":0,"enemies":"Small Slimes","floor":1,"turns":3},{"damage":1,"enemies":"2 Louse","floor":2,"turns":2},{"damage":2,"enemies":"Jaw Worm","floor":4,"turns":4},{"damage":3,"enemies":"Exordium Wildlife","floor":5,"turns":4},{"damage":4,"enemies":"3 Sentries","floor":7,"turns":6},{"damage":0,"enemies":"2 Fungi Beasts","floor":8,"turns":2},{"damage":17,"enemies":"Exordium Thugs","floor":12,"turns":6},{"damage":15,"enemies":"Gremlin Nob","floor":13,"turns":3},{"damage":60,"enemies":"Fading Forest","floor":16,"turns":11},{"damage":37,"enemies":"2 Thieves","floor":18,"turns":4},{"damage":3,"enemies":"3 Byrds","floor":19,"turns":5},{"damage":8,"enemies":"Shelled Parasite and Fungi","floor":20,"turns":2}],"seed_played":"247590469202120576","potions_obtained":[{"floor":4,"key":"Block Potion"},{"floor":5,"key":"Block Potion"},{"floor":12,"key":"Explosive Potion"},{"floor":13,"key":"Adrenaline Potion"}],"is_trial":false,"path_per_floor":["M","M","?","M","M","R","E","M","T","?","$","M","E","$","R_BF","B",null,"M","M","M"],"character_chosen":"IRONCLAD","items_purchased":["Replay:Undeath\u0027s Touch"],"campfire_rested":0,"item_purchase_floors":[14],"current_hp_per_floor":[50,55,61,65,68,68,70,76,76,76,76,65,56,56,81,29,86,55,58,50,50],"gold":156,"neow_bonus":"","is_daily":false,"chose_seed":false,"campfire_upgraded":1,"win_rate":0.0,"timestamp":1610552441,"path_taken":["M","M","?","M","M","R","E","M","T","?","$","M","E","$","R_BF","BOSS","M","M","M"],"items_purchased_type":["Card"],"build_version":"2020-12-22","purchased_purges":1,"victory":false,"max_hp_per_floor":[80,80,86,86,86,86,86,86,86,86,86,86,86,86,86,86,86,86,86,86,86],"card_choices":[{"not_picked":["Iron Wave","Body Slam"],"picked":"Carnage","floor":1},{"not_picked":["Disarm","Entrench"],"picked":"Shrug It Off","floor":2},{"not_picked":["Thunderclap","Wild Strike"],"picked":"Iron Wave","floor":4},{"not_picked":["Bludgeon","Headbutt"],"picked":"Anger","floor":5},{"not_picked":["Armaments","Evolve"],"picked":"ReplayTheSpireMod:Corrosion Curse","floor":7},{"not_picked":["Twin Strike","Pommel Strike"],"picked":"ReplayTheSpireMod:Strike From Hell","floor":8},{"not_picked":["Sever Soul","Armaments"],"picked":"Defy Death","floor":12},{"not_picked":["Sword Boomerang","Juggernaut"],"picked":"Disarm","floor":13},{"not_picked":["Feed","Barricade"],"picked":"Eclipse","floor":16},{"not_picked":["Shrug It Off","Flame Barrier"],"picked":"Replay:Undeath\u0027s Touch","floor":18},{"not_picked":["Clothesline","ReplayTheSpireMod:Muscle Training"],"picked":"Feel No Pain+1","floor":19}],"player_experience":106742,"relics_obtained":[{"floor":7,"key":"Pet Ghost"},{"floor":13,"key":"PreservedInsect"}],"event_choices":[{"damage_healed":0,"gold_gain":0,"player_choice":"RENOUNCE","damage_taken":127,"max_hp_gain":0,"max_hp_loss":0,"event_name":"betterThird:BetterSerpent","floor":3,"gold_loss":127,"cards_obtained":["Enlightenment"]},{"damage_healed":0,"gold_gain":0,"player_choice":"Box","damage_taken":0,"relics_obtained":["MawBank"],"max_hp_gain":0,"max_hp_loss":0,"event_name":"Big Fish","floor":10,"gold_loss":0,"cards_obtained":["Regret"]}],"is_beta":false,"boss_relics":[{"not_picked":["Tiny House","Runic Pyramid"],"picked":"Black Star"}],"items_purged_floors":[11],"is_endless":false,"potions_floor_spawned":[4,5,12,13],"killed_by":"Shelled Parasite and Fungi","ascension_level":1}}