{"host":"qrt7o4dq2qslzw13","time":1610519587,"event":{"mods":["AchievementEnabler","BaseMod","Colored Map","Colored Powertips","Minty Spire (QoL Compilation)","Quick Restart","StSLib","SuperFastMode"],"gold_per_floor":[119,69,144,14,27,27,40,53,76,94,94,108,108,119,119,215,215,229,77,89,14,14,14,30,30,53,93,125,137,160,172,184,293,305,336,365,388,111,125,125,138,158,158,158,175,175,175,194,194,194,194,194,43,72,72,72],"floor_reached":55,"language":"ENG","playtime":1728,"items_purged":["Defend_R"],"score":660,"play_id":"61a88b7f-5e90-4fdd-b309-91a61a82d324","local_time":"20210113013307","is_ascension_mode":false,"campfire_choices":[{"data":"Twin Strike","floor":6.0,"key":"SMITH"},{"data":"Evolve","floor":11.0,"key":"SMITH"},{"data":"Spot Weakness","floor":13.0,"key":"SMITH"},{"data":"Thunderclap","floor":15.0,"key":"SMITH"},{"data":"Immolate","floor":23.0,"key":"SMITH"},{"floor":25.0,"key":"REST"},{"data":"Heavy Blade","floor":29.0,"key":"SMITH"},{"data":"Combust","floor":32.0,"key":"SMITH"},{"data":"Bash","floor":40.0,"key":"SMITH"},{"floor":44.0,"key":"REST"},{"data":"Whirlwind","floor":46.0,"key":"SMITH"},{"floor":49.0,"key":"RECALL"},{"data":"Double Tap","floor":52.0,"key":"SMITH"}],"circlet_count":0,"master_deck":["Strike_R","Defend_R","Defend_R","Defend_R","Bash+1","Jack Of All Trades+1","Twin Strike+1","Spot Weakness+1","Impatience+1","Thunderclap+1","Hemokinesis","Combust+1","Evolve+1","Shockwave","Flex","Immolate+1","Armaments+1","Necronomicurse","Heavy Blade+1","Spot Weakness+1","Bloodletting","Rage+1","Fire Breathing","Double Tap+1","Seeing Red","Shrug It Off","Rupture+1","Shrug It Off","Whirlwind+1","Second Wind","Battle Trance"],"relics":["Burning Blood","War Paint","Empty Cage","Strange Spoon","Necronomicon","MawBank","Potion Belt","Mark of Pain","Lee\u0027s Waffle","Vajra","Cauldron","Pen Nib"],"acts_visited":["TheCity","TheBeyond","TheEnding"],"potions_floor_usage":[55,55,55,55,55],"damage_taken":[{"damage":5.0,"enemies":"2 Louse","floor":1.0,"turns":3.0},{"damage":6.0,"enemies":"Jaw Worm","floor":5.0,"turns":3.0},{"damage":0.0,"enemies":"Cultist","floor":7.0,"turns":2.0},{"damage":9.0,"enemies":"Gremlin Gang","floor":8.0,"turns":4.0},{"damage":3.0,"enemies":"2 Fungi Beasts","floor":10.0,"turns":3.0},{"damage":6.0,"enemies":"Red Slaver","floor":12.0,"turns":2.0},{"damage":6.0,"enemies":"Large Slime","floor":14.0,"turns":5.0},{"damage":38.0,"enemies":"The Guardian","floor":16.0,"turns":9.0},{"damage":0.0,"enemies":"3 Byrds","floor":18.0,"turns":3.0},{"damage":24.0,"enemies":"Spheric Guardian","floor":20.0,"turns":4.0},{"damage":8.0,"enemies":"Centurion and Healer","floor":24.0,"turns":4.0},{"damage":7.0,"enemies":"Gremlin Leader","floor":27.0,"turns":2.0},{"damage":5.0,"enemies":"Chosen and Byrds","floor":28.0,"turns":3.0},{"damage":2.0,"enemies":"Snecko","floor":30.0,"turns":3.0},{"damage":46.0,"enemies":"Automaton","floor":33.0,"turns":5.0},{"damage":17.0,"enemies":"Orb Walker","floor":35.0,"turns":4.0},{"damage":22.0,"enemies":"3 Darklings","floor":36.0,"turns":5.0},{"damage":11.0,"enemies":"Sphere and 2 Shapes","floor":37.0,"turns":2.0},{"damage":10.0,"enemies":"4 Shapes","floor":39.0,"turns":6.0},{"damage":30.0,"enemies":"Spire Growth","floor":41.0,"turns":3.0},{"damage":31.0,"enemies":"Writhing Mass","floor":42.0,"turns":5.0},{"damage":0.0,"enemies":"3 Darklings","floor":45.0,"turns":1.0},{"damage":2.0,"enemies":"4 Shapes","floor":48.0,"turns":1.0},{"damage":68.0,"enemies":"Donu and Deca","floor":50.0,"turns":5.0},{"damage":20.0,"enemies":"Shield and Spear","floor":54.0,"turns":5.0},{"damage":65,"enemies":"The Heart","floor":55,"turns":5}],"seed_played":"-7053807540436149223","potions_obtained":[{"floor":5.0,"key":"PowerPotion"},{"floor":7.0,"key":"BlessingOfTheForge"},{"floor":10.0,"key":"Weak Potion"},{"floor":12.0,"key":"Ancient Potion"},{"floor":18.0,"key":"FearPotion"},{"floor":20.0,"key":"EntropicBrew"},{"floor":30.0,"key":"LiquidMemories"},{"floor":35.0,"key":"DuplicationPotion"},{"floor":36.0,"key":"SpeedPotion"},{"floor":48.0,"key":"Swift Potion"},{"floor":53.0,"key":"Explosive Potion"},{"floor":53.0,"key":"HeartOfIron"},{"floor":53.0,"key":"LiquidBronze"},{"floor":53.0,"key":"Swift Potion"},{"floor":53.0,"key":"Strength Potion"},{"floor":54.0,"key":"EntropicBrew"}],"is_trial":false,"path_per_floor":["M","?","?","$","M","R","M","M","T","M","R","M","R","M","R","B",null,"M","$","M","$","?","R","M","R","T","E","M","R","M","?","R","B",null,"M","M","M","$","M","R","M","M","T","R","M","R","?","M","R","B",null,"R","$","E","B"],"character_chosen":"IRONCLAD","items_purchased":["Spot Weakness","Impatience","Strange Spoon","Lee\u0027s Waffle","Vajra","Cauldron"],"campfire_rested":2,"item_purchase_floors":[4,4,19,38,38,53],"current_hp_per_floor":[80,80,69,69,69,69,75,72,72,75,75,75,75,75,75,43,80,80,80,62,62,46,46,44,68,68,67,68,68,72,72,72,32,80,69,53,48,87,83,83,59,34,34,60,66,66,66,70,70,8,87,87,87,73,8,8],"gold":72,"neow_bonus":"RANDOM_COLORLESS","is_daily":false,"chose_seed":false,"campfire_upgraded":10,"win_rate":0.0,"timestamp":1610519587,"path_taken":["M","?","?","?","M","R","M","M","T","M","R","M","R","?","R","BOSS","M","$","M","$","?","R","M","R","T","E","M","R","M","?","R","BOSS","M","M","M","$","?","R","?","M","T","R","M","R","?","?","R","BOSS","R","$","E","BOSS"],"items_purchased_type":["Card","Card","Relic","Relic","Relic","Relic"],"build_version":"2020-12-22","purchased_purges":1,"victory":false,"max_hp_per_floor":[80,80,80,80,80,80,80,80,80,80,80,80,80,80,80,80,80,80,80,80,80,80,80,80,80,80,80,80,80,80,80,80,80,80,80,80,80,87,87,87,87,87,87,87,87,87,87,87,87,87,87,87,87,87,87,87],"card_choices":[{"not_picked":["Forethought","Deep Breath"],"picked":"Jack Of All Trades","floor":0.0},{"not_picked":["Iron Wave","Second Wind"],"picked":"Twin Strike","floor":1.0},{"not_picked":["Perfected Strike","Sword Boomerang"],"picked":"Thunderclap","floor":5.0},{"not_picked":["Anger","Disarm"],"picked":"Hemokinesis","floor":7.0},{"not_picked":["Shrug It Off","True Grit"],"picked":"Combust","floor":8.0},{"not_picked":["Body Slam","Pommel Strike"],"picked":"Evolve","floor":10.0},{"not_picked":["Clash","Infernal Blade"],"picked":"Shockwave","floor":12.0},{"not_picked":["Thunderclap","Body Slam"],"picked":"Flex","floor":14.0},{"not_picked":["Fiend Fire","Reaper"],"picked":"Immolate","floor":16.0},{"not_picked":["Anger","Havoc","Fire Breathing"],"picked":"SKIP","floor":18.0},{"not_picked":["Iron Wave","Havoc+1"],"picked":"Armaments+1","floor":20.0},{"not_picked":["Sword Boomerang","Twin Strike"],"picked":"Heavy Blade","floor":24.0},{"not_picked":["Dual Wield","Hemokinesis"],"picked":"Spot Weakness+1","floor":27.0},{"not_picked":["Body Slam","Thunderclap+1"],"picked":"Bloodletting","floor":28.0},{"not_picked":["Battle Trance","Clothesline"],"picked":"Rage+1","floor":30.0},{"not_picked":["Juggernaut","Brutality"],"picked":"Double Tap","floor":33.0},{"not_picked":["Body Slam","Evolve"],"picked":"Seeing Red","floor":35.0},{"not_picked":["Blood for Blood+1","Heavy Blade"],"picked":"Shrug It Off","floor":36.0},{"not_picked":["Evolve","Flex+1"],"picked":"Rupture+1","floor":37.0},{"not_picked":["Havoc","Thunderclap"],"picked":"Shrug It Off","floor":39.0},{"not_picked":["Uppercut+1","Rampage","Combust"],"picked":"SKIP","floor":41.0},{"not_picked":["Barricade","Body Slam"],"picked":"Whirlwind","floor":42.0},{"not_picked":["Dual Wield+1","Blood for Blood+1","Hemokinesis+1"],"picked":"SKIP","floor":45.0},{"not_picked":["Havoc+1","Combust"],"picked":"Second Wind","floor":48.0},{"not_picked":["Sword Boomerang+1","Pummel+1"],"picked":"Battle Trance","floor":54.0}],"player_experience":532999,"relics_obtained":[{"floor":9.0,"key":"War Paint"},{"floor":22.0,"key":"Necronomicon"},{"floor":26.0,"key":"MawBank"},{"floor":27.0,"key":"Potion Belt"},{"floor":54.0,"key":"Pen Nib"}],"event_choices":[{"cards_removed":["Strike_R"],"damage_healed":0.0,"max_hp_gain":0.0,"max_hp_loss":0.0,"gold_gain":0.0,"event_name":"The Cleric","player_choice":"Card Removal","floor":2.0,"gold_loss":50.0,"damage_taken":0.0},{"damage_healed":0.0,"max_hp_gain":0.0,"max_hp_loss":0.0,"gold_gain":75.0,"event_name":"World of Goop","player_choice":"Gather Gold","floor":3.0,"gold_loss":0.0,"damage_taken":11.0},{"damage_healed":0.0,"max_hp_gain":0.0,"max_hp_loss":0.0,"gold_gain":0.0,"event_name":"Cursed Tome","player_choice":"Obtained Book","floor":22.0,"gold_loss":0.0,"damage_taken":16.0},{"damage_healed":0.0,"max_hp_gain":0.0,"max_hp_loss":0.0,"gold_gain":0.0,"cards_transformed":["Strike_R"],"event_name":"Transmorgrifier","player_choice":"Transformed","floor":31.0,"gold_loss":0.0,"damage_taken":0.0,"cards_obtained":["Fire Breathing"]},{"damage_healed":0.0,"max_hp_gain":0.0,"max_hp_loss":0.0,"gold_gain":0.0,"event_name":"NoteForYourself","player_choice":"Ignored","floor":47.0,"gold_loss":0.0,"damage_taken":0.0}],"is_beta":false,"boss_relics":[{"not_picked":["Astrolabe","Snecko Eye"],"picked":"Empty Cage"},{"not_picked":["Runic Cube","Sozu"],"picked":"Mark of Pain"}],"items_purged_floors":[21],"is_endless":false,"potions_floor_spawned":[5,7,10,12,18,20,30,35,36,48,54],"killed_by":"The Heart","ascension_level":0}}