{"host":"9j9ju8r45kuhshxi","time":1610562232,"event":{"mods":["BaseMod","Colored Map","Colored Powertips","Highlight Path","Marisa（F雨　魔理沙）","Minty Spire (QoL Compilation)","Replay The Spire","Ryuuou龙王","StSLib","[功能]功能增强和修复MOD"],"gold_per_floor":[113,63,168,128,139,139,170,170,195,195,222,222,250,269,269,370,370,382,379,379,379,396,430,430,459,459,459,493,473,473,413,413,510,510,524,569,539,552,552,552,577,577,577,610,610,665,696,696,696,713,713,713,713,713,713,743,743],"floor_reached":58,"language":"ZHS","playtime":3767,"items_purged":["Strike_G","Strike_G","Defend_G","Defend_G","Defend_G","Defend_G","Defend_G","ReplayTheSpireMod:Splinters","Survivor","Draining Mist","Draining Mist","Deadly Poison","Hidden Blade","Neutralize","Endless Agony","ReplayTheSpireMod:The Works","Regret","Doubt","Languid"],"score":1932,"play_id":"b63b5bc7-040a-4173-aba4-d4cff8c99a96","local_time":"20210114022352","is_ascension_mode":true,"campfire_choices":[{"floor":6.0,"key":"RECALL"},{"data":"ReplayTheSpireMod:Faulty Equipment","floor":8,"key":"SMITH"},{"data":"Deadly Poison","floor":10,"key":"SMITH"},{"floor":12,"key":"REST"},{"floor":15,"key":"REST"},{"floor":24,"key":"REST"},{"floor":27,"key":"REST"},{"floor":30,"key":"REST"},{"floor":32,"key":"REST"},{"floor":40,"key":"REST"},{"floor":42,"key":"REST"},{"floor":45,"key":"REST"},{"data":"Noxious Fumes","floor":51,"key":"SMITH"},{"floor":54,"key":"REST"}],"circlet_count":0,"master_deck":["Tools of the Trade+1","Terror+1","Deadly Poison+1","Dagger Throw+1","Riddle With Holes+1","Draining Mist+1","Acrobatics+1","Envenom+1","Hidden Blade+1","Draining Mist+1","Accuracy+1","Secret Weapon+1","Deflect+1","Poisoned Stab+1","Acrobatics+1","ReplayTheSpireMod:The Works+1","ReplayUltimateDefense+1","Poisoned Stab+1","Cloak And Dagger+1","Atom Bomb+1","ReplayTheSpireMod:Tripwire+1","Replay:Poison Smokescreen+1","Crippling Poison+1","Magnetism+1","Deadly Poison+1","Caltrops+1","Blade Dance+1","Expertise+1","ReplayTheSpireMod:Necrosis+1","Replay:Poison Smokescreen+1","Predator+1","A Thousand Cuts+1","Dagger Spray+1","PiercingWail+1","Noxious Fumes+1","Phantasmal Killer","Deflect+1","Blur+1"],"relics":["Ring of the Snake","Akabeko","Strange Spoon","Dream Catcher","StrikeDummy","Ancient Tea Set","Gremlin Food","Divine Protection","Replay:Drink Me","Membership Card","Snack Pack","Question Card","Toy Ornithopter","StoneCalendar","Mercury Hourglass","Replay:Bottled Snecko","Frozen Eye","ReplayTheSpireMod:Shallot","Bottled Lightning","Replay:Ancient Bell","Bag of Preparation","Replay:Bottled Eggs","Torii","Ginger","TheAbacus","Replay:PocketPolymizer","Basket Of Snakes","Mark of the Bloom","ReplayFunnel","Pear","Eternal Feather","CatCart","Mirror","Chemical X","Boot","Vajra","Blood Vial"],"acts_visited":["Exordium","TheCity","TheBeyond","TheEnding"],"potions_floor_usage":[7,7,7,13,16,33,33,52,52,57],"damage_taken":[{"damage":1.0,"enemies":"Small Slimes","floor":1.0,"turns":3.0},{"damage":0.0,"enemies":"2 Louse","floor":5.0,"turns":1.0},{"damage":9,"enemies":"3 Sentries","floor":7,"turns":3},{"damage":0,"enemies":"Gremlin Nob","floor":11,"turns":1},{"damage":0,"enemies":"3 Sentries","floor":13,"turns":2},{"damage":0,"enemies":"Jaw Worm","floor":14,"turns":2},{"damage":19,"enemies":"The Guardian","floor":16,"turns":4},{"damage":0,"enemies":"3 Byrds","floor":18,"turns":1},{"damage":0,"enemies":"Shell Parasite","floor":22,"turns":1},{"damage":0,"enemies":"Book of Stabbing","floor":23,"turns":2},{"damage":0,"enemies":"Gremlin Leader","floor":25,"turns":1},{"damage":0,"enemies":"Book of Stabbing","floor":28,"turns":1},{"damage":0,"enemies":"Champ","floor":33,"turns":3},{"damage":0,"enemies":"3 Shapes","floor":35,"turns":1},{"damage":0,"enemies":"2 Orb Walkers","floor":36,"turns":1},{"damage":0,"enemies":"Orb Walker","floor":38,"turns":1},{"damage":0,"enemies":"R_Hoarder","floor":41,"turns":2},{"damage":0,"enemies":"Giant Head","floor":44,"turns":3},{"damage":0,"enemies":"Orin","floor":46,"turns":2},{"damage":0,"enemies":"R_Hoarder","floor":47,"turns":3},{"damage":0,"enemies":"Jaw Worm Horde","floor":50,"turns":1},{"damage":0,"enemies":"Awakened One","floor":52,"turns":5},{"damage":0,"enemies":"Shield and Spear","floor":56,"turns":2},{"damage":0,"enemies":"The Heart","floor":57,"turns":3}],"seed_played":"-6646901409811198806","potions_obtained":[{"floor":5.0,"key":"SkillPotion"},{"floor":7,"key":"Milkshake"},{"floor":11,"key":"Toxic Potion"},{"floor":11,"key":"Elixir"},{"floor":14,"key":"Fire Potion"},{"floor":16,"key":"Poison Potion"},{"floor":22,"key":"Toxic Potion"},{"floor":28,"key":"ColorlessPotion"},{"floor":28,"key":"AttackPotion"},{"floor":35,"key":"Explosive Potion"},{"floor":36,"key":"Ancient Potion"}],"is_trial":false,"path_per_floor":["M","?","?","$","M","R","E","R","T","R","E","R","E","M","R","B",null,"M","$","?","?","M","E","R","E","T","R","E","$","R","?","R","B",null,"M","?","$","M","?","R","E","R","T","E","R","?","E","PTL","PTL","M","R","B",null,"R","$","E","B",null],"character_chosen":"THE_SILENT","items_purchased":["Strange Spoon","Dream Catcher","StrikeDummy","Deadly Poison","Draining Mist","Adrenaline Potion","ColorlessPotion","Block Potion","Membership Card","Snack Pack","Question Card","Draining Mist","Accuracy","Secret Weapon","Frozen Eye","ReplayTheSpireMod:Shallot","Bottled Lightning","ReplayTheSpireMod:The Works","ReplayUltimateDefense","TheAbacus","Replay:PocketPolymizer","Basket Of Snakes","Crippling Poison","Magnetism","FairyPotion","Chemical X","Boot","Vajra","FairyPotion","Venom Potion"],"campfire_rested":10,"item_purchase_floors":[4,4,4,4,4,4,4,4,19,19,19,19,19,19,29,29,29,29,29,37,37,37,37,37,37,55,55,55,55,55],"current_hp_per_floor":[69,69,69,69,69,69,60,60,60,60,60,70,70,70,70,51,53,53,53,45,45,47,51,58,58,58,58,58,58,58,58,58,58,58,58,58,58,58,58,58,58,58,58,58,58,58,58,58,58,58,58,58,58,58,58,58,58],"gold":743,"neow_bonus":"THREE_RARE_CARDS","is_daily":false,"chose_seed":false,"campfire_upgraded":3,"win_rate":0.0,"timestamp":1610562232,"path_taken":["M","?","?","$","M","R","E","R","T","R","E","R","E","?","R","BOSS","M","$","?","?","?","E","R","E","T","R","E","$","R","?","R","BOSS","M","?","$","M","?","R","E","R","T","E","R","?","E","PTL","PTL","M","R","BOSS","R","$","E","BOSS"],"items_purchased_type":["Relic","Relic","Relic","Card","Card","Potion","Potion","Potion","Relic","Relic","Relic","Card","Card","Card","Relic","Relic","Relic","Card","Card","Relic","Relic","Relic","Card","Card","Potion","Relic","Relic","Relic","Potion","Potion"],"build_version":"2020-12-22","purchased_purges":19,"victory":true,"max_hp_per_floor":[70,70,70,70,70,70,70,70,70,70,70,70,70,70,70,70,53,53,53,58,58,58,58,58,58,58,58,58,58,58,58,58,58,58,58,58,58,58,58,58,58,58,68,68,68,68,68,68,68,68,68,68,68,68,68,68,68],"card_choices":[{"not_picked":["Venomology","Die Die Die"],"picked":"Tools of the Trade","floor":0.0},{"not_picked":["Bane","ReplayTheSpireMod:The Works"],"picked":"Hidden Blade","floor":1.0},{"not_picked":["Flying Knee","Slice"],"picked":"Terror","floor":3.0},{"not_picked":["All Out Attack","Escape Plan"],"picked":"Deadly Poison","floor":3.0},{"not_picked":["Choke","Outmaneuver"],"picked":"Calculated Gamble","floor":5.0},{"not_picked":["Dash","Backstab"],"picked":"ReplayTheSpireMod:From All Sides","floor":7},{"not_picked":["Adrenaline","Caltrops"],"picked":"Dagger Throw","floor":11},{"not_picked":["PiercingWail","Sucker Punch"],"picked":"Riddle With Holes","floor":12},{"not_picked":["Underhanded Strike","Deadly Poison"],"picked":"Draining Mist","floor":13},{"not_picked":["Eviscerate","Blade Dance"],"picked":"Acrobatics","floor":14},{"not_picked":["Prepared","Quick Slash"],"picked":"Endless Agony","floor":15},{"not_picked":["Venomology","Poison Darts"],"picked":"Envenom","floor":16},{"not_picked":["Footwork","Flechettes"],"picked":"Hidden Blade","floor":18},{"not_picked":["Draining Mist","Underhanded Strike+1","Finisher"],"picked":"Deflect+1","floor":22},{"not_picked":["Underhanded Strike+1","Sucker Punch","Hidden Blade"],"picked":"Expertise","floor":23},{"not_picked":["Dagger Throw","ReplayTheSpireMod:Scrap Shanks","ReplayTheSpireMod:The Works"],"picked":"Poisoned Stab+1","floor":24},{"not_picked":["ReplayTheSpireMod:Scrap Shanks","Reflex","Footwork"],"picked":"Acrobatics+1","floor":25},{"not_picked":["PiercingWail","Slice","Eviscerate"],"picked":"Outmaneuver+1","floor":27},{"not_picked":["ReplayTheSpireMod:Shiv Toss","Bullet Time","Outmaneuver+1","Dagger Spray"],"picked":"SKIP","floor":28},{"not_picked":["Flying Knee","Underhanded Strike","Infinite Blades"],"picked":"Poisoned Stab+1","floor":30},{"not_picked":["Reflex","Deflect","Underhanded Strike"],"picked":"Cloak And Dagger","floor":32},{"not_picked":["Burst","Poison Darts","Storm of Steel"],"picked":"Atom Bomb","floor":33},{"not_picked":["Hallucinations","Replay:Hysterical Blindness","Delirium"],"picked":"Doubt","floor":34},{"not_picked":["ReplayTheSpireMod:Splinters","Amnesia","ReplayTheSpireMod:Doomed"],"picked":"Languid","floor":34},{"not_picked":["Replay:Hysterical Blindness","Hallucinations","ReplayTheSpireMod:Restless Dread"],"picked":"Regret","floor":34},{"not_picked":["Deflect+1","Dagger Spray+1","Blade Dance"],"picked":"ReplayTheSpireMod:Tripwire+1","floor":35},{"not_picked":["Blade Dance","Poisoned Stab","Quick Slash+1"],"picked":"Replay:Poison Smokescreen+1","floor":36},{"not_picked":["Caltrops+1","Blade Dance+1","Flechettes+1"],"picked":"Deadly Poison+1","floor":38},{"not_picked":["Bane","Leg Sweep","Backflip"],"picked":"Blade Dance+1","floor":40},{"not_picked":["PiercingWail+1","Slice+1","Finisher+1"],"picked":"Expertise+1","floor":41},{"not_picked":["Bane","Terror","Cloak And Dagger+1"],"picked":"Replay:Poison Smokescreen+1","floor":42},{"not_picked":["ReplayTheSpireMod:Shiv Toss","Eviscerate","Caltrops"],"picked":"Predator","floor":44},{"not_picked":["ReplayTheSpireMod:Scrap Shanks+1","Well Laid Plans","ReplayTheSpireMod:The Works+1"],"picked":"A Thousand Cuts","floor":45},{"not_picked":["Hidden Blade","Flying Knee","Expertise"],"picked":"Dagger Spray+1","floor":46},{"not_picked":["Slice+1","Deflect+1","Riddle With Holes"],"picked":"PiercingWail+1","floor":47},{"not_picked":["Outmaneuver","Cloak And Dagger+1","Dodge and Roll"],"picked":"Noxious Fumes","floor":50},{"not_picked":["Outmaneuver+1","PiercingWail","Backflip"],"picked":"Deflect+1","floor":54},{"not_picked":["Blade Dance+1","Underhanded Strike+1","Tactician"],"picked":"Blur+1","floor":56}],"player_experience":89249,"relics_obtained":[{"floor":3.0,"key":"Akabeko"},{"floor":7,"key":"Ancient Tea Set"},{"floor":11,"key":"Gremlin Food"},{"floor":13,"key":"Divine Protection"},{"floor":23,"key":"Toy Ornithopter"},{"floor":25,"key":"StoneCalendar"},{"floor":26,"key":"Mercury Hourglass"},{"floor":28,"key":"Replay:Bottled Snecko"},{"floor":36,"key":"Ginger"},{"floor":41,"key":"ReplayFunnel"},{"floor":43,"key":"Pear"},{"floor":44,"key":"Eternal Feather"},{"floor":46,"key":"CatCart"},{"floor":47,"key":"Mirror"},{"floor":56,"key":"Blood Vial"}],"event_choices":[{"cards_removed":["Strike_G"],"damage_healed":0.0,"max_hp_gain":0.0,"max_hp_loss":0.0,"gold_gain":0.0,"event_name":"The Cleric","player_choice":"Card Removal","floor":2.0,"gold_loss":50.0,"damage_taken":0.0},{"damage_healed":0,"gold_gain":0,"player_choice":"Shed Blood","damage_taken":13,"max_hp_gain":5,"max_hp_loss":0,"event_name":"Forgotten Altar","floor":20,"gold_loss":0},{"damage_healed":0,"gold_gain":0,"player_choice":"Bought 0 Potions","damage_taken":0,"max_hp_gain":0,"max_hp_loss":0,"event_name":"The Woman in Blue","floor":21,"gold_loss":0},{"damage_healed":0,"gold_gain":0,"player_choice":"Fight","damage_taken":0,"max_hp_gain":0,"max_hp_loss":0,"event_name":"Mysterious Sphere","floor":36,"gold_loss":0},{"damage_healed":0,"gold_gain":0,"player_choice":"Upgrade","damage_taken":0,"relics_obtained":["Mark of the Bloom"],"max_hp_gain":0,"max_hp_loss":0,"event_name":"MindBloom","floor":39,"gold_loss":0,"cards_upgraded":["ReplayTheSpireMod:From All Sides","Dagger Throw","Riddle With Holes","Acrobatics","Envenom","Hidden Blade","Accuracy","Expertise","ReplayUltimateDefense","Cloak And Dagger","Crippling Poison","Magnetism"]},{"damage_healed":0,"gold_gain":0,"player_choice":"Fight","damage_taken":0,"max_hp_gain":0,"max_hp_loss":0,"event_name":"OrinTheCat","floor":46,"gold_loss":0}],"is_beta":false,"boss_relics":[{"not_picked":["Abe\u0027s Treasure","SacredBark"],"picked":"Replay:Drink Me"},{"not_picked":["SlaversCollar","Snecko Scales"],"picked":"Replay:Ancient Bell"},{"not_picked":["Lantern","Centennial Puzzle"],"picked":"Bag of Preparation"},{"not_picked":["Molten Egg 2","Replay:Bottled Steam"],"picked":"Replay:Bottled Eggs"},{"not_picked":["Replay:Towering Pillar of Hats","Gambling Chip"],"picked":"Torii"}],"items_purged_floors":[4,4,4,4,4,4,4,4,19,29,29,29,29,37,37,37,37,37,37],"is_endless":false,"potions_floor_spawned":[5,5,7,11,11,11,14,16,16,18,22,23,25,25,28,28,28,35,36,38,41,41,46,47,47,56],"ascension_level":2}}