{"host":"8d3fefv2347kqkpz","time":1610555730,"event":{"mods":["100% Spire Juice","BaseMod","Better Vampires","Colored Map","Downfall","Minty Spire (QoL Compilation)","Quick Restart","Replay The Spire","StSLib","The Gatherer","Waifu the Spire"],"gold_per_floor":[111,111,130,130,151,151,169,169,169,169,189,224,247,247,247,368,368,389,86,101,125,149,149,168,93,93,93,93],"floor_reached":27,"language":"ZHS","playtime":1453,"items_purged":[],"score":217,"play_id":"53faf0d4-8081-4638-b773-e6a72e4af7a6","local_time":"20210114003530","is_ascension_mode":false,"campfire_choices":[{"data":"Deadly Poison","floor":6,"key":"SMITH"},{"data":"Toxin Wave","floor":8,"key":"SMITH"},{"data":"Deflect","floor":10,"key":"SMITH"},{"floor":15,"key":"REST"},{"floor":23,"key":"REST"}],"circlet_count":0,"master_deck":["Strike_G","Strike_G","Strike_G","Strike_G","Defend_G","Defend_G","Defend_G","Defend_G","Defend_G","Survivor+1","Neutralize","Slice","Deflect+1","Deadly Poison+1","Toxin Wave+1","Draining Mist","Envenom","Adrenaline","Deadly Poison","Footwork","Deflect+1","Deadly Poison","Deflect+1","Footwork","Poisoned Stab","Bouncing Flask","Night Terror"],"relics":["Ring of the Snake","Golden Idol","Kunai","Replay:Arrowhead","Replay:Multitool","SacredBark","Orrery","Gambling Chip"],"acts_visited":["Exordium","TheCity"],"potions_floor_usage":[20,24,24],"damage_taken":[{"damage":0,"enemies":"Small Slimes","floor":1,"turns":5},{"damage":0,"enemies":"Jaw Worm","floor":3,"turns":4},{"damage":0,"enemies":"Cultist","floor":5,"turns":4},{"damage":8,"enemies":"Exordium Thugs","floor":7,"turns":5},{"damage":0,"enemies":"Large Slime","floor":11,"turns":5},{"damage":25,"enemies":"Gremlin Nob","floor":12,"turns":5},{"damage":0,"enemies":"3 Louse","floor":13,"turns":2},{"damage":38,"enemies":"Hexaghost","floor":16,"turns":10},{"damage":17,"enemies":"3 Byrds","floor":18,"turns":5},{"damage":6,"enemies":"Spheric Guardian","floor":20,"turns":5},{"damage":7,"enemies":"Snake Plant","floor":21,"turns":5},{"damage":33,"enemies":"Shelled Parasite and Fungi","floor":22,"turns":6},{"damage":18,"enemies":"Snecko","floor":24,"turns":6},{"damage":28,"enemies":"Centurion and Healer","floor":27,"turns":6}],"seed_played":"-8608002934707565484","potions_obtained":[{"floor":5,"key":"Flashbang"},{"floor":7,"key":"SneckoOil"},{"floor":13,"key":"champ:CounterPotion"},{"floor":16,"key":"Swift Potion"},{"floor":20,"key":"Fruit Juice"},{"floor":21,"key":"PowerPotion"}],"is_trial":false,"path_per_floor":["M","?","M","?","M","R","M","R","T","R","M","E","M","T","R","B",null,"M","$","M","M","M","R","M","?","T","M"],"character_chosen":"THE_SILENT","items_purchased":["Deadly Poison","Footwork","Deflect+1","Orrery"],"campfire_rested":2,"item_purchase_floors":[19,19,19,19],"current_hp_per_floor":[77,71,71,71,71,71,63,63,63,63,63,38,38,38,59,21,71,54,54,58,51,18,42,24,24,24,0,0],"gold":93,"neow_bonus":"TEN_PERCENT_HP_BONUS","is_daily":false,"chose_seed":false,"campfire_upgraded":3,"win_rate":0.0,"timestamp":1610555730,"path_taken":["M","?","M","?","?","R","M","R","T","R","M","E","M","?","R","BOSS","M","$","M","M","M","R","M","?","T","M"],"items_purchased_type":["Card","Card","Card","Relic"],"build_version":"2020-12-22","purchased_purges":0,"victory":false,"max_hp_per_floor":[77,71,71,71,71,71,71,71,71,71,71,71,71,71,71,71,71,71,71,81,81,81,81,81,81,81,81,81],"card_choices":[{"not_picked":["PiercingWail","Well Laid Plans","Slice"],"picked":"SKIP","floor":1},{"not_picked":["PiercingWail","Well Laid Plans"],"picked":"Slice","floor":1},{"not_picked":["Bane","Dagger Spray"],"picked":"Deflect","floor":3},{"not_picked":["Bane","ReplayTheSpireMod:Scrap Shanks"],"picked":"Deadly Poison","floor":5},{"not_picked":["Flying Knee","Slice"],"picked":"Toxin Wave","floor":7},{"not_picked":["Hidden Blade","Quick Slash","Leg Sweep"],"picked":"SKIP","floor":11},{"not_picked":["Poisoned Stab","Outmaneuver"],"picked":"Draining Mist","floor":12},{"not_picked":["Eviscerate","Riddle With Holes"],"picked":"Envenom","floor":13},{"not_picked":["Malaise","Corpse Explosion"],"picked":"Adrenaline","floor":16},{"not_picked":["Hidden Blade+1","Prepared","Sucker Punch"],"picked":"SKIP","floor":18},{"not_picked":["Hidden Blade","Footwork"],"picked":"Deadly Poison","floor":19},{"not_picked":["Leg Sweep","Bane"],"picked":"Deflect+1","floor":19},{"not_picked":["PiercingWail","Sucker Punch"],"picked":"Footwork","floor":20},{"not_picked":["Deflect","Fluid Movement"],"picked":"Poisoned Stab","floor":21},{"not_picked":["Hidden Blade","Quick Slash+1"],"picked":"Bouncing Flask","floor":22},{"not_picked":["Draining Mist","Sucker Punch"],"picked":"Night Terror","floor":24}],"player_experience":45174,"relics_obtained":[{"floor":9,"key":"Kunai"},{"floor":12,"key":"Replay:Arrowhead"},{"floor":14,"key":"Replay:Multitool"},{"floor":26,"key":"Gambling Chip"}],"event_choices":[{"damage_healed":0,"gold_gain":0,"player_choice":"Lose Max HP","damage_taken":0,"relics_obtained":["Golden Idol"],"max_hp_gain":0,"max_hp_loss":6,"event_name":"Golden Idol","floor":2,"gold_loss":0},{"damage_healed":0,"gold_gain":0,"player_choice":"Upgraded","damage_taken":0,"max_hp_gain":0,"max_hp_loss":0,"event_name":"Upgrade Shrine","floor":4,"gold_loss":0,"cards_upgraded":["Survivor"]},{"cards_removed":["Strike_G"],"damage_healed":0,"gold_gain":0,"player_choice":"Gave Gold","damage_taken":0,"max_hp_gain":0,"max_hp_loss":0,"event_name":"Beggar","floor":25,"gold_loss":75}],"is_beta":false,"boss_relics":[{"not_picked":["Fusion Hammer","Painkiller Herb"],"picked":"SacredBark"}],"items_purged_floors":[],"is_endless":false,"potions_floor_spawned":[5,7,13,16,20,21],"killed_by":"Centurion and Healer","ascension_level":0}}