{"host":"a1eatafr7pisesky","time":1610537110,"event":{"mods":["AchievementEnabler","BaseMod","Colored Map","Keyboard Shortcuts","Minty Spire (QoL Compilation)","Say the Spire","StSLib","SuperFastMode","everything is the same but u backflip on backflip"],"gold_per_floor":[16,36,55,71,89,89,122,122,122,157,157,177,177,190,190,293,343,356,356,356,114,124,124,154,154,225,243,243,243],"floor_reached":28,"language":"KOR","playtime":660,"items_purged":["Strike_B"],"score":350,"play_id":"fb59411b-fed4-493d-b656-9a1eac369cfd","local_time":"20210113202510","is_ascension_mode":true,"campfire_choices":[{"floor":6.0,"key":"REST"},{"floor":8.0,"key":"REST"},{"floor":13.0,"key":"REST"},{"data":"Sunder","floor":15.0,"key":"SMITH"},{"floor":23,"key":"REST"},{"floor":25,"key":"REST"}],"circlet_count":0,"master_deck":["Strike_B+1","Defend_B","Defend_B","Defend_B","Zap","Dualcast","Rebound","Darkness","Seek","Redo","Electrodynamics","Turbo","Sunder+1","Buffer","Self Repair","Darkness","Leap","BootSequence+1"],"relics":["Cracked Core","Mercury Hourglass","CaptainsWheel","StrikeDummy","StoneCalendar","Tiny House","MawBank","Bag of Preparation","Frozen Egg 2","White Beast Statue"],"acts_visited":["Exordium","TheCity"],"potions_floor_usage":[24,24,24,24,24,28],"damage_taken":[{"damage":12.0,"enemies":"Jaw Worm","floor":1.0,"turns":2.0},{"damage":5.0,"enemies":"Small Slimes","floor":2.0,"turns":3.0},{"damage":0.0,"enemies":"2 Louse","floor":3.0,"turns":2.0},{"damage":37.0,"enemies":"Exordium Thugs","floor":4.0,"turns":4.0},{"damage":1.0,"enemies":"2 Fungi Beasts","floor":5.0,"turns":3.0},{"damage":8.0,"enemies":"Gremlin Nob","floor":7.0,"turns":3.0},{"damage":16.0,"enemies":"Lagavulin","floor":10.0,"turns":5.0},{"damage":6.0,"enemies":"Looter","floor":12.0,"turns":2.0},{"damage":13.0,"enemies":"Blue Slaver","floor":14.0,"turns":2.0},{"damage":7.0,"enemies":"Slime Boss","floor":16.0,"turns":6.0},{"damage":40.0,"enemies":"Shell Parasite","floor":18.0,"turns":6.0},{"damage":25,"enemies":"2 Thieves","floor":22,"turns":3},{"damage":21,"enemies":"Gremlin Leader","floor":24,"turns":6},{"damage":21,"enemies":"Snake Plant","floor":27,"turns":4},{"damage":29,"enemies":"Book of Stabbing","floor":28,"turns":4}],"seed_played":"-8611393805898818512","potions_obtained":[{"floor":3.0,"key":"Strength Potion"},{"floor":5.0,"key":"EntropicBrew"},{"floor":17.0,"key":"Ancient Potion"},{"floor":22,"key":"FocusPotion"},{"floor":27,"key":"AttackPotion"}],"is_trial":false,"path_per_floor":["M","M","M","M","M","R","E","R","T","E","?","M","R","M","R","B",null,"M","?","?","$","M","R","E","R","T","M","E"],"character_chosen":"DEFECT","items_purchased":["Bag of Preparation","Leap"],"campfire_rested":5,"item_purchase_floors":[21,21],"current_hp_per_floor":[56,51,51,14,13,35,27,49,49,33,21,15,37,24,24,17,66,33,33,33,33,15,39,25,49,49,28,0,0],"gold":243,"neow_bonus":"REMOVE_TWO","is_daily":false,"chose_seed":false,"campfire_upgraded":1,"win_rate":0.0,"timestamp":1610537110,"path_taken":["M","M","M","M","M","R","E","R","T","E","?","M","R","M","R","BOSS","M","?","?","$","M","R","E","R","T","M","E"],"items_purchased_type":["Relic","Card"],"build_version":"2020-12-22","purchased_purges":1,"victory":false,"max_hp_per_floor":[75,75,75,75,75,75,75,75,75,75,75,75,75,75,75,75,80,80,80,80,80,80,80,80,80,80,80,80,80],"card_choices":[{"not_picked":["Redo","Conserve Battery"],"picked":"Rebound","floor":1.0},{"not_picked":["Steam","Double Energy"],"picked":"Darkness","floor":2.0},{"not_picked":["Go for the Eyes","Hologram"],"picked":"Seek","floor":3.0},{"not_picked":["Hologram","Gash"],"picked":"Redo","floor":4.0},{"not_picked":["Steam Power","Tempest","Cold Snap"],"picked":"SKIP","floor":5.0},{"not_picked":["Redo","Sweeping Beam"],"picked":"Electrodynamics","floor":7.0},{"not_picked":["Sweeping Beam","Rip and Tear"],"picked":"Turbo","floor":10.0},{"not_picked":["Gash","Turbo"],"picked":"Sunder","floor":12.0},{"not_picked":["Scrape","Barrage","Gash"],"picked":"SKIP","floor":14.0},{"not_picked":["Hyperbeam","Reboot"],"picked":"Buffer","floor":16.0},{"not_picked":["Loop","Go for the Eyes"],"picked":"Self Repair","floor":17.0},{"not_picked":["Double Energy+1","Streamline"],"picked":"Darkness","floor":18.0},{"not_picked":["Defragment","Coolheaded"],"picked":"BootSequence+1","floor":22},{"not_picked":["Rebound+1","Electrodynamics+1","Rainbow"],"picked":"SKIP","floor":24},{"not_picked":["Redo","Doom and Gloom+1","Consume"],"picked":"SKIP","floor":27}],"player_experience":312133,"relics_obtained":[{"floor":7.0,"key":"Mercury Hourglass"},{"floor":9.0,"key":"CaptainsWheel"},{"floor":10.0,"key":"StrikeDummy"},{"floor":24,"key":"Frozen Egg 2"},{"floor":26,"key":"White Beast Statue"}],"event_choices":[{"damage_healed":0.0,"max_hp_gain":0.0,"max_hp_loss":0.0,"gold_gain":0.0,"event_name":"Scrap Ooze","player_choice":"Success","floor":11.0,"gold_loss":0.0,"damage_taken":12.0,"relics_obtained":["StoneCalendar"]},{"cards_removed":["Strike_B"],"damage_healed":0.0,"max_hp_gain":0.0,"max_hp_loss":0.0,"gold_gain":0.0,"event_name":"Back to Basics","player_choice":"Elegance","floor":19.0,"gold_loss":0.0,"damage_taken":0.0},{"damage_healed":0.0,"max_hp_gain":0.0,"max_hp_loss":0.0,"gold_gain":0.0,"event_name":"WeMeetAgain","player_choice":"Gave Potion","floor":20.0,"gold_loss":0.0,"damage_taken":0.0,"relics_obtained":["MawBank"]}],"is_beta":false,"boss_relics":[{"not_picked":["Busted Crown","Cursed Key"],"picked":"Tiny House"}],"items_purged_floors":[21],"is_endless":false,"potions_floor_spawned":[3,5,10,12,14,18,22,27],"killed_by":"Book of Stabbing","ascension_level":8}}