{"host":"fwszrsv3xaezmgui","time":1610513464,"event":{"mods":["BaseMod","Highlight Path","Minty Spire (QoL Compilation)","Quick Restart"],"gold_per_floor":[118,118,136,136,26,56,76,87,87,87,10,36,66,95,95,196,196,215,230,230,241,258,258,258,258,281,37,66,66,101,101,101,203,203,215,215,270,270,270,270,301,301,301,301],"floor_reached":43,"language":"ENG","playtime":3205,"items_purged":[],"score":508,"play_id":"d8b9063d-8d50-442d-beb3-ced2001e95e5","local_time":"20210112235104","is_ascension_mode":false,"campfire_choices":[{"data":"Zap","floor":10.0,"key":"SMITH"},{"data":"Chill","floor":15.0,"key":"SMITH"},{"floor":23.0,"key":"REST"},{"floor":32.0,"key":"REST"},{"floor":40.0,"key":"REST"}],"circlet_count":0,"master_deck":["Strike_B+1","Strike_B+1","Strike_B+1","Strike_B+1","Defend_B+1","Defend_B+1","Defend_B+1","Defend_B+1","Zap+1","Dualcast","Beam Cell+1","Storm+1","Heatsinks","Melter","Capacitor","Self Repair","Darkness","Chill+1","Coolheaded","Ball Lightning","Electrodynamics","Undo+1","Beam Cell+1","Redo+1","Capacitor+1","Barrage","Loop","BootSequence+1","Streamline+1","Decay","Amplify","Ball Lightning","Secret Weapon","Tempest"],"relics":["Cracked Core","NeowsBlessing","Torii","Ornamental Fan","Bottled Flame","Eternal Feather","Whetstone","SlaversCollar","Gremlin Horn","Bag of Preparation","Juzu Bracelet","White Beast Statue","Nilry\u0027s Codex","Pen Nib","Inserter","StoneCalendar","Lantern","Regal Pillow"],"acts_visited":["Exordium","TheCity","TheBeyond"],"potions_floor_usage":[43,43],"damage_taken":[{"damage":0.0,"enemies":"Jaw Worm","floor":1.0,"turns":1.0},{"damage":0.0,"enemies":"2 Louse","floor":3.0,"turns":1.0},{"damage":0.0,"enemies":"Lagavulin","floor":6.0,"turns":2.0},{"damage":1.0,"enemies":"Small Slimes","floor":7.0,"turns":3.0},{"damage":0.0,"enemies":"Exordium Wildlife","floor":8.0,"turns":2.0},{"damage":20.0,"enemies":"3 Sentries","floor":12.0,"turns":7.0},{"damage":11.0,"enemies":"Gremlin Nob","floor":14.0,"turns":3.0},{"damage":22.0,"enemies":"Slime Boss","floor":16.0,"turns":9.0},{"damage":0.0,"enemies":"Spheric Guardian","floor":18.0,"turns":3.0},{"damage":3.0,"enemies":"Chosen","floor":19.0,"turns":4.0},{"damage":32.0,"enemies":"3 Cultists","floor":21.0,"turns":5.0},{"damage":33.0,"enemies":"Shelled Parasite and Fungi","floor":22.0,"turns":5.0},{"damage":18.0,"enemies":"Book of Stabbing","floor":28.0,"turns":5.0},{"damage":13.0,"enemies":"Slavers","floor":30.0,"turns":4.0},{"damage":15.0,"enemies":"Collector","floor":33.0,"turns":6.0},{"damage":11.0,"enemies":"Orb Walker","floor":35.0,"turns":3.0},{"damage":32.0,"enemies":"2 Orb Walkers","floor":37.0,"turns":5.0},{"damage":1.0,"enemies":"Reptomancer","floor":41.0,"turns":4.0},{"damage":78,"enemies":"Awakened One","floor":43,"turns":4}],"seed_played":"-839630324821004679","potions_obtained":[{"floor":6.0,"key":"Weak Potion"},{"floor":7.0,"key":"SkillPotion"},{"floor":12.0,"key":"Fire Potion"},{"floor":14.0,"key":"SpeedPotion"},{"floor":16.0,"key":"Ancient Potion"},{"floor":21.0,"key":"Ancient Potion"},{"floor":22.0,"key":"AttackPotion"},{"floor":28.0,"key":"PowerPotion"},{"floor":30.0,"key":"Weak Potion"},{"floor":33.0,"key":"DuplicationPotion"},{"floor":37.0,"key":"PotionOfCapacity"},{"floor":41.0,"key":"DuplicationPotion"}],"is_trial":false,"path_per_floor":["M","?","M","?","$","E","M","M","T","R","$","E","?","E","R","B",null,"M","M","?","M","M","R","?","T","T","$","E","?","E","?","R","B",null,"M","?","?","T","?","R","E","?","B"],"character_chosen":"DEFECT","items_purchased":["Heatsinks","Melter","Chill","Juzu Bracelet","Barrage","Loop"],"campfire_rested":3,"item_purchase_floors":[5,5,11,27,27,27],"current_hp_per_floor":[75,68,68,68,68,68,67,67,67,67,67,54,54,43,55,40,75,75,75,75,50,24,61,61,61,61,61,50,34,28,28,68,60,75,64,64,32,32,32,72,75,75,0,0],"gold":301,"neow_bonus":"THREE_ENEMY_KILL","is_daily":false,"chose_seed":false,"campfire_upgraded":2,"win_rate":0.0,"timestamp":1610513464,"path_taken":["M","?","M","?","$","E","M","M","T","R","?","E","?","E","R","BOSS","M","M","?","M","M","R","?","?","T","$","E","?","E","?","R","BOSS","M","?","?","?","?","R","E","?","BOSS"],"items_purchased_type":["Card","Card","Card","Relic","Card","Card"],"build_version":"2020-12-22","purchased_purges":0,"victory":false,"max_hp_per_floor":[75,75,75,75,75,75,75,75,75,75,75,75,75,75,75,75,75,75,75,75,75,75,75,75,75,75,75,75,75,75,75,75,75,75,75,75,75,75,75,75,75,75,75,75],"card_choices":[{"not_picked":["Gash","Sweeping Beam"],"picked":"Beam Cell","floor":1.0},{"not_picked":["Cold Snap","Conserve Battery"],"picked":"Storm","floor":3.0},{"not_picked":["Turbo","Heatsinks"],"picked":"Capacitor","floor":6.0},{"not_picked":["Rebound","Steam"],"picked":"Self Repair","floor":7.0},{"not_picked":["BootSequence","Self Repair"],"picked":"Darkness","floor":8.0},{"not_picked":["Melter","Rip and Tear"],"picked":"Coolheaded","floor":12.0},{"not_picked":["Beam Cell","Stack"],"picked":"Ball Lightning","floor":14.0},{"not_picked":["Fission","Buffer"],"picked":"Electrodynamics","floor":16.0},{"not_picked":["Cold Snap","Hologram"],"picked":"Undo+1","floor":18.0},{"not_picked":["Turbo","Streamline"],"picked":"Beam Cell+1","floor":19.0},{"not_picked":["Ball Lightning","Reprogram"],"picked":"Redo+1","floor":21.0},{"not_picked":["Rebound","Beam Cell"],"picked":"Capacitor+1","floor":22.0},{"not_picked":["Capacitor","Stack"],"picked":"BootSequence+1","floor":28.0},{"not_picked":["Stack","Buffer"],"picked":"Streamline+1","floor":30.0},{"not_picked":["Multi-Cast","Rainbow"],"picked":"Amplify","floor":33.0},{"not_picked":["Compile Driver+1","Coolheaded"],"picked":"Ball Lightning","floor":35.0},{"not_picked":["Deep Breath","PanicButton"],"picked":"Secret Weapon","floor":36.0},{"not_picked":["Heatsinks","Scrape"],"picked":"Rebound+1","floor":37.0},{"not_picked":["Turbo","Reinforced Body"],"picked":"Tempest","floor":41.0}],"player_experience":52935,"relics_obtained":[{"floor":6.0,"key":"Ornamental Fan"},{"floor":9.0,"key":"Bottled Flame"},{"floor":12.0,"key":"Eternal Feather"},{"floor":14.0,"key":"Whetstone"},{"floor":25.0,"key":"Gremlin Horn"},{"floor":26.0,"key":"Bag of Preparation"},{"floor":28.0,"key":"White Beast Statue"},{"floor":29.0,"key":"Nilry\u0027s Codex"},{"floor":30.0,"key":"Pen Nib"},{"floor":37.0,"key":"StoneCalendar"},{"floor":38.0,"key":"Lantern"},{"floor":41.0,"key":"Regal Pillow"}],"event_choices":[{"damage_healed":0.0,"max_hp_gain":0.0,"max_hp_loss":0.0,"gold_gain":0.0,"event_name":"Scrap Ooze","player_choice":"Success","floor":2.0,"gold_loss":0.0,"damage_taken":7.0,"relics_obtained":["Torii"]},{"damage_healed":0.0,"max_hp_gain":0.0,"max_hp_loss":0.0,"gold_gain":0.0,"event_name":"Living Wall","player_choice":"Grow","floor":4.0,"gold_loss":0.0,"damage_taken":0.0,"cards_upgraded":["Storm"]},{"damage_healed":0.0,"max_hp_gain":0.0,"max_hp_loss":0.0,"gold_gain":30.0,"event_name":"Dead Adventurer","player_choice":"Searched \u00271\u0027 times","floor":13.0,"gold_loss":0.0,"damage_taken":0.0},{"damage_healed":0.0,"max_hp_gain":0.0,"max_hp_loss":0.0,"gold_gain":0.0,"event_name":"Vampires","player_choice":"Ignored","floor":20.0,"gold_loss":0.0,"damage_taken":0.0},{"damage_healed":0.0,"max_hp_gain":0.0,"max_hp_loss":0.0,"gold_gain":0.0,"event_name":"Back to Basics","player_choice":"Simplicity","floor":24.0,"gold_loss":0.0,"damage_taken":0.0,"cards_upgraded":["Strike_B","Strike_B","Strike_B","Defend_B","Defend_B","Defend_B","Defend_B"]},{"damage_healed":0.0,"max_hp_gain":0.0,"max_hp_loss":0.0,"gold_gain":0.0,"event_name":"Cursed Tome","player_choice":"Obtained Book","floor":29.0,"gold_loss":0.0,"damage_taken":16.0},{"damage_healed":0.0,"max_hp_gain":0.0,"max_hp_loss":0.0,"gold_gain":0.0,"event_name":"Forgotten Altar","player_choice":"Smashed Altar","floor":31.0,"gold_loss":0.0,"damage_taken":0.0,"cards_obtained":["Decay"]},{"damage_healed":0.0,"max_hp_gain":0.0,"max_hp_loss":0.0,"gold_gain":0.0,"event_name":"SensoryStone","player_choice":"Memory 1","floor":36.0,"gold_loss":0.0,"damage_taken":0.0},{"damage_healed":0.0,"max_hp_gain":0.0,"max_hp_loss":0.0,"gold_gain":0.0,"event_name":"Mysterious Sphere","player_choice":"Fight","floor":37.0,"gold_loss":0.0,"damage_taken":0.0},{"cards_removed":["Rebound"],"damage_healed":0.0,"max_hp_gain":0.0,"max_hp_loss":0.0,"gold_gain":0.0,"event_name":"Falling","player_choice":"Removed Attack","floor":39.0,"gold_loss":0.0,"damage_taken":0.0},{"damage_healed":0.0,"max_hp_gain":0.0,"max_hp_loss":0.0,"gold_gain":0.0,"event_name":"SecretPortal","player_choice":"Took Portal","floor":42.0,"gold_loss":0.0,"damage_taken":0.0}],"is_beta":false,"boss_relics":[{"not_picked":["Sozu","FrozenCore"],"picked":"SlaversCollar"},{"not_picked":["Coffee Dripper","Runic Pyramid"],"picked":"Inserter"}],"items_purged_floors":[],"is_endless":false,"potions_floor_spawned":[6,7,12,14,16,21,22,28,30,33,35,37,41],"killed_by":"Awakened One","ascension_level":0}}