{"host":"m6aaltr68g9tvoay","time":1610500490,"event":{"mods":["AchievementEnabler","BaseMod","Colored Map","Downfall","Minty Spire (QoL Compilation)","StSLib"],"gold_per_floor":[99,110,126,146,56,83,106,136,136,236,336,136,161,180,193,297,297,297,313,313,58,74,94,94,112,112,112,130,142,142,154,173,272,272,272,288,37,47,47,61,61,61,86,431,73,91,91,91,108,108],"floor_reached":51,"language":"ENG","playtime":6513,"items_purged":["Normality","downfall:Bewildered"],"score":996,"play_id":"c536cbc6-a1e2-466b-a66f-bf4364cdd7e2","local_time":"20210112171450","is_ascension_mode":true,"campfire_choices":[{"floor":1.0,"key":"RECALL"},{"floor":12.0,"key":"REST"},{"floor":18.0,"key":"DIG"},{"floor":26.0,"key":"REST"},{"floor":30.0,"key":"REST"},{"floor":35.0,"key":"DIG"},{"floor":42.0,"key":"REST"},{"floor":47,"key":"REST"}],"circlet_count":0,"master_deck":["champ:Strike","champ:Strike","champ:Defend","champ:Defend","champ:Execute","champ:Taunt+1","champ:FlashCut","champ:Haymaker","champ:PreciseThrust","champ:StanceDance+1","champ:HoldFirm","champ:ShieldWall","champ:Shatter","champ:BringItOn","champ:DefensiveStyle","champ:Duel","champ:SteelEdge","champ:ShieldSigil","champ:Backstep","champ:DefensiveShout","champ:Shatter","champ:SwordSigil","champ:Circumvent+1","champ:IgnorePain","champ:BladeFlurry","champ:PreemptiveStrike","champ:DeathBlow","champ:FaceSlap","champ:DefensiveStyle","champ:AdrenalArmor+1","champ:GutPunch+1","champ:EnGarde+1","champ:ArenaPreparation+1"],"relics":["champ:ChampionCrownUpgraded","Vajra","Akabeko","The Courier","CloakClasp","downfall:HeartBlessingRed","downfall:HeartBlessingGreen","Shovel","SlaversCollar","sneckomod:BlankCard","War Paint","OrangePellets","Sundial","champ:SpectersHand","champ:FightingForDummies","PreservedInsect","Dream Catcher","Ginger","Ornamental Fan"],"acts_visited":["Exordium","TheCity","TheBeyond"],"potions_floor_usage":[46,46,50],"damage_taken":[{"damage":43.0,"enemies":"Jaw Worm","floor":2.0,"turns":5.0},{"damage":16.0,"enemies":"Small Slimes","floor":3.0,"turns":3.0},{"damage":10.0,"enemies":"Cultist","floor":4.0,"turns":3.0},{"damage":30.0,"enemies":"downfall:FleeingMerchant","floor":5.0,"turns":4.0},{"damage":40.0,"enemies":"Lagavulin","floor":6.0,"turns":6.0},{"damage":21.0,"enemies":"Gremlin Nob","floor":8.0,"turns":5.0},{"damage":27.0,"enemies":"Gremlin Nob","floor":10.0,"turns":7.0},{"damage":17.0,"enemies":"3 Sentries","floor":13.0,"turns":6.0},{"damage":0.0,"enemies":"3 Louse","floor":14.0,"turns":2.0},{"damage":18.0,"enemies":"Gremlin Gang","floor":15.0,"turns":4.0},{"damage":10.0,"enemies":"ArchetypeAct1Statuses","floor":16.0,"turns":8.0},{"damage":13.0,"enemies":"3 Byrds","floor":19.0,"turns":6.0},{"damage":11.0,"enemies":"downfall:FleeingMerchant","floor":21.0,"turns":4.0},{"damage":15.0,"enemies":"Spheric Guardian","floor":22.0,"turns":5.0},{"damage":10.0,"enemies":"Snecko","floor":23.0,"turns":3.0},{"damage":14.0,"enemies":"3 Cultists","floor":25.0,"turns":5.0},{"damage":12.0,"enemies":"Snake Plant","floor":28.0,"turns":3.0},{"damage":28.0,"enemies":"Centurion and Healer","floor":29.0,"turns":7.0},{"damage":20.0,"enemies":"3 Cultists","floor":31.0,"turns":5.0},{"damage":9.0,"enemies":"Sentry and Sphere","floor":32.0,"turns":4.0},{"damage":61.0,"enemies":"downfall:Watcher","floor":33.0,"turns":14.0},{"damage":10.0,"enemies":"Orb Walker","floor":36.0,"turns":2.0},{"damage":50.0,"enemies":"downfall:FleeingMerchant","floor":37.0,"turns":4.0},{"damage":53.0,"enemies":"3 Darklings","floor":38.0,"turns":6.0},{"damage":74.0,"enemies":"Transient","floor":40.0,"turns":5.0},{"damage":15.0,"enemies":"Reptomancer","floor":43.0,"turns":3.0},{"damage":0.0,"enemies":"downfall:FleeingMerchant","floor":44.0,"turns":1.0},{"damage":8,"enemies":"Writhing Mass","floor":46,"turns":6},{"damage":53,"enemies":"Spire Growth","floor":49,"turns":7},{"damage":98,"enemies":"downfall:Defect","floor":50,"turns":9}],"seed_played":"611160043162195687","potions_obtained":[{"floor":2.0,"key":"SneckoOil"},{"floor":4.0,"key":"Swift Potion"},{"floor":8.0,"key":"sneckomod:MuddlingPotion"},{"floor":10.0,"key":"Weak Potion"},{"floor":16.0,"key":"BlessingOfTheForge"},{"floor":22.0,"key":"Swift Potion"},{"floor":25.0,"key":"SpeedPotion"},{"floor":31.0,"key":"Ancient Potion"},{"floor":36.0,"key":"SteroidPotion"},{"floor":38.0,"key":"SteroidPotion"},{"floor":43.0,"key":"Weak Potion"},{"floor":49,"key":"champ:CounterPotion"}],"is_trial":false,"path_per_floor":["R","M","M","M","$","E","T","E","?","?","?","R","E","M","M","B",null,"R","M","?","$","M","M","T","M","R","?","M","M","R","M","M","B",null,"R","M","$","M","?","M","T","R","E","$","$","M","R","?","M","B",null],"character_chosen":"THE_CHAMP","items_purchased":["War Paint","OrangePellets","champ:FightingForDummies","PreservedInsect","Ornamental Fan","AttackPotion","SpeedPotion"],"campfire_rested":5,"item_purchase_floors":[21,21,37,37,45,45,45],"current_hp_per_floor":[99,76,70,70,60,30,30,29,65,48,48,80,73,73,65,65,97,97,94,94,93,78,78,78,64,96,96,84,66,98,78,69,38,91,91,91,91,63,63,4,4,36,31,67,67,64,96,96,83,55],"gold":108,"neow_bonus":"TWENTY_PERCENT_HP_BONUS","is_daily":false,"chose_seed":false,"campfire_upgraded":0,"win_rate":0.0,"timestamp":1610500490,"path_taken":["R","M","M","M","$","E","T","E","?","?","?","R","E","M","M","BOSS","R","M","?","$","M","?","T","M","R","?","?","M","R","M","M","BOSS","R","M","$","M","?","?","T","R","E","?","$","M","R","?","M","BOSS"],"items_purchased_type":["Relic","Relic","Relic","Relic","Relic","Potion","Potion"],"build_version":"2020-12-22","purchased_purges":2,"victory":true,"max_hp_per_floor":[108,108,108,108,108,108,108,108,108,108,108,108,108,108,108,108,108,108,108,108,108,108,108,108,108,108,108,108,108,108,108,108,108,108,108,108,108,108,108,108,108,108,108,108,108,108,108,108,108,108],"card_choices":[{"not_picked":["champ:CrookedStrike","champ:Haymaker"],"picked":"champ:FlashCut","floor":2.0},{"not_picked":["champ:RecklessLeap","champ:EnGarde"],"picked":"champ:Haymaker","floor":3.0},{"not_picked":["champ:Backstep","champ:Endure"],"picked":"champ:PreciseThrust","floor":4.0},{"not_picked":["champ:ShieldSigil","champ:Circumvent"],"picked":"champ:StanceDance","floor":5.0},{"not_picked":["champ:Backstep","champ:HeartStrike"],"picked":"champ:HoldFirm","floor":6.0},{"not_picked":["champ:PreciseThrust","champ:DefensiveShout"],"picked":"champ:ShieldWall","floor":8.0},{"not_picked":["champ:HeartStrike","champ:Backstep"],"picked":"champ:Shatter","floor":10.0},{"not_picked":["champ:Shatter","champ:ShieldSlam"],"picked":"champ:BringItOn","floor":13.0},{"not_picked":["champ:RecklessLeap","champ:BerserkerStyle"],"picked":"champ:DefensiveStyle","floor":14.0},{"not_picked":["champ:FanOfKnives","champ:BerserkerStyle"],"picked":"champ:Duel","floor":15.0},{"not_picked":["champ:GladiatorForm","champ:MurderStrike"],"picked":"champ:SteelEdge","floor":16.0},{"not_picked":["champ:EnGarde","champ:Parry"],"picked":"champ:ShieldSigil","floor":19.0},{"not_picked":["champ:Backstep","champ:StanceDance","champ:ShieldWall"],"picked":"SKIP","floor":21.0},{"not_picked":["champ:PreciseThrust+1","champ:Encircle","champ:CrownThrow"],"picked":"SKIP","floor":22.0},{"not_picked":["champ:BringItOn+1","champ:CrownThrow+1"],"picked":"champ:DefensiveShout","floor":23.0},{"not_picked":["champ:AdrenalArmor+1","champ:DeathBlow"],"picked":"champ:Shatter","floor":25.0},{"not_picked":["champ:EnragedBash","champ:Shatter+1","champ:Endure"],"picked":"SKIP","floor":28.0},{"not_picked":["champ:RageSigil","champ:BerserkersShout"],"picked":"champ:SwordSigil","floor":29.0},{"not_picked":["champ:AdrenalArmor","champ:ShieldSigil"],"picked":"champ:Circumvent+1","floor":31.0},{"not_picked":["champ:Devastate","champ:BerserkerStyle","champ:ShieldSigil+1"],"picked":"SKIP","floor":32.0},{"not_picked":["champ:Improvising","champ:EnchantShield"],"picked":"champ:IgnorePain","floor":33.0},{"not_picked":["champ:Haymaker","champ:HeartStrike+1","champ:ShieldSigil"],"picked":"SKIP","floor":36.0},{"not_picked":["champ:DefensiveStyle","champ:Duel+1"],"picked":"champ:BladeFlurry","floor":37.0},{"not_picked":["champ:RageSigil+1","champ:CrownThrow+1"],"picked":"champ:PreemptiveStrike","floor":38.0},{"not_picked":["champ:FlashCut+1","champ:SkillfulDodge+1"],"picked":"champ:AdrenalArmor+1","floor":40.0},{"not_picked":["champ:PerfectedStrike","champ:StrikeOfGenius"],"picked":"champ:GutPunch+1","floor":43.0},{"not_picked":["champ:AdrenalArmor","champ:BladeFlurry+1"],"picked":"champ:EnGarde+1","floor":44.0},{"not_picked":["champ:Circumvent","champ:RisingSlash","champ:SetATrap+1"],"picked":"SKIP","floor":46},{"not_picked":["champ:PerfectedStrike+1","champ:BerserkersShout+1"],"picked":"champ:ArenaPreparation+1","floor":49}],"player_experience":1760926,"relics_obtained":[{"floor":6.0,"key":"Vajra"},{"floor":7.0,"key":"Akabeko"},{"floor":8.0,"key":"The Courier"},{"floor":10.0,"key":"CloakClasp"},{"floor":13.0,"key":"Shovel"},{"floor":18.0,"key":"sneckomod:BlankCard"},{"floor":24.0,"key":"Sundial"},{"floor":35.0,"key":"champ:SpectersHand"},{"floor":41.0,"key":"Dream Catcher"},{"floor":43.0,"key":"Ginger"}],"event_choices":[{"damage_healed":36.0,"max_hp_gain":0.0,"max_hp_loss":0.0,"gold_gain":0.0,"event_name":"Big Fish","player_choice":"Banana","floor":9.0,"gold_loss":0.0,"damage_taken":0.0},{"damage_healed":36.0,"max_hp_gain":0.0,"max_hp_loss":0.0,"gold_gain":0.0,"event_name":"Big Fish","player_choice":"Banana","floor":44.0,"gold_loss":0.0,"damage_taken":0.0},{"damage_healed":0,"gold_gain":0,"player_choice":"Ignored","damage_taken":0,"max_hp_gain":0,"max_hp_loss":0,"event_name":"Mysterious Sphere","floor":48,"gold_loss":0}],"is_beta":false,"boss_relics":[{"not_picked":["Philosopher\u0027s Stone","bronze:MakeshiftBattery"],"picked":"SlaversCollar"},{"not_picked":["Cursed Key","Sozu"],"picked":"champ:ChampionCrownUpgraded"}],"items_purged_floors":[5,45],"is_endless":false,"potions_floor_spawned":[2,4,8,10,16,22,25,31,32,36,38,43,49],"ascension_level":7}}