{"host":"yvb207ks1sg3cxef","time":1610536492,"event":{"mods":["2.2 Compatiblity","BaseMod","Bestiary","Colored Powertips","Minty Spire (QoL Compilation)","Permanent Neow","Quick Restart","Relic Stats","StSLib"],"gold_per_floor":[118,129,148,164,181,208,226,259,259,34,67,85,85,119,119,214,214,230,230,230,244,259,294,107,138,184,184,194,194,223,235,235,340,340,355,70,70,70,81,110,128,128,128,140,191,7,7,36,36,36,36,36,36,68,68],"floor_reached":56,"language":"ENG","playtime":4491,"items_purged":[],"score":1927,"play_id":"48911e67-30fc-46c5-87ad-c7cb6f3a998b","local_time":"20210113164452","is_ascension_mode":true,"campfire_choices":[{"data":"Eruption","floor":13.0,"key":"SMITH"},{"data":"Adaptation","floor":15.0,"key":"SMITH"},{"floor":27.0,"key":"REST"},{"data":"LikeWater","floor":32.0,"key":"SMITH"},{"data":"SpiritShield","floor":42.0,"key":"SMITH"},{"floor":49,"key":"RECALL"},{"floor":52,"key":"REST"}],"circlet_count":0,"master_deck":["Strike_P+1","Strike_P+1","Strike_P+1","Defend_P+1","Defend_P+1","Defend_P+1","Defend_P+1","Eruption+1","Vigilance+1","LessonLearned+1","ThirdEye+1","MentalFortress+1","FlurryOfBlows+1","FlurryOfBlows+1","EmptyBody+1","LikeWater+1","LessonLearned+1","Adaptation+1","Consecrate+1","Protect+1","Perseverance+1","DeusExMachina+1","FlurryOfBlows+1","TalkToTheHand+1","MentalFortress+1","LikeWater+1","Wireheading+1","LikeWater+1","FearNoEvil+1","Evaluate+1","Devotion+1","Pray+1","Devotion+1","Pray+1","SpiritShield+1","LikeWater+1","Study+1","LikeWater+1"],"relics":["PureWater","Ginger","Happy Flower","Kunai","DollysMirror","Gambling Chip","Toy Ornithopter","Runic Pyramid","MutagenicStrength","InkBottle","ClockworkSouvenir","Vajra","Bronze Scales","Frozen Egg 2","Ancient Tea Set","VioletLotus","Ice Cream","CaptainsWheel","Lizard Tail","Lee\u0027s Waffle","TungstenRod","Bottled Flame"],"acts_visited":["Exordium","TheCity","TheBeyond","TheEnding"],"potions_floor_usage":[44,48,48],"damage_taken":[{"damage":2.0,"enemies":"Jaw Worm","floor":1.0,"turns":3.0},{"damage":0.0,"enemies":"2 Louse","floor":2.0,"turns":3.0},{"damage":0.0,"enemies":"Cultist","floor":3.0,"turns":6.0},{"damage":0.0,"enemies":"Exordium Wildlife","floor":4.0,"turns":3.0},{"damage":12.0,"enemies":"Lots of Slimes","floor":5.0,"turns":3.0},{"damage":29.0,"enemies":"Lagavulin","floor":6.0,"turns":8.0},{"damage":0.0,"enemies":"3 Louse","floor":7.0,"turns":2.0},{"damage":4.0,"enemies":"Gremlin Nob","floor":8.0,"turns":3.0},{"damage":6.0,"enemies":"Lagavulin","floor":11.0,"turns":10.0},{"damage":0.0,"enemies":"2 Fungi Beasts","floor":12.0,"turns":6.0},{"damage":16.0,"enemies":"Gremlin Nob","floor":14.0,"turns":5.0},{"damage":5.0,"enemies":"The Guardian","floor":16.0,"turns":13.0},{"damage":5.0,"enemies":"3 Byrds","floor":18.0,"turns":7.0},{"damage":0.0,"enemies":"2 Thieves","floor":21.0,"turns":3.0},{"damage":25.0,"enemies":"Snecko","floor":22.0,"turns":16.0},{"damage":22.0,"enemies":"Book of Stabbing","floor":23.0,"turns":10.0},{"damage":25.0,"enemies":"Slavers","floor":25.0,"turns":5.0},{"damage":8.0,"enemies":"Snake Plant","floor":28.0,"turns":4.0},{"damage":3.0,"enemies":"Book of Stabbing","floor":30.0,"turns":6.0},{"damage":5.0,"enemies":"Centurion and Healer","floor":31.0,"turns":4.0},{"damage":0.0,"enemies":"Automaton","floor":33.0,"turns":7.0},{"damage":0.0,"enemies":"Orb Walker","floor":35.0,"turns":3.0},{"damage":17.0,"enemies":"3 Darklings","floor":39.0,"turns":5.0},{"damage":0.0,"enemies":"Reptomancer","floor":40.0,"turns":4.0},{"damage":30.0,"enemies":"Transient","floor":41.0,"turns":5.0},{"damage":13,"enemies":"Sphere and 2 Shapes","floor":44,"turns":3},{"damage":18,"enemies":"2 Orb Walkers","floor":45,"turns":4},{"damage":0,"enemies":"Giant Head","floor":48,"turns":7},{"damage":0,"enemies":"Time Eater","floor":50,"turns":8},{"damage":23,"enemies":"Shield and Spear","floor":54,"turns":7},{"damage":121,"enemies":"The Heart","floor":55,"turns":10}],"seed_played":"3850870088048816987","potions_obtained":[{"floor":5.0,"key":"FairyPotion"},{"floor":6.0,"key":"Regen Potion"},{"floor":11.0,"key":"EssenceOfSteel"},{"floor":14.0,"key":"FairyPotion"},{"floor":16.0,"key":"Block Potion"},{"floor":23.0,"key":"Block Potion"},{"floor":28.0,"key":"BottledMiracle"},{"floor":30.0,"key":"Strength Potion"},{"floor":31.0,"key":"Block Potion"},{"floor":35.0,"key":"Regen Potion"},{"floor":47,"key":"AttackPotion"},{"floor":47,"key":"Weak Potion"},{"floor":47,"key":"FairyPotion"}],"is_trial":false,"path_per_floor":["M","M","M","M","M","E","M","E","T","$","E","M","R","E","R","B",null,"M","?","?","M","M","E","$","E","T","R","M","T","E","M","R","B",null,"M","$","?","?","M","E","M","R","T","M","?","$","?","E","R","B",null,"R","$","E","B",null],"character_chosen":"WATCHER","items_purchased":["DollysMirror","Adaptation","ClockworkSouvenir","LikeWater","Ice Cream","Lee\u0027s Waffle","Study+1"],"campfire_rested":2,"item_purchase_floors":[10,10,24,24,36,46,46],"current_hp_per_floor":[63,63,63,63,51,22,22,18,18,18,27,27,27,11,11,6,50,45,45,45,45,25,3,3,4,4,23,15,15,12,12,12,12,52,52,52,52,52,40,40,10,10,10,7,9,72,72,72,72,72,72,72,72,49,1],"gold":68,"neow_bonus":"THREE_RARE_CARDS","is_daily":false,"chose_seed":false,"campfire_upgraded":4,"win_rate":0.0,"timestamp":1610536492,"path_taken":["M","M","M","M","M","E","M","E","T","$","E","M","R","E","R","BOSS","M","?","?","M","M","E","$","E","T","R","?","?","E","M","R","BOSS","M","?","?","?","?","E","M","R","T","M","?","$","?","E","R","BOSS","R","$","E","BOSS"],"items_purchased_type":["Relic","Card","Relic","Card","Relic","Relic","Card"],"build_version":"2020-12-22","purchased_purges":0,"victory":true,"max_hp_per_floor":[65,65,65,65,65,65,65,65,65,65,65,65,65,65,65,65,65,65,65,65,65,65,65,65,65,65,65,65,65,65,65,65,65,65,65,65,65,65,65,65,65,65,65,65,65,72,72,72,72,72,72,72,72,72,72],"relic_stats":{"Lee\u0027s Waffle":63,"Happy Flower":[50],"counters":[31,183],"Ginger":[12],"Lizard Tail":36,"Gambling Chip":[62],"Bronze Scales":[383],"VioletLotus":[16],"Kunai":[71],"obtain_stats":[{"Ice Cream":36,"Lee\u0027s Waffle":46,"Happy Flower":8,"Vajra":25,"Ginger":6,"Frozen Egg 2":29,"Ancient Tea Set":30,"ClockworkSouvenir":24,"CaptainsWheel":40,"Lizard Tail":45,"Bottled Flame":54,"DollysMirror":10,"Gambling Chip":11,"MutagenicStrength":19,"Bronze Scales":26,"VioletLotus":34,"Kunai":9,"PureWater":0,"Toy Ornithopter":14,"InkBottle":23,"TungstenRod":48,"Runic Pyramid":17},{"Ice Cream":22,"Lee\u0027s Waffle":27,"Happy Flower":8,"Vajra":17,"Ginger":6,"Frozen Egg 2":18,"Ancient Tea Set":19,"ClockworkSouvenir":16,"CaptainsWheel":24,"Lizard Tail":27,"Bottled Flame":30,"DollysMirror":8,"Gambling Chip":9,"MutagenicStrength":13,"Bronze Scales":17,"VioletLotus":21,"Kunai":8,"PureWater":0,"Toy Ornithopter":11,"InkBottle":16,"TungstenRod":28,"Runic Pyramid":12},{"Ice Cream":130,"Lee\u0027s Waffle":151,"Happy Flower":31,"Vajra":106,"Ginger":26,"Frozen Egg 2":110,"Ancient Tea Set":116,"ClockworkSouvenir":101,"CaptainsWheel":139,"Lizard Tail":151,"Bottled Flame":173,"DollysMirror":31,"Gambling Chip":41,"MutagenicStrength":72,"Bronze Scales":106,"VioletLotus":127,"Kunai":31,"PureWater":0,"Toy Ornithopter":52,"InkBottle":101,"TungstenRod":158,"Runic Pyramid":65}],"Toy Ornithopter":25,"InkBottle":[51],"TungstenRod":21},"card_choices":[{"not_picked":["Vault","Judgement"],"picked":"LessonLearned","floor":0.0},{"not_picked":["BowlingBash","WindmillStrike"],"picked":"ThirdEye","floor":1.0},{"not_picked":["Halt","BowlingBash"],"picked":"MentalFortress","floor":2.0},{"not_picked":["EmptyBody","SashWhip"],"picked":"FlurryOfBlows","floor":3.0},{"not_picked":["WreathOfFlame","Consecrate"],"picked":"FlurryOfBlows","floor":4.0},{"not_picked":["Weave","Crescendo"],"picked":"EmptyBody","floor":5.0},{"not_picked":["PathToVictory","EmptyFist"],"picked":"LikeWater","floor":6.0},{"not_picked":["PathToVictory","FlyingSleeves","FollowUp"],"picked":"SKIP","floor":7.0},{"not_picked":["ForeignInfluence","Prostrate","Conclude"],"picked":"SKIP","floor":8.0},{"not_picked":["EmptyBody","Wish"],"picked":"Consecrate","floor":11.0},{"not_picked":["FollowUp","Consecrate"],"picked":"Protect","floor":12.0},{"not_picked":["EmptyFist","Collect"],"picked":"Perseverance","floor":14.0},{"not_picked":["Ragnarok","Judgement"],"picked":"DeusExMachina","floor":16.0},{"not_picked":["Collect+1","BattleHymn"],"picked":"FlurryOfBlows","floor":18.0},{"not_picked":["Collect+1","PathToVictory+1"],"picked":"MentalFortress","floor":21.0},{"not_picked":["Wallop","FlyingSleeves+1"],"picked":"LikeWater","floor":22.0},{"not_picked":["Crescendo+1","PathToVictory"],"picked":"Wireheading","floor":23.0},{"not_picked":["Perseverance","FlurryOfBlows+1"],"picked":"FearNoEvil","floor":25.0},{"not_picked":["FlurryOfBlows","CrushJoints"],"picked":"Evaluate+1","floor":28.0},{"not_picked":["Perseverance+1","PathToVictory"],"picked":"Devotion+1","floor":30.0},{"not_picked":["Fasting2+1","CarveReality"],"picked":"Pray","floor":31.0},{"not_picked":["DeusExMachina","Scrawl"],"picked":"Devotion+1","floor":33.0},{"not_picked":["DeceiveReality+1","FollowUp","PathToVictory+1"],"picked":"SKIP","floor":35.0},{"not_picked":["Prostrate+1","FlyingSleeves+1","PathToVictory"],"picked":"SKIP","floor":39.0},{"not_picked":["PathToVictory","Indignation"],"picked":"Pray","floor":40.0},{"not_picked":["Crescendo+1","WaveOfTheHand"],"picked":"SpiritShield","floor":41.0},{"not_picked":["BattleHymn+1","ReachHeaven","BowlingBash"],"picked":"SKIP","floor":44},{"not_picked":["Nirvana+1","BowlingBash+1"],"picked":"LikeWater+1","floor":45},{"not_picked":["Prostrate+1","Protect+1","EmptyBody"],"picked":"SKIP","floor":48},{"not_picked":["BowlingBash+1","Fasting2+1"],"picked":"LikeWater+1","floor":54}],"player_experience":334589,"relics_obtained":[{"floor":6.0,"key":"Ginger"},{"floor":8.0,"key":"Happy Flower"},{"floor":9.0,"key":"Kunai"},{"floor":11.0,"key":"Gambling Chip"},{"floor":14.0,"key":"Toy Ornithopter"},{"floor":23.0,"key":"InkBottle"},{"floor":25.0,"key":"Vajra"},{"floor":26.0,"key":"Bronze Scales"},{"floor":29.0,"key":"Frozen Egg 2"},{"floor":30.0,"key":"Ancient Tea Set"},{"floor":40.0,"key":"CaptainsWheel"},{"floor":45,"key":"Lizard Tail"},{"floor":48,"key":"TungstenRod"},{"floor":54,"key":"Bottled Flame"}],"event_choices":[{"damage_healed":0.0,"max_hp_gain":0.0,"max_hp_loss":0.0,"gold_gain":0.0,"event_name":"Drug Dealer","player_choice":"Inject Mutagens","floor":19.0,"gold_loss":0.0,"damage_taken":0.0,"relics_obtained":["MutagenicStrength"]},{"damage_healed":0.0,"max_hp_gain":0.0,"max_hp_loss":0.0,"gold_gain":0.0,"cards_transformed":["Strike_P"],"event_name":"Transmorgrifier","player_choice":"Transformed","floor":20.0,"gold_loss":0.0,"damage_taken":0.0,"cards_obtained":["TalkToTheHand"]},{"damage_healed":0.0,"max_hp_gain":0.0,"max_hp_loss":0.0,"gold_gain":0.0,"event_name":"SensoryStone","player_choice":"Memory 1","floor":37.0,"gold_loss":0.0,"damage_taken":0.0},{"damage_healed":0.0,"max_hp_gain":0.0,"max_hp_loss":0.0,"gold_gain":0.0,"event_name":"Accursed Blacksmith","player_choice":"Forge","floor":38.0,"gold_loss":0.0,"damage_taken":0.0,"cards_upgraded":["Pray"]},{"damage_healed":0,"gold_gain":0,"player_choice":"Fight","damage_taken":0,"max_hp_gain":0,"max_hp_loss":0,"event_name":"Mysterious Sphere","floor":45,"gold_loss":0},{"damage_healed":0,"gold_gain":0,"player_choice":"Got Potions","damage_taken":0,"max_hp_gain":0,"max_hp_loss":0,"event_name":"Lab","floor":47,"gold_loss":0}],"is_beta":false,"boss_relics":[{"not_picked":["Empty Cage","SlaversCollar"],"picked":"Runic Pyramid"},{"not_picked":["Black Star","Astrolabe"],"picked":"VioletLotus"}],"items_purged_floors":[],"is_endless":false,"potions_floor_spawned":[5,6,11,14,16,18,23,28,30,31,35],"ascension_level":9}}