{"host":"b995t17pt6d05w8c","time":1610529896,"event":{"mods":["AchievementEnabler","BaseMod","Colored Map","Minty Spire (QoL Compilation)","SuperFastMode"],"gold_per_floor":[118,133,144,164,164,195,195,208,208,208,208,227,227,241,241,340,340,354,354,269,219,237,237,252,252,276,300,96,110,131,150,150,240,240,260,260,55,73,92,92,115,146,196,22,37,37,37,62,62,62],"floor_reached":51,"language":"KOR","playtime":1800,"items_purged":["Strike_B","Strike_B","Defend_B","Rebound"],"score":1121,"play_id":"88ceddf0-ab3e-46ce-b747-62c4e26571e0","local_time":"20210113182456","is_ascension_mode":true,"campfire_choices":[{"floor":7.0,"key":"REST"},{"data":"Coolheaded","floor":11.0,"key":"SMITH"},{"data":"Chaos","floor":13.0,"key":"SMITH"},{"floor":15.0,"key":"REST"},{"data":"Biased Cognition","floor":23.0,"key":"SMITH"},{"floor":25.0,"key":"REST"},{"data":"Stack","floor":32.0,"key":"SMITH"},{"floor":40.0,"key":"REST"},{"floor":47,"key":"REST"},{"floor":49,"key":"REST"}],"circlet_count":0,"master_deck":["AscendersBane","Defend_B+1","Zap","Dualcast","Biased Cognition+1","Coolheaded+1","Hologram","FTL","Glacier+1","Chaos+1","Heatsinks","Core Surge","Streamline+1","Storm+1","Beam Cell+1","Aggregate","Capacitor","Coolheaded","Ball Lightning","Stack+1","Buffer","Seek","Glacier"],"relics":["FrozenCore","Golden Idol","Orichalcum","Smiling Mask","Astrolabe","Anchor","War Paint","Lee\u0027s Waffle","OrangePellets","Peace Pipe","Toy Ornithopter"],"acts_visited":["Exordium","TheCity","TheBeyond"],"potions_floor_usage":[45,50,50],"damage_taken":[{"damage":4.0,"enemies":"Jaw Worm","floor":1.0,"turns":4.0},{"damage":3.0,"enemies":"2 Louse","floor":2.0,"turns":2.0},{"damage":8.0,"enemies":"Small Slimes","floor":3.0,"turns":4.0},{"damage":1.0,"enemies":"Looter","floor":4.0,"turns":4.0},{"damage":34.0,"enemies":"Gremlin Nob","floor":6.0,"turns":4.0},{"damage":4.0,"enemies":"Exordium Thugs","floor":8.0,"turns":3.0},{"damage":3.0,"enemies":"Blue Slaver","floor":12.0,"turns":3.0},{"damage":5.0,"enemies":"3 Louse","floor":14.0,"turns":4.0},{"damage":19.0,"enemies":"The Guardian","floor":16.0,"turns":12.0},{"damage":6.0,"enemies":"Chosen","floor":18.0,"turns":4.0},{"damage":2.0,"enemies":"3 Byrds","floor":22.0,"turns":4.0},{"damage":15.0,"enemies":"Centurion and Healer","floor":24.0,"turns":7.0},{"damage":18.0,"enemies":"Snake Plant","floor":27.0,"turns":3.0},{"damage":14.0,"enemies":"Shelled Parasite and Fungi","floor":29.0,"turns":4.0},{"damage":2.0,"enemies":"Cultist and Chosen","floor":30.0,"turns":5.0},{"damage":8.0,"enemies":"Snecko","floor":31.0,"turns":4.0},{"damage":25.0,"enemies":"Automaton","floor":33.0,"turns":11.0},{"damage":0.0,"enemies":"Orb Walker","floor":35.0,"turns":7.0},{"damage":37.0,"enemies":"3 Darklings","floor":38.0,"turns":6.0},{"damage":16.0,"enemies":"4 Shapes","floor":39.0,"turns":8.0},{"damage":10.0,"enemies":"Transient","floor":41.0,"turns":5.0},{"damage":0.0,"enemies":"Mind Bloom Boss Battle","floor":42.0,"turns":6.0},{"damage":14,"enemies":"3 Darklings","floor":45,"turns":11},{"damage":16,"enemies":"Writhing Mass","floor":48,"turns":11},{"damage":10,"enemies":"Awakened One","floor":50,"turns":20}],"seed_played":"-8822032084065117439","potions_obtained":[{"floor":2.0,"key":"FocusPotion"},{"floor":3.0,"key":"SteroidPotion"},{"floor":8.0,"key":"SpeedPotion"},{"floor":14.0,"key":"LiquidMemories"},{"floor":18.0,"key":"Block Potion"},{"floor":31.0,"key":"Ancient Potion"},{"floor":35.0,"key":"Fruit Juice"},{"floor":38.0,"key":"DistilledChaos"},{"floor":45,"key":"FocusPotion"}],"is_trial":false,"path_per_floor":["M","M","M","M","?","E","R","M","T","?","R","M","R","M","R","B",null,"M","?","?","$","M","R","M","R","T","M","$","M","M","M","R","B",null,"M","?","$","M","M","R","M","?","T","$","M","?","R","M","R","B",null],"character_chosen":"DEFECT","items_purchased":["Lee\u0027s Waffle","OrangePellets","PotionOfCapacity","Block Potion"],"campfire_rested":6,"item_purchase_floors":[28,37,44,44],"current_hp_per_floor":[60,57,49,48,48,14,31,27,27,20,20,17,17,12,29,10,47,41,41,41,41,39,39,24,41,41,23,66,52,50,42,42,17,54,54,54,54,22,6,27,17,17,17,17,8,8,28,12,32,32],"gold":62,"neow_bonus":"THREE_RARE_CARDS","is_daily":false,"chose_seed":false,"campfire_upgraded":4,"win_rate":0.0,"timestamp":1610529896,"path_taken":["M","M","M","M","?","E","R","M","T","?","R","M","R","M","R","BOSS","BOSS","M","?","?","$","?","R","M","R","T","M","$","M","M","M","R","BOSS","M","?","$","M","M","R","M","?","T","$","M","?","R","M","R","BOSS"],"items_purchased_type":["Relic","Relic","Potion","Potion"],"build_version":"2020-12-22","purchased_purges":4,"victory":true,"max_hp_per_floor":[64,64,64,64,59,59,59,59,59,59,59,59,59,59,59,59,59,59,59,59,59,59,59,59,59,59,59,66,66,66,66,66,66,66,66,66,66,71,71,71,71,71,71,71,71,67,67,67,67,67],"card_choices":[{"not_picked":["Hyperbeam","Multi-Cast"],"picked":"Biased Cognition","floor":0.0},{"not_picked":["Turbo","Gash"],"picked":"Coolheaded","floor":1.0},{"not_picked":["Reinforced Body","Reprogram"],"picked":"Rebound","floor":2.0},{"not_picked":["Steam","Aggregate"],"picked":"Hologram","floor":3.0},{"not_picked":["Reprogram","Compile Driver","Tempest"],"picked":"SKIP","floor":4.0},{"not_picked":["Coolheaded","Streamline"],"picked":"FTL","floor":6.0},{"not_picked":["Leap","Streamline"],"picked":"Glacier","floor":8.0},{"not_picked":["Coolheaded","Consume"],"picked":"Chaos","floor":12.0},{"not_picked":["Coolheaded","Skim"],"picked":"Heatsinks","floor":14.0},{"not_picked":["Amplify","Electrodynamics"],"picked":"Core Surge","floor":16.0},{"not_picked":["Steam Power","Hello World","Reprogram"],"picked":"SKIP","floor":18.0},{"not_picked":["Aggregate","Storm","Go for the Eyes"],"picked":"SKIP","floor":22.0},{"not_picked":["Storm","Go for the Eyes"],"picked":"Aggregate","floor":22.0},{"not_picked":["Rebound","Go for the Eyes"],"picked":"Capacitor","floor":24.0},{"not_picked":["Beam Cell","Leap"],"picked":"Coolheaded","floor":27.0},{"not_picked":["Auto Shields","Rebound"],"picked":"Ball Lightning","floor":29.0},{"not_picked":["Turbo","Beam Cell+1"],"picked":"Stack","floor":30.0},{"not_picked":["Blizzard","Fission","Coolheaded"],"picked":"SKIP","floor":31.0},{"not_picked":["Multi-Cast","Reboot"],"picked":"Buffer","floor":33.0},{"not_picked":["Cold Snap","Conserve Battery","Rip and Tear+1"],"picked":"SKIP","floor":35.0},{"not_picked":["Rebound","Streamline","Gash"],"picked":"SKIP","floor":38.0},{"not_picked":["Sweeping Beam","Heatsinks","Leap"],"picked":"SKIP","floor":39.0},{"not_picked":["Gash","Steam+1"],"picked":"Seek","floor":41.0},{"not_picked":["Gash","Blizzard"],"picked":"Glacier","floor":42.0},{"not_picked":["Capacitor","Genetic Algorithm","Hologram"],"picked":"SKIP","floor":45},{"not_picked":["Leap","Fission","Self Repair"],"picked":"SKIP","floor":48}],"player_experience":115977,"relics_obtained":[{"floor":6.0,"key":"Orichalcum"},{"floor":9.0,"key":"Smiling Mask"},{"floor":26.0,"key":"War Paint"},{"floor":42.0,"key":"Peace Pipe"},{"floor":43.0,"key":"Toy Ornithopter"}],"event_choices":[{"damage_healed":0.0,"max_hp_gain":0.0,"max_hp_loss":5.0,"gold_gain":0.0,"event_name":"Golden Idol","player_choice":"Lose Max HP","floor":5.0,"gold_loss":0.0,"damage_taken":0.0,"relics_obtained":["Golden Idol"]},{"cards_removed":["Defend_B"],"damage_healed":0.0,"max_hp_gain":0.0,"max_hp_loss":0.0,"gold_gain":0.0,"event_name":"Golden Wing","player_choice":"Card Removal","floor":10.0,"gold_loss":0.0,"damage_taken":7.0},{"damage_healed":0.0,"max_hp_gain":0.0,"max_hp_loss":0.0,"gold_gain":0.0,"event_name":"Ghosts","player_choice":"Ignored","floor":19.0,"gold_loss":0.0,"damage_taken":0.0},{"damage_healed":0.0,"max_hp_gain":0.0,"max_hp_loss":0.0,"gold_gain":0.0,"event_name":"Addict","player_choice":"Obtained Relic","floor":20.0,"gold_loss":85.0,"damage_taken":0.0,"relics_obtained":["Anchor"]},{"damage_healed":0.0,"max_hp_gain":0.0,"max_hp_loss":0.0,"gold_gain":0.0,"event_name":"Mysterious Sphere","player_choice":"Ignored","floor":36.0,"gold_loss":0.0,"damage_taken":0.0},{"damage_healed":0.0,"max_hp_gain":0.0,"max_hp_loss":0.0,"gold_gain":0.0,"event_name":"MindBloom","player_choice":"Fight","floor":42.0,"gold_loss":0.0,"damage_taken":0.0},{"damage_healed":0,"gold_gain":0,"player_choice":"Max HP","damage_taken":0,"max_hp_gain":0,"max_hp_loss":4,"event_name":"Winding Halls","floor":46,"gold_loss":0}],"is_beta":false,"boss_relics":[{"not_picked":["Empty Cage","Coffee Dripper"],"picked":"Astrolabe"},{"not_picked":["SacredBark","Black Star"],"picked":"FrozenCore"}],"items_purged_floors":[21,28,37,44],"is_endless":false,"potions_floor_spawned":[2,3,4,8,14,18,29,30,31,35,38,45],"ascension_level":14}}