{"host":"2ikxgthhm1pqb5gz","time":1610547311,"event":{"mods":["BaseMod","Colored Map","Minty Spire (QoL Compilation)","StSLib","SuperFastMode","slay the spire mod where everything is the same but ironclad has a cowboy hat"],"gold_per_floor":[217,230,243,19,30,30,56,56,81,81,9,39,99,74,74,149,149,167,267,328,72,83,114,114,139,163,163,183,183,233,253,253,328,328,345,395,261,274,377,408,458,488,512,332,397,73,106,173,173,173,173,173,173,39,64,64],"floor_reached":57,"language":"KOR","playtime":2862,"items_purged":["Strike_R","Strike_R","Strike_R","Fire Breathing","Writhe","Inflame"],"score":3081,"play_id":"c1321f5b-2c40-49a5-977f-ae6c877f17fa","local_time":"20210113231511","is_ascension_mode":true,"campfire_choices":[{"data":"Fiend Fire","floor":6.0,"key":"SMITH"},{"data":"Inflame","floor":8.0,"key":"SMITH"},{"floor":10.0,"key":"REST"},{"data":"Pommel Strike","floor":15.0,"key":"SMITH"},{"data":"Battle Trance","floor":24.0,"key":"SMITH"},{"data":"Second Wind","floor":27.0,"key":"SMITH"},{"floor":29.0,"key":"REST"},{"data":"Feel No Pain","floor":32.0,"key":"SMITH"},{"floor":49,"key":"RECALL"},{"data":"Sword Boomerang","floor":53,"key":"SMITH"}],"circlet_count":0,"master_deck":["AscendersBane","Defend_R","Defend_R","Defend_R","Defend_R","Bash","Pommel Strike+1","Clothesline","Inflame+1","Fiend Fire+1","Second Wind+1","Seeing Red","Barricade","Metallicize","Sentinel","Shrug It Off","Evolve","Feel No Pain+1","Corruption","Battle Trance+1","Demon Form","Shrug It Off","Shockwave","Corruption","Mayhem","Power Through","Shrug It Off","Sword Boomerang+1","Battle Trance+1","Feel No Pain","Evolve+1","Body Slam","Shrug It Off","Feel No Pain"],"relics":["Burning Blood","The Courier","Membership Card","SsserpentHead","Ice Cream","Orichalcum","Snecko Eye","Strange Spoon","Bag of Marbles","Ancient Tea Set","Blood Vial","Centennial Puzzle","Empty Cage","Bird Faced Urn","MealTicket","Paper Frog","Bag of Preparation","Calipers","Omamori","Strawberry","Mango","PreservedInsect","Happy Flower","DollysMirror","Akabeko","Vajra","Bottled Tornado","Thread and Needle","Torii","Anchor","Pear","Art of War","Lantern","Bottled Lightning"],"acts_visited":["Exordium","TheCity","TheBeyond","TheEnding"],"potions_floor_usage":[],"damage_taken":[{"damage":9.0,"enemies":"Small Slimes","floor":1.0,"turns":4.0},{"damage":6.0,"enemies":"Cultist","floor":2.0,"turns":3.0},{"damage":8.0,"enemies":"Jaw Worm","floor":3.0,"turns":5.0},{"damage":32.0,"enemies":"Gremlin Gang","floor":5.0,"turns":5.0},{"damage":26.0,"enemies":"Gremlin Nob","floor":7.0,"turns":4.0},{"damage":1.0,"enemies":"Exordium Wildlife","floor":13.0,"turns":2.0},{"damage":11.0,"enemies":"Slime Boss","floor":16.0,"turns":7.0},{"damage":11.0,"enemies":"Shell Parasite","floor":18.0,"turns":3.0},{"damage":17.0,"enemies":"2 Thieves","floor":20.0,"turns":3.0},{"damage":11.0,"enemies":"Snake Plant","floor":22.0,"turns":2.0},{"damage":27.0,"enemies":"Gremlin Leader","floor":23.0,"turns":5.0},{"damage":20.0,"enemies":"Slavers","floor":25.0,"turns":6.0},{"damage":11.0,"enemies":"Shelled Parasite and Fungi","floor":28.0,"turns":3.0},{"damage":0.0,"enemies":"Centurion and Healer","floor":31.0,"turns":4.0},{"damage":5.0,"enemies":"Champ","floor":33.0,"turns":8.0},{"damage":8.0,"enemies":"Orb Walker","floor":35.0,"turns":3.0},{"damage":0.0,"enemies":"3 Shapes","floor":38.0,"turns":7.0},{"damage":15.0,"enemies":"2 Orb Walkers","floor":39.0,"turns":4.0},{"damage":0.0,"enemies":"Giant Head","floor":40.0,"turns":7.0},{"damage":6,"enemies":"Reptomancer","floor":42,"turns":5},{"damage":0,"enemies":"Maw","floor":45,"turns":5},{"damage":0,"enemies":"Nemesis","floor":47,"turns":5},{"damage":0,"enemies":"4 Shapes","floor":48,"turns":5},{"damage":0,"enemies":"Donu and Deca","floor":50,"turns":8},{"damage":5,"enemies":"Time Eater","floor":51,"turns":10},{"damage":7,"enemies":"Shield and Spear","floor":55,"turns":4},{"damage":4,"enemies":"The Heart","floor":56,"turns":7}],"seed_played":"1507841327380778420","potions_obtained":[{"floor":12.0,"key":"SteroidPotion"},{"floor":13.0,"key":"Energy Potion"},{"floor":16.0,"key":"Regen Potion"},{"floor":18.0,"key":"SpeedPotion"},{"floor":22.0,"key":"FairyPotion"},{"floor":25.0,"key":"Weak Potion"},{"floor":28.0,"key":"BlessingOfTheForge"}],"is_trial":false,"path_per_floor":["M","M","M","$","M","R","E","R","T","R","$","?","M","?","R","B",null,"M","?","M","$","M","E","R","E","T","R","M","R","?","M","R","B",null,"M","?","$","M","?","E","T","E","T","$","M","$","E","M","R","B","B",null,"R","$","E","B",null],"character_chosen":"IRONCLAD","items_purchased":["Fiend Fire","Ice Cream","Fire Potion","Shrug It Off","Fire Breathing","Evolve","Inflame","Feel No Pain","Strange Spoon","Bird Faced Urn","MealTicket","Paper Frog","Bag of Preparation","Happy Flower","DollysMirror","Feel No Pain","Akabeko","Vajra","Bottled Tornado","Torii","Body Slam","Shrug It Off","Anchor","Pear","Art of War","Feel No Pain","Lantern"],"campfire_rested":2,"item_purchase_floors":[4,4,11,21,21,21,21,21,21,37,37,37,37,44,44,44,46,46,46,54,54,54,54,54,54,54,54],"current_hp_per_floor":[65,65,63,63,37,37,17,17,17,39,39,39,44,44,44,39,66,70,70,59,59,54,33,33,19,19,19,16,38,38,46,46,49,69,69,59,59,75,72,75,82,96,96,96,96,96,96,96,96,96,96,96,96,106,106,106],"gold":64,"neow_bonus":"HUNDRED_GOLD","is_daily":false,"chose_seed":false,"campfire_upgraded":7,"win_rate":0.0,"timestamp":1610547311,"path_taken":["M","M","M","$","M","R","E","R","T","R","$","?","?","?","R","BOSS","M","?","?","$","M","E","R","E","T","R","M","R","?","M","R","BOSS","M","?","$","M","?","E","?","E","T","?","?","$","E","?","R","BOSS","BOSS","R","$","E","BOSS"],"items_purchased_type":["Card","Relic","Potion","Card","Card","Card","Card","Card","Relic","Relic","Relic","Relic","Relic","Relic","Relic","Card","Relic","Relic","Relic","Relic","Card","Card","Relic","Relic","Relic","Card","Relic"],"build_version":"2020-12-22","purchased_purges":6,"victory":true,"max_hp_per_floor":[75,75,75,75,75,75,75,75,75,75,75,75,75,75,75,75,75,75,75,75,75,75,75,75,75,75,75,75,75,75,75,75,75,75,75,75,75,75,75,75,82,96,96,96,96,96,96,96,96,96,96,96,96,106,106,106],"card_choices":[{"not_picked":["Havoc","Armaments"],"picked":"Pommel Strike","floor":1.0},{"not_picked":["Rupture","Warcry"],"picked":"Clothesline","floor":2.0},{"not_picked":["Rage","Intimidate"],"picked":"Inflame","floor":3.0},{"not_picked":["Rupture","Iron Wave"],"picked":"Second Wind","floor":5.0},{"not_picked":["Impervious","Cleave"],"picked":"Fire Breathing","floor":7.0},{"not_picked":["Clash","Rampage"],"picked":"Seeing Red","floor":13.0},{"not_picked":["Fiend Fire","Double Tap"],"picked":"Barricade","floor":16.0},{"not_picked":["Armaments","Clash"],"picked":"Metallicize","floor":18.0},{"not_picked":["Wild Strike","Twin Strike"],"picked":"Sentinel","floor":20.0},{"not_picked":["Havoc","Clothesline","Heavy Blade"],"picked":"SKIP","floor":22.0},{"not_picked":["Armaments","Uppercut"],"picked":"Battle Trance","floor":23.0},{"not_picked":["Carnage","Body Slam"],"picked":"Demon Form","floor":25.0},{"not_picked":["Wild Strike","True Grit"],"picked":"Shrug It Off","floor":28.0},{"not_picked":["Clash","Havoc+1"],"picked":"Shockwave","floor":31.0},{"not_picked":["Immolate","Exhume"],"picked":"Corruption","floor":33.0},{"not_picked":["Clash","Metallicize","Flex+1"],"picked":"SKIP","floor":35.0},{"not_picked":["Metamorphosis","Thinking Ahead"],"picked":"Mayhem","floor":36.0},{"not_picked":["Entrench","Iron Wave"],"picked":"Power Through","floor":38.0},{"not_picked":["Reaper","Flex+1"],"picked":"Shrug It Off","floor":40.0},{"not_picked":["Whirlwind","Ghostly Armor"],"picked":"Sword Boomerang","floor":42},{"not_picked":["Havoc","Inflame","Anger"],"picked":"SKIP","floor":45},{"not_picked":["Pommel Strike+1","Havoc","Blood for Blood"],"picked":"SKIP","floor":47},{"not_picked":["Metallicize","Power Through"],"picked":"Evolve+1","floor":48},{"not_picked":["Rage","Havoc","Inflame"],"picked":"SKIP","floor":55}],"player_experience":911266,"relics_obtained":[{"floor":7.0,"key":"Orichalcum"},{"floor":23.0,"key":"Bag of Marbles"},{"floor":25.0,"key":"Ancient Tea Set"},{"floor":26.0,"key":"Blood Vial"},{"floor":39.0,"key":"Calipers"},{"floor":40.0,"key":"Omamori"},{"floor":41.0,"key":"Strawberry"},{"floor":42,"key":"Mango"},{"floor":43,"key":"PreservedInsect"},{"floor":47,"key":"Thread and Needle"},{"floor":55,"key":"Bottled Lightning"}],"event_choices":[{"damage_healed":0.0,"max_hp_gain":0.0,"max_hp_loss":0.0,"gold_gain":0.0,"event_name":"The Woman in Blue","player_choice":"Bought 1 Potion","floor":12.0,"gold_loss":0.0,"damage_taken":0.0},{"cards_removed":["Strike_R"],"damage_healed":0.0,"max_hp_gain":0.0,"max_hp_loss":0.0,"gold_gain":0.0,"event_name":"The Cleric","player_choice":"Card Removal","floor":14.0,"gold_loss":75.0,"damage_taken":0.0},{"damage_healed":0.0,"max_hp_gain":0.0,"max_hp_loss":0.0,"gold_gain":100.0,"event_name":"The Joust","player_choice":"Bet on Murderer","floor":19.0,"gold_loss":50.0,"damage_taken":0.0},{"damage_healed":0.0,"max_hp_gain":0.0,"max_hp_loss":0.0,"gold_gain":0.0,"event_name":"The Mausoleum","player_choice":"Opened","floor":30.0,"gold_loss":0.0,"damage_taken":0.0,"relics_obtained":["Centennial Puzzle"],"cards_obtained":["Writhe"]},{"damage_healed":0.0,"max_hp_gain":0.0,"max_hp_loss":0.0,"gold_gain":0.0,"event_name":"SensoryStone","player_choice":"Memory 3","floor":36.0,"gold_loss":0.0,"damage_taken":10.0},{"damage_healed":0.0,"max_hp_gain":0.0,"max_hp_loss":0.0,"gold_gain":0.0,"event_name":"Mysterious Sphere","player_choice":"Fight","floor":39.0,"gold_loss":0.0,"damage_taken":0.0}],"is_beta":false,"boss_relics":[{"not_picked":["SacredBark","Runic Pyramid"],"picked":"Snecko Eye"},{"not_picked":["Runic Cube","SlaversCollar"],"picked":"Empty Cage"}],"items_purged_floors":[4,11,21,37,44,46],"is_endless":false,"potions_floor_spawned":[13,16,18,22,25,28,38,42,48],"ascension_level":20}}