{"host":"15f3wpiimhe5yrng","time":1610568652,"event":{"mods":["100% Spire Juice","2.2 Compatiblity","BaseMod","Bestiary","Better Altar","Better Match","Better Note","Better Sensory Stone","Better Skull","Better Third Choice","Colored Map","Colored Powertips","Downfall","Good Game Mod","Ironclad Rager","Marisa????????","Minty Spire (QoL Compilation)","Permanent Neow","Relic Filter","SacredBarkPlus","Spicy Shops","StSLib","The Animator","The Cursed","The Forsaken","The Marked","TheSwordswoman"],"gold_per_floor":[13,32,32,47,57,57,90,101,125,150,169,194,210,245,245,345,345,358,33,52,52,327,327,346,362,362,388,401,413,438,456,456,553,553,565,26,38,38,55,81,81,11,35,35,35,85,112,221,221,221,221,221,23,56,56],"floor_reached":56,"language":"ENG","playtime":3646,"items_purged":["Defend_R","Defend_R","Regret"],"score":1304,"play_id":"a7e45e24-bc48-4df1-b228-a460d9d31781","local_time":"20210113211052","is_ascension_mode":false,"campfire_choices":[{"data":"Rampage","floor":6,"key":"SMITH"},{"data":"Disarm","floor":15,"key":"SMITH"},{"data":"Feed","floor":23,"key":"SMITH"},{"data":"Intimidate","floor":32,"key":"SMITH"},{"floor":41,"key":"RECALL"},{"data":"Inflame","floor":44,"key":"SMITH"},{"floor":49,"key":"REST"},{"data":"Burning Pact","floor":52,"key":"SMITH"}],"circlet_count":0,"master_deck":["Strike_R","Strike_R+1","Strike_R+1","Strike_R+1","Defend_R","Bash","animator:IzunaHatsuse","Rampage+1","Fire Breathing","Inflame","Burning Pact+1","Disarm+1","Intimidate+1","Cleave+1","Shrug It Off","Feed+1","Power Through+1","Shrug It Off","Battle Trance+1","Hemokinesis+1","Inflame","Inflame+1","Sword Boomerang+1","Fire Breathing","Heavy Blade+1"],"relics":["Burning Blood","REME:ComplimentaryCards","Bird Faced Urn","Dream Catcher","Orichalcum","Happy Flower","Oddly Smooth Stone","Mercury Hourglass","PreservedInsect","Sundial","Busted Crown","theForsaken:Lifeblossom","Whetstone","Nunchaku","SacredBark","Ginger","Bronze Scales","Anchor","Champion Belt","Mummified Hand","Red Skull","Bag of Marbles"],"acts_visited":["Exordium","TheCity","TheBeyond","TheEnding"],"potions_floor_usage":[5,10,14,28,28,31,35,50,54,55,55],"damage_taken":[{"damage":0,"enemies":"Small Slimes","floor":1,"turns":3},{"damage":2,"enemies":"Cultist","floor":2,"turns":3},{"damage":1,"enemies":"Jaw Worm","floor":4,"turns":3},{"damage":1,"enemies":"Large Slime","floor":5,"turns":7},{"damage":15,"enemies":"Lagavulin","floor":7,"turns":7},{"damage":5,"enemies":"Exordium Wildlife","floor":8,"turns":4},{"damage":17,"enemies":"Gremlin Nob","floor":10,"turns":4},{"damage":5,"enemies":"Red Slaver","floor":11,"turns":4},{"damage":12,"enemies":"3 Sentries","floor":12,"turns":5},{"damage":0,"enemies":"Looter","floor":13,"turns":3},{"damage":8,"enemies":"Lagavulin","floor":14,"turns":4},{"damage":14,"enemies":"Slime Boss","floor":16,"turns":8},{"damage":7,"enemies":"2 Thieves","floor":18,"turns":4},{"damage":3,"enemies":"Chosen","floor":20,"turns":7},{"damage":14,"enemies":"Centurion and Healer","floor":24,"turns":8},{"damage":22,"enemies":"Snake Plant","floor":25,"turns":6},{"damage":7,"enemies":"Book of Stabbing","floor":27,"turns":5},{"damage":3,"enemies":"Cultist and Chosen","floor":28,"turns":5},{"damage":1,"enemies":"Centurion and Healer","floor":29,"turns":6},{"damage":13,"enemies":"Gremlin Leader","floor":30,"turns":6},{"damage":14,"enemies":"Snecko","floor":31,"turns":6},{"damage":75,"enemies":"Collector","floor":33,"turns":11},{"damage":23,"enemies":"3 Darklings","floor":35,"turns":6},{"damage":18,"enemies":"3 Shapes","floor":37,"turns":6},{"damage":22,"enemies":"Jaw Worm Horde","floor":39,"turns":4},{"damage":18,"enemies":"Reptomancer","floor":40,"turns":4},{"damage":16,"enemies":"Mind Bloom Boss Battle","floor":46,"turns":6},{"damage":32,"enemies":"Nemesis","floor":47,"turns":5},{"damage":52,"enemies":"Donu and Deca","floor":50,"turns":6},{"damage":2,"enemies":"Shield and Spear","floor":54,"turns":3},{"damage":100,"enemies":"The Heart","floor":55,"turns":8}],"seed_played":"7769207136080431048","potions_obtained":[{"floor":2,"key":"hexamod:EctoCoolerPotion"},{"floor":5,"key":"FearPotion"},{"floor":13,"key":"Guardian:BlockOnCardUsePotion"},{"floor":14,"key":"FearPotion"},{"floor":16,"key":"Fire Potion"},{"floor":20,"key":"hexamod:EctoCoolerPotion"},{"floor":29,"key":"Fruit Juice"},{"floor":33,"key":"SneckoOil"},{"floor":39,"key":"Fruit Juice"},{"floor":54,"key":"Weak Potion"}],"is_trial":false,"path_per_floor":["M","M","?","M","M","R","E","M","T","E","M","E","M","E","R","B",null,"M","$","M","?","?","R","M","M","T","E","M","M","E","M","R","B",null,"M","$","M","?","M","E","R","$","T","R","?","?","E","?","R","B",null,"R","$","E","B",null],"character_chosen":"IRONCLAD","items_purchased":["Power Through","Shrug It Off","theForsaken:Lifeblossom","Inflame","Ginger","Fire Breathing","Regen Potion"],"campfire_rested":1,"item_purchase_floors":[19,19,19,36,36,42,53],"current_hp_per_floor":[80,80,21,26,33,33,28,33,33,26,31,29,37,37,37,33,80,83,83,86,86,86,86,90,83,83,96,102,106,105,107,107,52,118,116,116,120,120,122,128,128,128,128,128,128,134,122,31,73,53,150,150,150,150,89],"gold":56,"neow_bonus":"ONE_RARE_RELIC","is_daily":false,"chose_seed":false,"campfire_upgraded":6,"win_rate":0.0,"timestamp":1610568652,"path_taken":["M","M","?","M","M","R","E","M","T","E","?","E","M","E","R","BOSS","M","$","?","?","?","R","?","M","T","E","M","M","E","M","R","BOSS","M","$","M","?","?","E","R","$","T","R","?","?","E","?","R","BOSS","R","$","E","BOSS"],"items_purchased_type":["Card","Card","Relic","Card","Relic","Card","Potion"],"build_version":"2020-12-22","purchased_purges":3,"victory":true,"max_hp_per_floor":[80,80,80,80,80,80,80,80,80,80,80,80,80,80,80,80,80,83,83,86,86,86,86,90,94,94,98,102,106,110,114,114,118,118,128,128,132,132,136,140,140,140,140,140,140,140,140,140,140,150,150,150,150,150,150],"card_choices":[{"not_picked":["Shrug It Off","Dark Embrace"],"picked":"Rampage","floor":1},{"not_picked":["Anger","Warcry","Body Slam"],"picked":"SKIP","floor":2},{"not_picked":["Fiend Fire","Body Slam"],"picked":"Fire Breathing","floor":4},{"not_picked":["Perfected Strike","Shrug It Off"],"picked":"Inflame","floor":5},{"not_picked":["Heavy Blade","Warcry"],"picked":"Burning Pact","floor":7},{"not_picked":["Flex","Body Slam"],"picked":"Disarm","floor":8},{"not_picked":["Perfected Strike","Juggernaut","Clash"],"picked":"SKIP","floor":10},{"not_picked":["Pommel Strike","Anger","Bloodletting"],"picked":"SKIP","floor":11},{"not_picked":["Warcry","Uppercut"],"picked":"Intimidate","floor":12},{"not_picked":["Pommel Strike","Twin Strike"],"picked":"Cleave","floor":13},{"not_picked":["Warcry","Bludgeon"],"picked":"Shrug It Off","floor":14},{"not_picked":["Reaper","Demon Form"],"picked":"Feed","floor":16},{"not_picked":["Twin Strike"],"picked":"SKIP","floor":18},{"not_picked":["Intimidate"],"picked":"SKIP","floor":20},{"not_picked":["Flame Barrier"],"picked":"SKIP","floor":24},{"not_picked":["Clothesline"],"picked":"SKIP","floor":25},{"not_picked":["Entrench"],"picked":"SKIP","floor":27},{"not_picked":[],"picked":"Battle Trance+1","floor":28},{"not_picked":[],"picked":"Hemokinesis+1","floor":29},{"not_picked":["Pummel"],"picked":"SKIP","floor":30},{"not_picked":["Clothesline"],"picked":"SKIP","floor":31},{"not_picked":["Warcry"],"picked":"SKIP","floor":35},{"not_picked":["Anger"],"picked":"SKIP","floor":37},{"not_picked":["Rupture+1"],"picked":"SKIP","floor":39},{"not_picked":[],"picked":"Sword Boomerang+1","floor":40},{"not_picked":[],"picked":"Heavy Blade+1","floor":46},{"not_picked":["Rage+1"],"picked":"SKIP","floor":47},{"not_picked":["Blood for Blood+1"],"picked":"SKIP","floor":54}],"player_experience":157948,"relics_obtained":[{"floor":7,"key":"Happy Flower"},{"floor":9,"key":"Oddly Smooth Stone"},{"floor":10,"key":"Mercury Hourglass"},{"floor":12,"key":"PreservedInsect"},{"floor":14,"key":"Sundial"},{"floor":27,"key":"Whetstone"},{"floor":30,"key":"Nunchaku"},{"floor":40,"key":"Bronze Scales"},{"floor":43,"key":"Anchor"},{"floor":46,"key":"Champion Belt"},{"floor":47,"key":"Mummified Hand"},{"floor":54,"key":"Bag of Marbles"}],"event_choices":[{"damage_healed":0,"gold_gain":0,"player_choice":"UP UP RE RE ","damage_taken":67,"relics_obtained":["Dream Catcher","Orichalcum"],"max_hp_gain":0,"max_hp_loss":0,"event_name":"betterSkull:BetterSkull","floor":3,"gold_loss":0,"cards_upgraded":["Strike_R","Strike_R"]},{"cards_removed":["Defend_R"],"damage_healed":0,"gold_gain":0,"player_choice":"Offered Basic","damage_taken":0,"max_hp_gain":0,"max_hp_loss":0,"event_name":"Bonfire Elementals","floor":21,"gold_loss":0},{"damage_healed":0,"gold_gain":275,"player_choice":"Desecrate","damage_taken":0,"max_hp_gain":0,"max_hp_loss":0,"event_name":"Golden Shrine","floor":22,"gold_loss":0,"cards_obtained":["Regret"]},{"damage_healed":0,"gold_gain":0,"player_choice":"Copied","damage_taken":0,"max_hp_gain":0,"max_hp_loss":0,"event_name":"Duplicator","floor":38,"gold_loss":0,"cards_obtained":["Inflame"]},{"cards_removed":["Strike_R"],"damage_healed":0,"gold_gain":0,"player_choice":"Removed Attack","damage_taken":0,"max_hp_gain":0,"max_hp_loss":0,"event_name":"Falling","floor":45,"gold_loss":0},{"damage_healed":0,"gold_gain":0,"player_choice":"Fight","damage_taken":0,"max_hp_gain":0,"max_hp_loss":0,"event_name":"MindBloom","floor":46,"gold_loss":0},{"damage_healed":0,"gold_gain":109,"player_choice":"UP RE UP GO ","damage_taken":98,"relics_obtained":["Red Skull"],"max_hp_gain":0,"max_hp_loss":0,"event_name":"betterSkull:BetterSkull","floor":48,"gold_loss":0,"cards_upgraded":["Strike_R","Power Through"]}],"is_beta":false,"boss_relics":[{"not_picked":["Fusion Hammer","Velvet Choker"],"picked":"Busted Crown"},{"not_picked":["Black Blood","theForsaken:PaleLantern"],"picked":"SacredBark"}],"items_purged_floors":[19,36,53],"is_endless":false,"potions_floor_spawned":[2,5,13,14,16,20,24,29,33,39,46,54],"ascension_level":0}}