{"host":"ga4s3hj9m6nkn6gp","time":1610578890,"event":{"mods":["AchievementEnabler","BaseMod","Bestiary","Colored Powertips","Highlight Path","Minty Spire (QoL Compilation)","Relic Stats","everything is the same but u backflip on backflip"],"gold_per_floor":[113,42,42,61,75,75,105,117,164,191,191,191,191,219,219,317,317,334,259,259,110,125,125,125],"floor_reached":23,"language":"ENG","playtime":1129,"items_purged":["Strike_B"],"score":347,"play_id":"ccc252cd-3dc1-4547-8910-6b6b7029ba33","local_time":"20210114000130","is_ascension_mode":true,"campfire_choices":[{"data":"Defragment","floor":6.0,"key":"SMITH"},{"floor":11.0,"key":"REST"},{"data":"Rainbow","floor":13.0,"key":"SMITH"},{"floor":15,"key":"REST"}],"circlet_count":0,"master_deck":["Strike_B","Strike_B","Defend_B","Defend_B","Defend_B","Defend_B","Zap","Dualcast","Go for the Eyes","Defragment+1","Melter","Rainbow+1","Compile Driver","Ball Lightning","Multi-Cast","Conserve Battery","Turbo+1","Steam"],"relics":["Cracked Core","Blue Candle","Vajra","Pen Nib","Matryoshka","Kunai","Velvet Choker"],"acts_visited":["Exordium","TheCity"],"potions_floor_usage":[16,22,23,23],"damage_taken":[{"damage":3.0,"enemies":"Small Slimes","floor":1.0,"turns":4.0},{"damage":12.0,"enemies":"Jaw Worm","floor":4.0,"turns":3.0},{"damage":8.0,"enemies":"2 Louse","floor":5.0,"turns":3.0},{"damage":20.0,"enemies":"Lagavulin","floor":7.0,"turns":6.0},{"damage":11.0,"enemies":"Exordium Thugs","floor":8.0,"turns":6.0},{"damage":20.0,"enemies":"3 Sentries","floor":10.0,"turns":7.0},{"damage":17,"enemies":"Lagavulin","floor":14,"turns":5},{"damage":0,"enemies":"Slime Boss","floor":16,"turns":5},{"damage":16,"enemies":"3 Byrds","floor":18,"turns":4},{"damage":24,"enemies":"2 Thieves","floor":22,"turns":3},{"damage":28,"enemies":"Gremlin Leader","floor":23,"turns":5}],"seed_played":"-4054467358440572608","potions_obtained":[{"floor":1.0,"key":"DuplicationPotion"},{"floor":5.0,"key":"Weak Potion"},{"floor":14,"key":"Fire Potion"},{"floor":16,"key":"SteroidPotion"},{"floor":18,"key":"Explosive Potion"},{"floor":22,"key":"Explosive Potion"}],"is_trial":false,"path_per_floor":["M","$","?","M","M","R","E","M","T","E","R","T","R","E","R","B",null,"M","?","?","$","M","E"],"character_chosen":"DEFECT","items_purchased":["Defragment","DuplicationPotion"],"campfire_rested":2,"item_purchase_floors":[2,21],"current_hp_per_floor":[72,72,72,60,52,52,32,21,21,1,25,25,25,8,32,32,70,54,54,46,46,22,0,0],"gold":125,"neow_bonus":"TEN_PERCENT_HP_BONUS","is_daily":false,"chose_seed":false,"campfire_upgraded":2,"win_rate":0.0,"timestamp":1610578890,"path_taken":["M","$","?","M","M","R","E","M","T","E","R","?","R","E","R","BOSS","M","?","?","$","?","E"],"items_purchased_type":["Card","Potion"],"build_version":"2020-12-22","purchased_purges":1,"victory":false,"max_hp_per_floor":[82,82,82,82,82,82,82,82,82,82,82,82,82,82,82,82,82,82,82,82,82,82,82,82],"relic_stats":{"counters":[11,51],"Blue Candle":[0],"Pen Nib":[3],"Kunai":[3],"obtain_stats":[{"Matryoshka":12,"Blue Candle":7,"Vajra":9,"Velvet Choker":17,"Pen Nib":10,"Kunai":14,"Cracked Core":0},{"Matryoshka":6,"Blue Candle":4,"Vajra":5,"Velvet Choker":8,"Pen Nib":6,"Kunai":7,"Cracked Core":0},{"Matryoshka":29,"Blue Candle":16,"Vajra":22,"Velvet Choker":39,"Pen Nib":29,"Kunai":34,"Cracked Core":0}]},"card_choices":[{"not_picked":["Skim","Gash"],"picked":"Go for the Eyes","floor":1.0},{"not_picked":["Hologram","Turbo"],"picked":"Melter","floor":4.0},{"not_picked":["Double Energy","Coolheaded"],"picked":"Rainbow","floor":5.0},{"not_picked":["Cold Snap","Streamline"],"picked":"Compile Driver","floor":7.0},{"not_picked":["Storm","Turbo"],"picked":"Ball Lightning","floor":8.0},{"not_picked":["Redo","Leap"],"picked":"Multi-Cast","floor":10.0},{"not_picked":["Gash","Meteor Strike"],"picked":"Conserve Battery","floor":14},{"not_picked":["Streamline","Rebound"],"picked":"Turbo+1","floor":18},{"not_picked":["Scrape","Steam Power"],"picked":"Steam","floor":22}],"player_experience":620607,"relics_obtained":[{"floor":7.0,"key":"Blue Candle"},{"floor":9.0,"key":"Vajra"},{"floor":10.0,"key":"Pen Nib"},{"floor":12.0,"key":"Matryoshka"},{"floor":14,"key":"Kunai"}],"event_choices":[{"damage_healed":0.0,"max_hp_gain":0.0,"max_hp_loss":0.0,"gold_gain":0.0,"event_name":"The Cleric","player_choice":"Leave","floor":3.0,"gold_loss":0.0,"damage_taken":0.0},{"cards_removed":["Strike_B"],"damage_healed":0,"gold_gain":0,"player_choice":"Gave Gold","damage_taken":0,"max_hp_gain":0,"max_hp_loss":0,"event_name":"Beggar","floor":19,"gold_loss":75},{"damage_healed":0,"gold_gain":0,"player_choice":"Damaged","damage_taken":8,"max_hp_gain":0,"max_hp_loss":0,"event_name":"Wheel of Change","floor":20,"gold_loss":0}],"is_beta":false,"boss_relics":[{"not_picked":["Sozu","Nuclear Battery"],"picked":"Velvet Choker"}],"items_purged_floors":[21],"is_endless":false,"potions_floor_spawned":[1,5,14,16,18,22],"killed_by":"Gremlin Leader","ascension_level":7}}