{"host":"g1wmg2w41xhsnw8g","time":1610508123,"event":{"mods":["2.2 Compatiblity","Act Like it!","Aspiration","BaseMod","Better Altar","Better Match","Better Note","Better Sensory Stone","Better Skull","Better Third Choice","BetterRewards","Booster Modes","CapriCore","Colored Map","Colored Powertips","Curses Come First","Defuse TimeMaze Blight","Displayed Cursed Tome","Evolution","Friendly Minions","GifTheSpireLib","Good Game Mod","Googly Eyes","Infinite Spire","Magitek Elite","Minty Spire (QoL Compilation)","Red Circlet Mod","Relic Sorter","SCP261 Mod","Shop Mod","Spicy Shops","StSLib","The Blackbeard","The Sage","Transform Curses","Wandering Minibosses","????"],"gold_per_floor":[117,117,117,134,151,183,183,216,216,237,32,32,32,48,48,153,153,166,180,112,132,148,173,109,129,156,156,156],"floor_reached":27,"language":"ENG","playtime":1683,"items_purged":["Defend_L"],"score":460,"play_id":"26623f78-259e-4ebd-b72f-4697e52b76e9","local_time":"20210112222203","is_ascension_mode":true,"campfire_choices":[{"data":"Blood_Hilt","floor":7,"key":"SMITH"},{"data":"Fake_Moustache","floor":13,"key":"SMITH"},{"data":"Gravity","floor":15,"key":"SMITH"}],"circlet_count":0,"master_deck":["Strike_L","Strike_L","Defend_L","Defend_L","Fire2","Cure","Blood_Hilt+1","Noxious Fumes","Bravery","Magus_Robe+1","Strike_G+1","Choke","infinitespire:Neurotoxin","Shell","Icebrand+1","Water","Fake_Moustache+1","Rune_Blade","Gravity+1","Pain","Force_Armor+1","Diamond_Shield2","Cure+2","Quake","Faith","Doubt","Pain","Quake","Blood_Hilt+1","Pain","Doubt"],"relics":["Pendant","REME:ComplimentaryCards","EVO:Axolotl","aspiration:FetidBarrel","Gremlin Horn","MerchantsRug","aspiration:HatOfInfinitePower","infinitespire:WardingShard","infinitespire:PuzzleCube","Odd Mushroom","WarpedTongs","Memories","infinitespire:ShieldingShard","Sling","aspiration:Lifesprig"],"acts_visited":["Exordium","TheCity"],"potions_floor_usage":[6,6,19],"damage_taken":[{"damage":7,"enemies":"Small Slimes","floor":1,"turns":3},{"damage":8,"enemies":"2 Louse","floor":4,"turns":3},{"damage":11,"enemies":"Cultist","floor":5,"turns":5},{"damage":22,"enemies":"Lagavulin","floor":6,"turns":6},{"damage":21,"enemies":"3 Sentries","floor":8,"turns":5},{"damage":13,"enemies":"The Mushroom Lair","floor":10,"turns":4},{"damage":11,"enemies":"3 Louse","floor":14,"turns":3},{"damage":29,"enemies":"The Guardian","floor":16,"turns":6},{"damage":3,"enemies":"Chosen","floor":18,"turns":5},{"damage":14,"enemies":"Spheric Guardian","floor":19,"turns":3},{"damage":19,"enemies":"Centurion and Healer","floor":21,"turns":3},{"damage":36,"enemies":"Snake Plant","floor":22,"turns":5},{"damage":55,"enemies":"Slavers","floor":23,"turns":3},{"damage":18,"enemies":"3 Cultists","floor":25,"turns":4},{"damage":47,"enemies":"Nightmare","floor":27,"turns":3}],"seed_played":"-6640502473881538704","potions_obtained":[{"floor":1,"key":"Block Potion"},{"floor":5,"key":"DistilledChaos"},{"floor":10,"key":"SCP261:SweetSwarmPotion"},{"floor":18,"key":"AttackPotion"},{"floor":19,"key":"PowerPotion"},{"floor":23,"key":"SCP261:BarrettColaPotion"}],"is_trial":false,"path_per_floor":["M","?","?","M","M","E","R","E","T","?","$","?","R","M","R","B",null,"M","M","$","M","M","E","R","M","T","NM"],"character_chosen":"MAGITEKELITE","items_purchased":["aspiration:FetidBarrel","Gremlin Horn","MerchantsRug","Blood_Hilt","Whetstone","Gravity","infinitespire:ShieldingShard","Sling"],"campfire_rested":0,"item_purchase_floors":[0,0,0,0,11,11,20,24],"current_hp_per_floor":[58,58,58,52,49,35,35,30,30,31,31,31,31,30,30,15,63,62,56,56,57,50,31,31,37,37,0,0],"gold":156,"neow_bonus":"","is_daily":false,"chose_seed":false,"campfire_upgraded":3,"win_rate":0.0,"timestamp":1610508123,"path_taken":["M","?","?","M","M","E","R","E","T","?","$","?","R","M","R","BOSS","M","M","$","M","M","E","R","?","T","NM"],"items_purchased_type":["Relic","Relic","Relic","Card","Relic","Card","Relic","Relic"],"build_version":"2020-12-22","purchased_purges":1,"victory":false,"max_hp_per_floor":[63,63,63,63,63,63,63,63,63,63,63,63,63,63,63,63,63,63,63,63,63,63,63,63,63,63,63,63],"card_choices":[{"not_picked":["Throw","Mythril_Knife"],"picked":"Bravery","floor":1},{"not_picked":["Magus_Robe","Gaia_Gear"],"picked":"Shell","floor":4},{"not_picked":["Heavy_Shield","Transpose_P"],"picked":"Icebrand","floor":5},{"not_picked":["Vox","Throw"],"picked":"Water","floor":6},{"not_picked":["Mythril_Knife","Rune_Blade"],"picked":"Fake_Moustache","floor":8},{"not_picked":["Gladius","Barrier"],"picked":"Rune_Blade","floor":10},{"not_picked":["Magus_Robe","Thornlet"],"picked":"Force_Armor","floor":14},{"not_picked":["Quick","Fake_Moustache"],"picked":"Diamond_Shield2","floor":16},{"not_picked":["Wall+1","Heavy_Shield"],"picked":"Quake","floor":18},{"not_picked":["Man_Eater","Crystal_Sword"],"picked":"Faith","floor":19},{"not_picked":["Break","Heavy_Shield"],"picked":"Quake","floor":21},{"not_picked":["Gladius","Transpose2","Gravity"],"picked":"SKIP","floor":22},{"not_picked":["Poisona","Man_Eater"],"picked":"Blood_Hilt+1","floor":23},{"not_picked":["Cursed_Shield+1","Slow","Enhancer+1"],"picked":"SKIP","floor":25}],"player_experience":1061861,"relics_obtained":[{"floor":6,"key":"aspiration:HatOfInfinitePower"},{"floor":8,"key":"infinitespire:WardingShard"},{"floor":9,"key":"infinitespire:PuzzleCube"},{"floor":10,"key":"Odd Mushroom"},{"floor":23,"key":"War Paint"},{"floor":26,"key":"aspiration:Lifesprig"}],"event_choices":[{"damage_healed":0,"gold_gain":0,"cards_transformed":["Defend_L"],"player_choice":"Change","damage_taken":0,"max_hp_gain":0,"max_hp_loss":0,"event_name":"Living Wall","floor":2,"gold_loss":0,"cards_obtained":["Magus_Robe"]},{"damage_healed":0,"gold_gain":0,"player_choice":"Fought Mushrooms","damage_taken":0,"max_hp_gain":0,"max_hp_loss":0,"event_name":"Mushrooms","floor":10,"gold_loss":0},{"damage_healed":0,"gold_gain":0,"player_choice":"Rummage","damage_taken":0,"relics_obtained":["WarpedTongs"],"max_hp_gain":0,"max_hp_loss":0,"event_name":"Accursed Blacksmith","floor":12,"gold_loss":0,"cards_obtained":["Pain"]}],"is_beta":false,"boss_relics":[{"not_picked":["aspiration:RitualDagger","aspiration:PoetsPen"],"picked":"Memories"}],"items_purged_floors":[0],"is_endless":false,"potions_floor_spawned":[1,5,10,18,19,23],"killed_by":"Nightmare","ascension_level":1}}