{"host":"03a85bwj0a5skoit","time":1610538765,"event":{"mods":["BaseMod","Block Reminder","Minty Spire (QoL Compilation)","Relic Stats","StSLib"],"gold_per_floor":[111,111,176,226,238,264,264,289,313,346,356,366,384,413,413,490,490,500,7,26,91,141,173,241,267,294,327,327,357,357,368,368,442,442,459,473,1522,1847,1857,673,673,736,736,736,786,786,32,82,82,82,82],"floor_reached":52,"language":"ENG","playtime":2472,"items_purged":["Strike_B","Normality","Strike_B"],"score":2245,"play_id":"20778e0e-8191-4079-bf25-af81886988dc","local_time":"20210113222245","is_ascension_mode":true,"campfire_choices":[{"floor":7,"key":"REST"},{"floor":15,"key":"REST"},{"floor":30,"key":"REST"},{"floor":32,"key":"REST"},{"data":"1","floor":41,"key":"LIFT"},{"data":"2","floor":44,"key":"LIFT"},{"data":"3","floor":46,"key":"LIFT"},{"floor":49,"key":"REST"}],"circlet_count":0,"master_deck":["AscendersBane","Strike_B","Defend_B","Defend_B","Defend_B","Defend_B","Dualcast","Chaos","Barrage","Sweeping Beam","Glacier","Defragment","Compile Driver","Coolheaded","Undo","Hologram","Ball Lightning","Seek","Echo Form","Sunder","Echo Form","Leap+1","Doom and Gloom","Amplify","Defragment","Turbo+1","Tempest","Defragment","Aggregate","Creative AI","Gash+1","Regret","White Noise+1","Capacitor","Transmutation","Enlightenment","Skim","Apotheosis","Recycle","Creative AI","Redo","Madness","Madness"],"relics":["Fusion Hammer","SsserpentHead","Omamori","PreservedInsect","Anchor","Akabeko","Kunai","Sozu","Bottled Tornado","Unceasing Top","Mercury Hourglass","Centennial Puzzle","Gambling Chip","Ancient Tea Set","Calling Bell","MealTicket","StrikeDummy","Girya","OrangePellets","Letter Opener","Sundial","Ornamental Fan","Sling"],"acts_visited":["Exordium","TheCity","TheBeyond"],"potions_floor_usage":[6,8,12,23,23],"damage_taken":[{"damage":0,"enemies":"2 Louse","floor":1,"turns":2},{"damage":8,"enemies":"Cultist","floor":3,"turns":5},{"damage":3,"enemies":"Small Slimes","floor":5,"turns":3},{"damage":10,"enemies":"3 Sentries","floor":6,"turns":5},{"damage":21,"enemies":"Gremlin Nob","floor":8,"turns":4},{"damage":5,"enemies":"Lagavulin","floor":10,"turns":6},{"damage":0,"enemies":"Exordium Thugs","floor":11,"turns":5},{"damage":0,"enemies":"3 Louse","floor":12,"turns":2},{"damage":6,"enemies":"Lots of Slimes","floor":13,"turns":4},{"damage":2,"enemies":"3 Sentries","floor":14,"turns":4},{"damage":27,"enemies":"The Guardian","floor":16,"turns":15},{"damage":0,"enemies":"Chosen","floor":18,"turns":5},{"damage":0,"enemies":"Spheric Guardian","floor":20,"turns":4},{"damage":0,"enemies":"Centurion and Healer","floor":21,"turns":5},{"damage":10,"enemies":"Slavers","floor":23,"turns":4},{"damage":0,"enemies":"Cultist and Chosen","floor":24,"turns":4},{"damage":0,"enemies":"Book of Stabbing","floor":25,"turns":6},{"damage":0,"enemies":"Gremlin Leader","floor":27,"turns":7},{"damage":17,"enemies":"Book of Stabbing","floor":29,"turns":5},{"damage":27,"enemies":"Sentry and Sphere","floor":31,"turns":6},{"damage":0,"enemies":"Champ","floor":33,"turns":13},{"damage":1,"enemies":"3 Shapes","floor":35,"turns":3},{"damage":1,"enemies":"Orb Walker","floor":36,"turns":4},{"damage":12,"enemies":"4 Shapes","floor":39,"turns":5},{"damage":0,"enemies":"Jaw Worm Horde","floor":42,"turns":3},{"damage":39,"enemies":"Time Eater","floor":50,"turns":9},{"damage":26,"enemies":"Donu and Deca","floor":51,"turns":6}],"seed_played":"-4850037244356403146","potions_obtained":[{"floor":1,"key":"EssenceOfDarkness"},{"floor":6,"key":"FearPotion"},{"floor":10,"key":"Swift Potion"},{"floor":13,"key":"Energy Potion"},{"floor":16,"key":"Fire Potion"}],"is_trial":false,"path_per_floor":["M","?","M","?","M","E","R","E","T","E","M","M","M","E","R","B",null,"M","$","M","M","?","E","M","E","T","E","?","E","R","M","R","B",null,"M","M","?","?","M","$","R","M","T","R","?","R","$","?","R","B","B",null],"character_chosen":"DEFECT","items_purchased":["Bottled Tornado","Echo Form","OrangePellets","Letter Opener","Capacitor","Sundial","Transmutation","Enlightenment","Apotheosis","Recycle","Sling","Creative AI","Redo"],"campfire_rested":5,"item_purchase_floors":[19,19,40,40,40,40,40,40,47,47,47,47,47],"current_hp_per_floor":[64,64,56,56,53,43,64,43,43,38,38,38,32,30,51,24,59,59,59,59,59,59,49,49,49,49,49,49,32,53,26,47,47,65,64,63,63,63,51,66,66,66,66,66,66,66,71,58,71,32,6],"gold":82,"neow_bonus":"BOSS_RELIC","is_daily":false,"chose_seed":false,"campfire_upgraded":0,"win_rate":0.0,"timestamp":1610538765,"path_taken":["M","?","?","?","M","E","R","E","T","E","M","M","M","E","R","BOSS","M","$","M","?","?","E","?","E","T","E","?","E","R","M","R","BOSS","M","M","?","?","M","$","R","?","T","R","?","R","$","?","R","BOSS","BOSS"],"items_purchased_type":["Relic","Card","Relic","Relic","Card","Relic","Card","Card","Card","Card","Relic","Card","Card"],"build_version":"2020-12-22","purchased_purges":3,"victory":true,"max_hp_per_floor":[71,71,71,71,71,71,71,71,71,71,71,71,71,71,71,71,71,71,71,71,71,71,71,71,71,71,71,71,71,71,71,71,71,71,71,71,71,71,71,71,71,71,71,71,71,71,71,71,71,71,71],"relic_stats":{"counters":[27,144],"PreservedInsect":235,"Letter Opener":[110],"Mercury Hourglass":[205],"Sozu":6,"SsserpentHead":550,"OrangePellets":[7],"Centennial Puzzle":[21],"Sundial":[0],"Ornamental Fan":[8],"Gambling Chip":[26],"MealTicket":20,"Kunai":[25],"obtain_stats":[{"Girya":34,"PreservedInsect":8,"Omamori":6,"Letter Opener":40,"Bottled Tornado":19,"Ancient Tea Set":29,"Sling":47,"Akabeko":10,"Mercury Hourglass":25,"Sozu":17,"Calling Bell":34,"SsserpentHead":2,"OrangePellets":40,"Anchor":9,"Centennial Puzzle":26,"Sundial":40,"Ornamental Fan":43,"Gambling Chip":27,"MealTicket":34,"Fusion Hammer":0,"Kunai":14,"Cracked Core":0,"StrikeDummy":34,"Unceasing Top":23},{"Girya":21,"PreservedInsect":5,"Omamori":4,"Letter Opener":24,"Bottled Tornado":12,"Ancient Tea Set":19,"Sling":25,"Akabeko":6,"Mercury Hourglass":17,"Sozu":11,"Calling Bell":21,"SsserpentHead":1,"OrangePellets":24,"Anchor":5,"Centennial Puzzle":17,"Sundial":24,"Ornamental Fan":25,"Gambling Chip":18,"MealTicket":21,"Fusion Hammer":0,"Kunai":10,"Cracked Core":0,"StrikeDummy":21,"Unceasing Top":15},{"Girya":114,"PreservedInsect":19,"Omamori":15,"Letter Opener":126,"Bottled Tornado":60,"Ancient Tea Set":95,"Sling":129,"Akabeko":25,"Mercury Hourglass":83,"Sozu":55,"Calling Bell":114,"SsserpentHead":2,"OrangePellets":126,"Anchor":19,"Centennial Puzzle":83,"Sundial":126,"Ornamental Fan":129,"Gambling Chip":90,"MealTicket":114,"Fusion Hammer":0,"Kunai":40,"Cracked Core":0,"StrikeDummy":114,"Unceasing Top":73}],"Unceasing Top":[8]},"card_choices":[{"not_picked":["Go for the Eyes","Stack"],"picked":"Chaos","floor":1},{"not_picked":["Leap","Double Energy"],"picked":"Barrage","floor":3},{"not_picked":["Barrage","Leap"],"picked":"Defragment","floor":5},{"not_picked":["Cold Snap","Stack"],"picked":"Compile Driver","floor":6},{"not_picked":["Amplify","Barrage"],"picked":"Coolheaded","floor":8},{"not_picked":["White Noise","Conserve Battery"],"picked":"Undo","floor":10},{"not_picked":["Force Field","Cold Snap","Barrage"],"picked":"SKIP","floor":11},{"not_picked":["Cold Snap","Go for the Eyes"],"picked":"Hologram","floor":12},{"not_picked":["Compile Driver","Gash"],"picked":"Ball Lightning","floor":13},{"not_picked":["Beam Cell","Self Repair"],"picked":"Seek","floor":14},{"not_picked":["Core Surge","Seek"],"picked":"Echo Form","floor":16},{"not_picked":["Hologram","Ball Lightning"],"picked":"Sunder","floor":18},{"not_picked":["Static Discharge","Scrape+1"],"picked":"Leap+1","floor":20},{"not_picked":["Sunder","Leap"],"picked":"Doom and Gloom","floor":21},{"not_picked":["Storm","Reprogram+1"],"picked":"Amplify","floor":23},{"not_picked":["Double Energy","Conserve Battery"],"picked":"Defragment","floor":24},{"not_picked":["Hologram+1","Redo"],"picked":"Turbo+1","floor":25},{"not_picked":["Redo","Fusion"],"picked":"Tempest","floor":27},{"not_picked":["Barrage","Auto Shields"],"picked":"Defragment","floor":29},{"not_picked":["Chill","Leap"],"picked":"Aggregate","floor":31},{"not_picked":["Rainbow","Hyperbeam"],"picked":"Creative AI","floor":33},{"not_picked":["Ball Lightning","Steam Power"],"picked":"Gash+1","floor":35},{"not_picked":["Rebound+1","Conserve Battery","Stack"],"picked":"SKIP","floor":36},{"not_picked":["Compile Driver","Double Energy"],"picked":"White Noise+1","floor":39},{"not_picked":["Blizzard","Ball Lightning"],"picked":"Skim","floor":42}],"player_experience":2333305,"relics_obtained":[{"floor":6,"key":"Omamori"},{"floor":8,"key":"PreservedInsect"},{"floor":9,"key":"Anchor"},{"floor":10,"key":"Akabeko"},{"floor":14,"key":"Kunai"},{"floor":23,"key":"Unceasing Top"},{"floor":25,"key":"Mercury Hourglass"},{"floor":26,"key":"Centennial Puzzle"},{"floor":27,"key":"Gambling Chip"},{"floor":29,"key":"Ancient Tea Set"},{"floor":34,"key":"MealTicket"},{"floor":34,"key":"StrikeDummy"},{"floor":34,"key":"Girya"},{"floor":43,"key":"Ornamental Fan"}],"event_choices":[{"damage_healed":0,"gold_gain":0,"player_choice":"Trade","damage_taken":0,"relics_obtained":["SsserpentHead"],"max_hp_gain":0,"max_hp_loss":0,"event_name":"FaceTrader","floor":2,"gold_loss":0},{"damage_healed":0,"gold_gain":0,"player_choice":"2 cards matched","damage_taken":0,"max_hp_gain":0,"max_hp_loss":0,"event_name":"Match and Keep!","floor":4,"gold_loss":0,"cards_obtained":["Sweeping Beam","Glacier"]},{"cards_removed":["Zap"],"damage_healed":0,"gold_gain":0,"player_choice":"Purged","damage_taken":0,"max_hp_gain":0,"max_hp_loss":0,"event_name":"Purifier","floor":22,"gold_loss":0},{"damage_healed":0,"gold_gain":0,"player_choice":"Bet on Murderer","damage_taken":0,"max_hp_gain":0,"max_hp_loss":0,"event_name":"The Joust","floor":28,"gold_loss":50},{"damage_healed":0,"gold_gain":999,"player_choice":"Gold","damage_taken":0,"max_hp_gain":0,"max_hp_loss":0,"event_name":"MindBloom","floor":37,"gold_loss":0,"cards_obtained":["Normality","Normality"]},{"damage_healed":0,"gold_gain":275,"player_choice":"Desecrate","damage_taken":0,"max_hp_gain":0,"max_hp_loss":0,"event_name":"Golden Shrine","floor":38,"gold_loss":0,"cards_obtained":["Regret"]},{"cards_removed":["Strike_B"],"damage_healed":0,"gold_gain":0,"player_choice":"Removed Attack","damage_taken":0,"max_hp_gain":0,"max_hp_loss":0,"event_name":"Falling","floor":45,"gold_loss":0},{"damage_healed":0,"gold_gain":0,"player_choice":"Embrace Madness","damage_taken":13,"max_hp_gain":0,"max_hp_loss":0,"event_name":"Winding Halls","floor":48,"gold_loss":0,"cards_obtained":["Madness","Madness"]}],"is_beta":false,"boss_relics":[{"not_picked":["Snecko Eye","Velvet Choker"],"picked":"Sozu"},{"not_picked":["Tiny House","Black Star"],"picked":"Calling Bell"}],"items_purged_floors":[19,40,47],"is_endless":false,"potions_floor_spawned":[1,6,10,13,16,24,25,27,29,36,42],"ascension_level":20}}