{"host":"4rvk26w7t08d5zdj","time":1610527770,"event":{"mods":["AchievementEnabler","BaseMod","Colored Powertips","Conspire","Energized Spire","GifTheSpireLib","Minty Spire (QoL Compilation)","Rare Cards Sparkle","StSLib","The Animator","The Blue Laboratory"],"gold_per_floor":[128,140,315,227,44,89,101,113,113,147,173,173,191,205,205,303,303,329,118,133,159,159,159,74,74,97,116,116,116,116,116,116,214,214,257,271,3,53,67,67,78,97,97,0,0,15,29,52,52,52,52],"floor_reached":50,"language":"ENG","playtime":11125,"items_purged":["Doubt"],"score":533,"play_id":"2c8d448f-5f86-4567-833d-9f3b235cd214","local_time":"20210113004930","is_ascension_mode":false,"campfire_choices":[{"data":"animator:IzunaHatsuse","floor":12.0,"key":"SMITH"},{"data":"animator:DolaStephanie","floor":15.0,"key":"SMITH"},{"data":"animator:YachiyoNanami","floor":23.0,"key":"SMITH"},{"data":"animator:HomuraAkemi","floor":25.0,"key":"SMITH"},{"data":"animator:DwarfShaman","floor":30.0,"key":"SMITH"},{"data":"animator:Witch","floor":32.0,"key":"SMITH"},{"floor":40.0,"key":"DIG"},{"floor":49.0,"key":"REST"}],"circlet_count":0,"master_deck":["animator:Strike_MadokaMagica","animator:Defend_MadokaMagica+1","animator:IrohaTamaki","animator:YuiTsuruno","animator:KyokoSakura","animator:AcuraTooru","animator:Strike_FullmetalAlchemist","animator:Strike_Konosuba","animator:Strike_Fate","animator:Defend_Konosuba","animator:Defend_GoblinSlayer+1","animator:Defend_AccelWorld","animator:IzunaHatsuse+1","animator:IrohaTamaki","animator:HigakiRinne","animator:IzunaHatsuse","animator:DwarfShaman+1","animator:KyokoSakura","animator:DolaStephanie+1","animator:HomuraAkemi+1","animator:DolaCouronne+1","animator:IzunaHatsuse","animator:HigakiRinne","animator:Arpeggio","animator:Emonzaemon","animator:YachiyoNanami+1","animator:IrohaTamaki","animator:Witch+1","animator:MadokaKaname","animator:OrikoMikuni+1","animator:SayakaMiki","animator:Azekura","animator:MamiTomoe","animator:Gillette","animator:Priestess+1","animator:MadokaKaname","animator:YaoHaDucy+1","animator:SuzuneAmano","animator:GuildGirl+1"],"relics":["animator:LivingPicture","animator:TheMissingPiece","Membership Card","PreservedInsect","War Paint","Ancient Tea Set","conspire:SpecialSausage","Medical Kit","Blue Candle","Omamori","Potion Belt","Calling Bell","animator:ShionDessert","Mercury Hourglass","Shovel","Anchor","Runic Capacitor","Toy Ornithopter","Torii","conspire:GlowingRock","HornCleat","Red Mask"],"acts_visited":["Exordium","TheCity","TheBeyond"],"potions_floor_usage":[50,50,50],"damage_taken":[{"damage":0.0,"enemies":"conspire:RoseBush","floor":1.0,"turns":4.0},{"damage":0.0,"enemies":"2 Louse","floor":2.0,"turns":3.0},{"damage":4.0,"enemies":"3 Sentries","floor":6.0,"turns":6.0},{"damage":0.0,"enemies":"Jaw Worm","floor":7.0,"turns":3.0},{"damage":0.0,"enemies":"Exordium Thugs","floor":8.0,"turns":7.0},{"damage":12.0,"enemies":"Lagavulin","floor":10.0,"turns":5.0},{"damage":2.0,"enemies":"Large Slime","floor":11.0,"turns":5.0},{"damage":3.0,"enemies":"conspire:2 RoseBushes","floor":13.0,"turns":4.0},{"damage":0.0,"enemies":"2 Fungi Beasts","floor":14.0,"turns":3.0},{"damage":0.0,"enemies":"Slime Boss","floor":16.0,"turns":9.0},{"damage":0.0,"enemies":"Shell Parasite","floor":18.0,"turns":7.0},{"damage":6.0,"enemies":"Chosen","floor":20.0,"turns":6.0},{"damage":4.0,"enemies":"Snecko","floor":21.0,"turns":5.0},{"damage":3.0,"enemies":"Snake Plant","floor":27.0,"turns":3.0},{"damage":12.0,"enemies":"conspire:MysteriousRune","floor":33.0,"turns":9.0},{"damage":0.0,"enemies":"3 Shapes","floor":35.0,"turns":4.0},{"damage":0.0,"enemies":"Orb Walker","floor":36.0,"turns":3.0},{"damage":0.0,"enemies":"Mind Bloom Boss Battle","floor":38.0,"turns":5.0},{"damage":38.0,"enemies":"Transient","floor":39.0,"turns":5.0},{"damage":7.0,"enemies":"Maw","floor":41.0,"turns":7.0},{"damage":0.0,"enemies":"Spire Growth","floor":42.0,"turns":6.0},{"damage":18.0,"enemies":"Jaw Worm Horde","floor":46.0,"turns":5.0},{"damage":1.0,"enemies":"4 Shapes","floor":47.0,"turns":4.0},{"damage":0.0,"enemies":"Maw","floor":48.0,"turns":9.0},{"damage":75,"enemies":"conspire:OrnateMirror","floor":50,"turns":13}],"seed_played":"5003288577852642992","potions_obtained":[{"floor":0.0,"key":"ColorlessPotion"},{"floor":0.0,"key":"blueLaboratory:FrostheartPotion"},{"floor":0.0,"key":"blueLaboratory:StoneskinPotion"},{"floor":6.0,"key":"SpeedPotion"},{"floor":8.0,"key":"blueLaboratory:HummingbirdPotion"},{"floor":14.0,"key":"blueLaboratory:PhilterOfMotion"},{"floor":21.0,"key":"blueLaboratory:FruitPunch"},{"floor":33.0,"key":"Fruit Juice"},{"floor":35.0,"key":"SkillPotion"},{"floor":41.0,"key":"PowerPotion"},{"floor":42.0,"key":"blueLaboratory:ArtificerPotion"},{"floor":46.0,"key":"Block Potion"}],"is_trial":false,"path_per_floor":["M","M","?","?","$","E","M","M","T","E","M","R","M","M","R","B",null,"M","$","M","M","?","R","?","R","T","M","?","?","R","?","R","B",null,"M","M","$","?","M","R","M","M","T","?","?","M","M","M","R","B"],"character_chosen":"THE_ANIMATOR","items_purchased":["Membership Card","animator:IzunaHatsuse","animator:HigakiRinne","animator:Arpeggio","Medical Kit","Anchor","Runic Capacitor","Toy Ornithopter","blueLaboratory:EmptyBottle"],"campfire_rested":1,"item_purchase_floors":[5,19,19,19,19,37,37,37,37],"current_hp_per_floor":[66,66,66,66,66,62,62,62,62,50,48,48,45,46,46,47,68,68,68,62,58,58,58,58,58,58,57,57,57,57,57,57,46,71,76,78,78,78,40,40,33,48,48,48,48,30,29,29,52,0,0],"gold":52,"neow_bonus":"THREE_SMALL_POTIONS","is_daily":false,"chose_seed":false,"campfire_upgraded":6,"win_rate":0.0,"timestamp":1610527770,"path_taken":["M","M","?","?","?","E","M","M","T","E","M","R","?","M","R","BOSS","M","$","M","M","?","R","?","R","T","M","?","?","R","?","R","BOSS","M","M","$","?","M","R","M","M","T","?","?","?","M","M","R","BOSS"],"items_purchased_type":["Relic","Card","Card","Card","Relic","Relic","Relic","Relic","Potion"],"build_version":"2020-12-22","purchased_purges":1,"victory":false,"max_hp_per_floor":[66,66,66,66,66,66,66,66,66,66,66,66,66,67,67,68,68,68,68,68,68,68,68,68,68,68,70,70,70,70,70,70,71,71,76,78,78,78,78,78,78,79,79,79,79,79,79,79,79,79,79],"card_choices":[{"not_picked":["animator:Kuribayashi","animator:Bozes"],"picked":"animator:KyokoSakura","floor":1.0},{"not_picked":["animator:Fredrika","animator:Tyuule"],"picked":"animator:AcuraTooru","floor":2.0},{"not_picked":["animator:LeleiLaLalena","animator:DolaStephanie"],"picked":"animator:IzunaHatsuse","floor":6.0},{"not_picked":["animator:NagisaMomoe","animator:KyokoSakura"],"picked":"animator:IrohaTamaki","floor":7.0},{"not_picked":["animator:FielNirvalen","animator:UneriGinkaku"],"picked":"animator:HigakiRinne","floor":8.0},{"not_picked":["animator:TukaLunaMarceau","animator:UneriGinkaku"],"picked":"animator:IzunaHatsuse","floor":10.0},{"not_picked":["animator:Nanami","animator:IzunaHatsuse"],"picked":"animator:DwarfShaman","floor":11.0},{"not_picked":["animator:Kyubey","animator:OrikoMikuni"],"picked":"animator:KyokoSakura","floor":13.0},{"not_picked":["animator:FielNirvalen","animator:Bozes"],"picked":"animator:DolaStephanie","floor":14.0},{"not_picked":["animator:AcuraShin","animator:ItamiYouji"],"picked":"animator:HomuraAkemi","floor":16.0},{"not_picked":["animator:Bozes","animator:ChaikaBohdan"],"picked":"animator:DolaCouronne+1","floor":18.0},{"not_picked":["animator:Jibril","animator:Konayuki"],"picked":"animator:Emonzaemon","floor":20.0},{"not_picked":["animator:OrikoMikuni","animator:SuzuneAmano"],"picked":"animator:YachiyoNanami","floor":21.0},{"not_picked":["animator:Genos+1","animator:Togame"],"picked":"animator:IrohaTamaki","floor":27.0},{"not_picked":["animator:GoblinSlayer","animator:PinaCoLada"],"picked":"animator:MadokaKaname","floor":33.0},{"not_picked":["animator:RoryMercury+1","animator:ZankiKiguchi"],"picked":"animator:OrikoMikuni+1","floor":35.0},{"not_picked":["animator:Layla","animator:Spearman"],"picked":"animator:SayakaMiki","floor":36.0},{"not_picked":["animator:Emonzaemon+1","animator:DolaCouronne+1"],"picked":"animator:Azekura","floor":38.0},{"not_picked":["animator:HomuraAkemi","animator:SayakaMiki"],"picked":"animator:MamiTomoe","floor":39.0},{"not_picked":["animator:SilverFang","animator:SwordMaiden"],"picked":"animator:Gillette","floor":41.0},{"not_picked":["animator:DolaRiku+1","animator:Shichika"],"picked":"animator:Priestess+1","floor":42.0},{"not_picked":["animator:MetalKnight","animator:Spearman+1"],"picked":"animator:YaoHaDucy+1","floor":46.0},{"not_picked":["animator:MamiTomoe","animator:KyokoSakura"],"picked":"animator:SuzuneAmano","floor":47.0},{"not_picked":["animator:YachiyoNanami","animator:Hitei+1"],"picked":"animator:GuildGirl+1","floor":48.0}],"player_experience":1015193,"relics_obtained":[{"floor":6.0,"key":"PreservedInsect"},{"floor":9.0,"key":"War Paint"},{"floor":10.0,"key":"Ancient Tea Set"},{"floor":26.0,"key":"Omamori"},{"floor":34.0,"key":"animator:ShionDessert"},{"floor":34.0,"key":"Mercury Hourglass"},{"floor":34.0,"key":"Shovel"},{"floor":38.0,"key":"Torii"},{"floor":40.0,"key":"conspire:GlowingRock"},{"floor":43.0,"key":"HornCleat"}],"event_choices":[{"damage_healed":0.0,"max_hp_gain":0.0,"max_hp_loss":0.0,"gold_gain":175.0,"event_name":"Liars Game","player_choice":"AGREE","floor":3.0,"gold_loss":0.0,"damage_taken":0.0,"cards_obtained":["Doubt"]},{"damage_healed":0.0,"max_hp_gain":0.0,"max_hp_loss":0.0,"gold_gain":0.0,"event_name":"Vampires","player_choice":"Ignored","floor":22.0,"gold_loss":0.0,"damage_taken":0.0},{"damage_healed":0.0,"max_hp_gain":0.0,"max_hp_loss":0.0,"gold_gain":0.0,"event_name":"Addict","player_choice":"Obtained Relic","floor":24.0,"gold_loss":85.0,"damage_taken":0.0,"relics_obtained":["Blue Candle"]},{"damage_healed":0.0,"max_hp_gain":0.0,"max_hp_loss":0.0,"gold_gain":0.0,"event_name":"The Mausoleum","player_choice":"Opened","floor":28.0,"gold_loss":0.0,"damage_taken":0.0,"relics_obtained":["Potion Belt"]},{"damage_healed":0.0,"max_hp_gain":0.0,"max_hp_loss":0.0,"gold_gain":0.0,"event_name":"The Library","player_choice":"Read","floor":29.0,"gold_loss":0.0,"damage_taken":0.0,"cards_obtained":["animator:Witch"]},{"damage_healed":0.0,"max_hp_gain":0.0,"max_hp_loss":0.0,"gold_gain":0.0,"event_name":"MindBloom","player_choice":"Fight","floor":38.0,"gold_loss":0.0,"damage_taken":0.0},{"damage_healed":0.0,"max_hp_gain":0.0,"max_hp_loss":0.0,"gold_gain":0.0,"event_name":"Tomb of Lord Red Mask","player_choice":"Paid","floor":44.0,"gold_loss":97.0,"damage_taken":0.0,"relics_obtained":["Red Mask"]},{"damage_healed":0.0,"max_hp_gain":0.0,"max_hp_loss":0.0,"gold_gain":0.0,"event_name":"Duplicator","player_choice":"Copied","floor":45.0,"gold_loss":0.0,"damage_taken":0.0,"cards_obtained":["animator:MadokaKaname"]}],"is_beta":false,"boss_relics":[{"not_picked":["SacredBark","energizedSpire:StickyHand"],"picked":"conspire:SpecialSausage"},{"not_picked":["energizedSpire:SpiderWeb","energizedSpire:RedRose"],"picked":"Calling Bell"}],"items_purged_floors":[5],"is_endless":false,"potions_floor_spawned":[6,7,8,14,21,33,35,41,42,46],"killed_by":"conspire:OrnateMirror","ascension_level":0}}