{"host":"4qkvkh7pd9qr2mca","time":1610567874,"event":{"mods":["AchievementEnabler","Act Like it!","BaseMod","Colored Map","Colored Powertips","Highlight Path","Minty Spire (QoL Compilation)","Pale of the Ancients","Permanent Neow","Quick Restart","Relic Stats","StSLib","SuperFastMode"],"gold_per_floor":[116,129,143,160,179,205,205,205,256,256,266,298,312,331,331,409,409,421,453,453,471,236,264,264,277,277,287,316,156,156,156],"floor_reached":30,"language":"ENG","playtime":1294,"items_purged":["Masterful Stab"],"score":568,"play_id":"2490ab5c-9fd7-4a04-9682-55dbaf6ffc56","local_time":"20210113205754","is_ascension_mode":true,"campfire_choices":[{"data":"Footwork","floor":7.0,"key":"SMITH"},{"data":"Neutralize","floor":10.0,"key":"SMITH"},{"floor":15.0,"key":"REST"},{"floor":24.0,"key":"REST"}],"circlet_count":0,"master_deck":["AscendersBane","Survivor","Neutralize+1","Corpse Explosion","Noxious Fumes+1","Footwork+1","Backflip","Deflect","Blur","Glass Knife","Blade Dance","Bane","After Image","Noxious Fumes","All Out Attack","Outmaneuver","All Out Attack","Glass Knife","Cloak And Dagger","Phantasmal Killer","Dagger Throw","PiercingWail","Terror","Finisher","Adrenaline","Footwork","Well Laid Plans","Well Laid Plans","Venomology"],"relics":["Ring of the Snake","Torii","Orichalcum","Letter Opener","Pandora\u0027s Box","Red Mask","Bag of Marbles","Oddly Smooth Stone","Bird Faced Urn"],"acts_visited":["Exordium","TheCity"],"potions_floor_usage":[28,28],"damage_taken":[{"damage":0.0,"enemies":"Cultist","floor":1.0,"turns":4.0},{"damage":0.0,"enemies":"2 Louse","floor":2.0,"turns":3.0},{"damage":0.0,"enemies":"Small Slimes","floor":3.0,"turns":5.0},{"damage":4.0,"enemies":"Exordium Wildlife","floor":4.0,"turns":4.0},{"damage":0.0,"enemies":"Red Slaver","floor":5.0,"turns":6.0},{"damage":11.0,"enemies":"3 Sentries","floor":6.0,"turns":5.0},{"damage":9.0,"enemies":"3 Louse","floor":11.0,"turns":2.0},{"damage":1.0,"enemies":"Lagavulin","floor":12.0,"turns":7.0},{"damage":0.0,"enemies":"Large Slime","floor":13.0,"turns":10.0},{"damage":1.0,"enemies":"Looter","floor":14.0,"turns":3.0},{"damage":31.0,"enemies":"Slime Boss","floor":16.0,"turns":12.0},{"damage":0.0,"enemies":"Chosen","floor":18.0,"turns":5.0},{"damage":6.0,"enemies":"Masked Bandits","floor":19.0,"turns":2.0},{"damage":1.0,"enemies":"Spheric Guardian","floor":21.0,"turns":3.0},{"damage":13.0,"enemies":"Slavers","floor":23.0,"turns":3.0},{"damage":1.0,"enemies":"Centurion and Healer","floor":25.0,"turns":5.0},{"damage":19,"enemies":"Sentry and Sphere","floor":27,"turns":4},{"damage":1,"enemies":"Gremlin Leader","floor":28,"turns":5},{"damage":60,"enemies":"Slavers","floor":30,"turns":3}],"seed_played":"7726469079485456773","potions_obtained":[{"floor":2.0,"key":"BlessingOfTheForge"},{"floor":3.0,"key":"CultistPotion"},{"floor":11.0,"key":"CultistPotion"},{"floor":12.0,"key":"Regen Potion"}],"is_trial":false,"path_per_floor":["M","M","M","M","M","E","R","?","T","R","M","E","M","M","R","B",null,"M","?","?","M","$","E","R","M","T","M","E","$","E"],"character_chosen":"THE_SILENT","items_purchased":["Adrenaline","Venomology"],"campfire_rested":2,"item_purchase_floors":[22,29],"current_hp_per_floor":[59,59,59,55,55,44,44,44,44,44,35,34,34,33,51,20,50,50,44,44,43,43,30,48,47,47,28,41,41,0,0],"gold":156,"neow_bonus":"THREE_RARE_CARDS","is_daily":false,"chose_seed":false,"campfire_upgraded":2,"win_rate":0.0,"timestamp":1610567874,"path_taken":["M","?","M","M","M","E","R","?","T","R","M","E","M","M","R","BOSS","M","?","?","M","$","E","R","?","T","M","E","$","E"],"items_purchased_type":["Card","Card"],"build_version":"2020-12-22","purchased_purges":1,"victory":false,"max_hp_per_floor":[60,60,60,60,60,60,60,60,60,60,60,60,60,60,60,60,60,60,60,60,60,60,60,60,60,60,60,60,60,60,60],"relic_stats":{"Torii":34,"counters":[19,91],"Bird Faced Urn":[4],"Pandora\u0027s Box":["Noxious Fumes","Masterful Stab","All Out Attack","Outmaneuver","All Out Attack","Glass Knife","Cloak And Dagger","Phantasmal Killer","Dagger Throw","All Out Attack"],"Letter Opener":[45],"Orichalcum":[84],"obtain_stats":[{"Torii":6,"Bird Faced Urn":28,"Oddly Smooth Stone":26,"Pandora\u0027s Box":17,"Red Mask":19,"Bag of Marbles":23,"Letter Opener":12,"Orichalcum":9,"Ring of the Snake":0},{"Torii":6,"Bird Faced Urn":18,"Oddly Smooth Stone":16,"Pandora\u0027s Box":11,"Red Mask":13,"Bag of Marbles":15,"Letter Opener":8,"Orichalcum":6,"Ring of the Snake":0},{"Torii":27,"Bird Faced Urn":88,"Oddly Smooth Stone":79,"Pandora\u0027s Box":61,"Red Mask":68,"Bag of Marbles":74,"Letter Opener":36,"Orichalcum":27,"Ring of the Snake":0}],"Ring of the Snake":[38]},"card_choices":[{"not_picked":["Doppelganger","Tools of the Trade"],"picked":"Corpse Explosion","floor":0.0},{"not_picked":["Blade Dance","Calculated Gamble"],"picked":"Noxious Fumes","floor":1.0},{"not_picked":["Reflex","PiercingWail"],"picked":"Footwork","floor":2.0},{"not_picked":["Slice","Quick Slash"],"picked":"Backflip","floor":3.0},{"not_picked":["Riddle With Holes","Infinite Blades"],"picked":"Deflect","floor":4.0},{"not_picked":["Dagger Throw","Cloak And Dagger","Setup"],"picked":"SKIP","floor":5.0},{"not_picked":["Skewer","Dash"],"picked":"Blur","floor":6.0},{"not_picked":["Expertise","Deflect"],"picked":"Glass Knife","floor":11.0},{"not_picked":["Outmaneuver","Cloak And Dagger","Terror"],"picked":"SKIP","floor":12.0},{"not_picked":["Prepared","Quick Slash"],"picked":"Blade Dance","floor":13.0},{"not_picked":["Slice","Sucker Punch"],"picked":"Bane","floor":14.0},{"not_picked":["Night Terror","Venomology"],"picked":"After Image","floor":16.0},{"not_picked":["Dagger Spray","Bane"],"picked":"PiercingWail","floor":18.0},{"not_picked":["Flechettes","Catalyst"],"picked":"Finisher","floor":21.0},{"not_picked":["Prepared","Terror"],"picked":"Footwork","floor":23.0},{"not_picked":["Infinite Blades+1","A Thousand Cuts"],"picked":"Well Laid Plans","floor":25.0},{"not_picked":["Quick Slash+1","Dagger Spray","Cloak And Dagger"],"picked":"SKIP","floor":27},{"not_picked":["Cloak And Dagger","Slice"],"picked":"Well Laid Plans","floor":28}],"player_experience":544562,"relics_obtained":[{"floor":6.0,"key":"Torii"},{"floor":9.0,"key":"Orichalcum"},{"floor":12.0,"key":"Letter Opener"},{"floor":19.0,"key":"Red Mask"},{"floor":23.0,"key":"Bag of Marbles"},{"floor":26.0,"key":"Oddly Smooth Stone"},{"floor":28,"key":"Bird Faced Urn"}],"event_choices":[{"damage_healed":0.0,"max_hp_gain":0.0,"max_hp_loss":0.0,"gold_gain":0.0,"event_name":"Living Wall","player_choice":"Grow","floor":8.0,"gold_loss":0.0,"damage_taken":0.0,"cards_upgraded":["Noxious Fumes"]},{"damage_healed":0.0,"max_hp_gain":0.0,"max_hp_loss":0.0,"gold_gain":0.0,"event_name":"Masked Bandits","player_choice":"Fought Bandits","floor":19.0,"gold_loss":0.0,"damage_taken":0.0},{"damage_healed":0.0,"max_hp_gain":0.0,"max_hp_loss":0.0,"gold_gain":0.0,"cards_transformed":["All Out Attack"],"event_name":"Transmorgrifier","player_choice":"Transformed","floor":20.0,"gold_loss":0.0,"damage_taken":0.0,"cards_obtained":["Terror"]}],"is_beta":false,"boss_relics":[{"not_picked":["Black Star","Tiny House"],"picked":"Pandora\u0027s Box"}],"items_purged_floors":[22],"is_endless":false,"potions_floor_spawned":[2,3,4,11,12,16,19,27],"killed_by":"Slavers","ascension_level":20}}