{"host":"aj6dldabq8s02zuz","time":1610555885,"event":{"mods":["BaseMod","Block Reminder","Colored Map","Custom Start","Downfall","Hermit","Highlight Path","Hubris","Minty Spire (QoL Compilation)","Permanent Neow","Quick Restart","Relic Sorter","Replay The Spire","StSLib","The Blue Laboratory","The Jungle","TheArtist","Wandering Minibosses"],"gold_per_floor":[111,122,135,146,146,146,166,166,166,166,218,233,233,233,266,280,280,280,280],"floor_reached":18,"language":"ENG","playtime":1266,"items_purged":[],"score":114,"play_id":"39f19822-b930-4c3e-acf9-9a6eba5f880b","local_time":"20210113103805","is_ascension_mode":false,"campfire_choices":[{"data":"Seeing Red","floor":6,"key":"SMITH"},{"floor":8,"key":"REST"},{"data":"Bludgeon","floor":13,"key":"SMITH"},{"data":"ReplayReversal","floor":17,"key":"SMITH"}],"circlet_count":0,"master_deck":["Strike_R","Strike_R","Strike_R","Strike_R","Strike_R","Defend_R","Defend_R","Defend_R","Defend_R","Bash","Twin Strike","Seeing Red+1","hubris:SharpeningStone","Bloodletting","ReplayReversal+1","Armaments","Bludgeon+1","Ghostly Armor","Replay:Undeath\u0027s Touch"],"relics":["Burning Blood","hubris:Reverence","MealTicket"],"acts_visited":["Exordium"],"potions_floor_usage":[16,18,18,18],"damage_taken":[{"damage":5,"enemies":"Cultist","floor":1,"turns":4},{"damage":2,"enemies":"Small Slimes","floor":2,"turns":4},{"damage":11,"enemies":"Jaw Worm","floor":3,"turns":2},{"damage":30,"enemies":"Exordium Thugs","floor":4,"turns":4},{"damage":11,"enemies":"2 Fungi Beasts","floor":7,"turns":4},{"damage":15,"enemies":"Large Slime","floor":12,"turns":8},{"damage":24,"enemies":"Lagavulin","floor":15,"turns":5},{"damage":0,"enemies":"Exordium Wildlife","floor":16,"turns":4},{"damage":75,"enemies":"The Guardian","floor":18,"turns":13}],"seed_played":"-5146636267930391574","potions_obtained":[{"floor":4,"key":"blueLaboratory:ImpenetrablePotion"},{"floor":12,"key":"Block Potion"},{"floor":15,"key":"Reflective Coating"},{"floor":16,"key":"blueLaboratory:BottleOfVodka"}],"is_trial":false,"path_per_floor":["M","M","M","M","?","R","M","R","PTL","PTL","T","M","R","$","E","M","R","B"],"character_chosen":"IRONCLAD","items_purchased":[],"campfire_rested":1,"item_purchase_floors":[],"current_hp_per_floor":[80,80,75,51,51,51,46,70,70,70,70,61,61,76,58,64,64,0,0],"gold":280,"neow_bonus":"","is_daily":false,"chose_seed":false,"campfire_upgraded":3,"win_rate":0.0,"timestamp":1610555885,"path_taken":["M","M","?","M","?","R","?","R","PTL","PTL","T","M","R","?","E","M","R","BOSS"],"items_purchased_type":[],"build_version":"2020-12-22","purchased_purges":0,"victory":false,"max_hp_per_floor":[80,80,80,80,80,80,80,80,80,80,80,80,80,80,80,80,80,80,80],"card_choices":[{"not_picked":["Warcry","Shrug It Off"],"picked":"Twin Strike","floor":1},{"not_picked":["Clash","Twin Strike"],"picked":"Seeing Red","floor":2},{"not_picked":["Rampage","Ghostly Armor"],"picked":"hubris:SharpeningStone","floor":3},{"not_picked":["Run Through","Cleave"],"picked":"Bloodletting","floor":4},{"not_picked":["Body Slam","Metallicize"],"picked":"Armaments","floor":7},{"not_picked":["Shrug It Off","Twin Strike"],"picked":"Bludgeon","floor":12},{"not_picked":["Warcry","Thunderclap"],"picked":"Ghostly Armor","floor":15},{"not_picked":["ReplayTheSpireMod:LeadingStrike","Iron Wave"],"picked":"Replay:Undeath\u0027s Touch","floor":16}],"player_experience":0,"relics_obtained":[{"floor":11,"key":"MealTicket"},{"floor":15,"key":"hubris:Reverence"}],"event_choices":[{"damage_healed":0,"gold_gain":0,"player_choice":"1 cards matched","damage_taken":0,"max_hp_gain":0,"max_hp_loss":0,"event_name":"Match and Keep!","floor":5,"gold_loss":0,"cards_obtained":["ReplayReversal"]}],"is_beta":false,"boss_relics":[],"items_purged_floors":[],"is_endless":false,"potions_floor_spawned":[4,12,15,16],"killed_by":"The Guardian","ascension_level":0}}