{"host":"lcnwkjlokfwcnxxu","time":1610579423,"event":{"mods":["BaseMod","Colored Map","Downfall","GifTheSpireLib","Marisa????????","Minty Spire (QoL Compilation)","Quick Restart","Replay The Spire","StSLib","The Disciple","The Mystic","The Servant 0.9.4"],"gold_per_floor":[114,189,202,202,88,88,120,131,154,119,119,119,144,159,159,256,256,274,274,274],"floor_reached":19,"language":"ENG","playtime":1215,"items_purged":["Strike_P"],"score":175,"play_id":"010cc683-c40a-4a4b-a9be-9dfe7f1325a2","local_time":"20210113151023","is_ascension_mode":false,"campfire_choices":[{"data":"Eruption","floor":6,"key":"SMITH"},{"data":"Vigilance","floor":12,"key":"SMITH"},{"data":"ThirdEye","floor":15,"key":"SMITH"}],"circlet_count":0,"master_deck":["Strike_P","Strike_P","Defend_P","Defend_P","Defend_P","Eruption+1","Vigilance+1","ClearTheMind","Replay:BluntJabs","InnerPeace","ThirdEye+1","Replay:ManipulateFuture","DeusExMachina","LessonLearned","Halt+1"],"relics":["PureWater","Centennial Puzzle","Pet Ghost","ReplayTheSpireMod:Lightbulb","Pen Nib","Empty Cage"],"acts_visited":["Exordium","TheCity"],"potions_floor_usage":[16],"damage_taken":[{"damage":0,"enemies":"2 Louse","floor":1,"turns":1},{"damage":6,"enemies":"Jaw Worm","floor":3,"turns":5},{"damage":15,"enemies":"Lagavulin","floor":7,"turns":6},{"damage":0,"enemies":"Small Slimes","floor":8,"turns":2},{"damage":8,"enemies":"3 Sentries","floor":13,"turns":6},{"damage":0,"enemies":"Blue Slaver","floor":14,"turns":4},{"damage":24,"enemies":"Hexaghost","floor":16,"turns":9},{"damage":11,"enemies":"Shell Parasite","floor":18,"turns":6},{"damage":9,"enemies":"3 Byrds","floor":19,"turns":4}],"seed_played":"551551875111575062","potions_obtained":[{"floor":13,"key":"FairyPotion"},{"floor":14,"key":"SteroidPotion"},{"floor":16,"key":"SpeedPotion"}],"is_trial":false,"path_per_floor":["M","?","M","T","$","R","E","M","T","?","?","R","E","M","R","B",null,"M","M"],"character_chosen":"WATCHER","items_purchased":["InnerPeace"],"campfire_rested":0,"item_purchase_floors":[5],"current_hp_per_floor":[79,68,62,62,62,62,47,47,47,66,71,71,63,63,63,39,84,73,64,64],"gold":274,"neow_bonus":"TEN_PERCENT_HP_BONUS","is_daily":false,"chose_seed":false,"campfire_upgraded":3,"win_rate":0.0,"timestamp":1610579423,"path_taken":["M","?","M","?","$","R","E","M","T","?","?","R","E","M","R","BOSS","M","M"],"items_purchased_type":["Card"],"build_version":"2020-12-22","purchased_purges":1,"victory":false,"max_hp_per_floor":[79,79,79,79,79,79,79,79,79,79,84,84,84,84,84,84,84,84,84,84],"card_choices":[{"not_picked":["Evaluate","Nirvana"],"picked":"ClearTheMind","floor":1},{"not_picked":["CutThroughFate","FollowUp"],"picked":"Replay:BluntJabs","floor":3},{"not_picked":["Perseverance","DevaForm"],"picked":"ThirdEye","floor":7},{"not_picked":["Sanctity","Vengeance"],"picked":"Replay:ManipulateFuture","floor":8},{"not_picked":["Replay:DivineShield","EmptyFist"],"picked":"DeusExMachina","floor":13},{"not_picked":["Evaluate","LikeWater","BowlingBash"],"picked":"SKIP","floor":14},{"not_picked":["ConjureBlade","Replay:AllIn"],"picked":"LessonLearned","floor":16},{"not_picked":["FlurryOfBlows+1","Evaluate+1"],"picked":"Halt+1","floor":18}],"player_experience":63249,"relics_obtained":[{"floor":4,"key":"Centennial Puzzle"},{"floor":7,"key":"Pet Ghost"},{"floor":9,"key":"ReplayTheSpireMod:Lightbulb"},{"floor":13,"key":"Pen Nib"}],"event_choices":[{"damage_healed":0,"gold_gain":75,"player_choice":"Gather Gold","damage_taken":11,"max_hp_gain":0,"max_hp_loss":0,"event_name":"World of Goop","floor":2,"gold_loss":0},{"damage_healed":19,"gold_gain":0,"player_choice":"Healed","damage_taken":0,"max_hp_gain":0,"max_hp_loss":0,"event_name":"The Cleric","floor":10,"gold_loss":35},{"damage_healed":0,"gold_gain":0,"player_choice":"Donut","damage_taken":0,"max_hp_gain":5,"max_hp_loss":0,"event_name":"Big Fish","floor":11,"gold_loss":0}],"is_beta":false,"boss_relics":[{"not_picked":["Velvet Choker","HolyWater"],"picked":"Empty Cage"}],"items_purged_floors":[5],"is_endless":false,"potions_floor_spawned":[13,14,16],"killed_by":"3 Byrds","ascension_level":0}}