{"host":"a1eatafr7pisesky","time":1610558235,"event":{"mods":["AchievementEnabler","BaseMod","Colored Map","Keyboard Shortcuts","Minty Spire (QoL Compilation)","Say the Spire","StSLib","SuperFastMode","everything is the same but u backflip on backflip"],"gold_per_floor":[366,366,366,366,161,199,54,98,98,98,133,157,157,180,180,310,310,333,233,233,78,29,29,67,67,67,92,92,142,160,193,193,323,323,336,336,349,369,469,469,505,505,505,550,573,573,573,636,636,636,636,636,141,184,184],"floor_reached":56,"language":"KOR","playtime":1183,"items_purged":["Strike_R","Strike_R","Strike_R"],"score":2048,"play_id":"65820144-6406-4c83-8084-c68c7edf6419","local_time":"20210114021715","is_ascension_mode":true,"campfire_choices":[{"floor":10.0,"key":"REST"},{"data":"Flex","floor":13.0,"key":"SMITH"},{"floor":15.0,"key":"REST"},{"data":"Limit Break","floor":23.0,"key":"SMITH"},{"floor":25.0,"key":"REST"},{"data":"Double Tap","floor":32.0,"key":"SMITH"},{"data":"Limit Break","floor":40.0,"key":"SMITH"},{"data":"Battle Trance","floor":42.0,"key":"SMITH"},{"data":"Inflame","floor":47.0,"key":"SMITH"},{"floor":49.0,"key":"RECALL"},{"data":"Flex","floor":52.0,"key":"SMITH"}],"circlet_count":0,"master_deck":["AscendersBane","Strike_R+1","Strike_R","Defend_R","Defend_R+1","Defend_R","Bash+1","Pummel+1","Flex+1","Pummel+1","Twin Strike+1","Inflame+1","Thunderclap+1","Shrug It Off","Sword Boomerang+1","Cleave+1","Limit Break+1","Disarm","Sword Boomerang+1","Flex+1","Double Tap+1","Shockwave+1","Limit Break+1","Shrug It Off+1","Battle Trance+1","Whirlwind+1","Clumsy","Heavy Blade+1","Evolve"],"relics":["Burning Blood","Golden Idol","Molten Egg 2","Prayer Wheel","Lantern","Ornamental Fan","Tiny Chest","Akabeko","Black Star","Enchiridion","PreservedInsect","Bag of Preparation","Strawberry","Eternal Feather","Red Skull","Thread and Needle","Regal Pillow","Cursed Key","Singing Bowl","Oddly Smooth Stone","CeramicFish","Bottled Lightning","CaptainsWheel","Chemical X","Whetstone","Ice Cream","Art of War"],"acts_visited":["Exordium","TheCity","TheBeyond","TheEnding"],"potions_floor_usage":[55],"damage_taken":[{"damage":12.0,"enemies":"Jaw Worm","floor":1.0,"turns":2.0},{"damage":35.0,"enemies":"Lagavulin","floor":6.0,"turns":7.0},{"damage":0.0,"enemies":"Gremlin Nob","floor":8.0,"turns":2.0},{"damage":30.0,"enemies":"Lagavulin","floor":11.0,"turns":5.0},{"damage":3.0,"enemies":"Small Slimes","floor":12.0,"turns":2.0},{"damage":0.0,"enemies":"Cultist","floor":14.0,"turns":2.0},{"damage":38.0,"enemies":"The Guardian","floor":16.0,"turns":8.0},{"damage":25.0,"enemies":"2 Thieves","floor":18.0,"turns":3.0},{"damage":29.0,"enemies":"Slavers","floor":24.0,"turns":3.0},{"damage":13.0,"enemies":"Spheric Guardian","floor":27.0,"turns":4.0},{"damage":4.0,"enemies":"Centurion and Healer","floor":30.0,"turns":2.0},{"damage":0.0,"enemies":"Gremlin Leader","floor":31.0,"turns":3.0},{"damage":40.0,"enemies":"Collector","floor":33.0,"turns":7.0},{"damage":14.0,"enemies":"3 Darklings","floor":35.0,"turns":4.0},{"damage":6.0,"enemies":"Orb Walker","floor":37.0,"turns":2.0},{"damage":5.0,"enemies":"Maw","floor":38.0,"turns":6.0},{"damage":31.0,"enemies":"Nemesis","floor":41.0,"turns":5.0},{"damage":0.0,"enemies":"Reptomancer","floor":44.0,"turns":3.0},{"damage":0.0,"enemies":"Jaw Worm Horde","floor":45.0,"turns":1.0},{"damage":28.0,"enemies":"Mind Bloom Boss Battle","floor":48.0,"turns":5.0},{"damage":41.0,"enemies":"Time Eater","floor":50.0,"turns":7.0},{"damage":23,"enemies":"Shield and Spear","floor":54,"turns":3},{"damage":57,"enemies":"The Heart","floor":55,"turns":4}],"seed_played":"-3645306303207151582","potions_obtained":[{"floor":1.0,"key":"LiquidMemories"},{"floor":6.0,"key":"SteroidPotion"},{"floor":12.0,"key":"EntropicBrew"},{"floor":16.0,"key":"Fruit Juice"},{"floor":18.0,"key":"ColorlessPotion"},{"floor":33.0,"key":"BloodPotion"},{"floor":45.0,"key":"DistilledChaos"}],"is_trial":false,"path_per_floor":["M","?","?","?","$","E","$","E","T","R","E","M","R","M","R","B",null,"M","$","?","$","$","R","E","R","T","M","$","T","M","E","R","B",null,"M","?","M","M","?","R","E","R","T","E","M","T","R","?","R","B",null,"R","$","E","B",null],"character_chosen":"IRONCLAD","items_purchased":["Flex","Regen Potion","Lantern","PreservedInsect","SkillPotion","Evolve","Chemical X","Whetstone"],"campfire_rested":3,"item_purchase_floors":[5,5,7,21,22,53,53,53],"current_hp_per_floor":[45,29,29,29,29,15,15,21,21,43,19,22,22,28,50,23,65,46,46,30,30,30,30,14,39,39,32,32,32,34,40,52,18,69,61,61,61,62,62,77,54,69,69,75,85,85,92,72,87,52,84,94,94,79,28],"gold":184,"neow_bonus":"TWO_FIFTY_GOLD","is_daily":false,"chose_seed":false,"campfire_upgraded":7,"win_rate":0.0,"timestamp":1610558235,"path_taken":["M","?","?","?","$","E","$","E","T","R","E","M","R","M","R","BOSS","M","?","?","?","$","R","E","R","T","M","$","?","?","E","R","BOSS","M","?","M","M","?","R","E","R","T","E","M","?","R","?","R","BOSS","R","$","E","BOSS"],"items_purchased_type":["Card","Potion","Relic","Relic","Potion","Card","Relic","Relic"],"build_version":"2020-12-22","purchased_purges":3,"victory":true,"max_hp_per_floor":[80,80,74,74,74,74,74,74,74,74,74,74,74,74,74,79,79,79,79,79,79,79,79,86,86,86,86,86,86,86,86,86,86,86,86,86,86,86,86,86,88,88,88,88,92,92,92,94,94,94,94,94,94,96,96],"card_choices":[{"not_picked":["Pommel Strike","Wild Strike"],"picked":"Pummel","floor":1.0},{"not_picked":["Wild Strike+1","Twin Strike+1"],"picked":"Pummel+1","floor":6.0},{"not_picked":["Iron Wave+1","Exhume"],"picked":"Twin Strike+1","floor":8.0},{"not_picked":["Infernal Blade","Flex"],"picked":"Inflame","floor":11.0},{"not_picked":["Clash+1","Ghostly Armor"],"picked":"Thunderclap+1","floor":12.0},{"not_picked":["Clash+1","Pommel Strike+1"],"picked":"Shrug It Off","floor":12.0},{"not_picked":["Warcry","Flex"],"picked":"Sword Boomerang+1","floor":14.0},{"not_picked":["Sever Soul+1","Wild Strike+1"],"picked":"Cleave+1","floor":14.0},{"not_picked":["Juggernaut","Berserk"],"picked":"Limit Break","floor":16.0},{"not_picked":["Rupture+1","Clothesline+1"],"picked":"Disarm","floor":18.0},{"not_picked":["Body Slam+1","Iron Wave+1","Metallicize"],"picked":"SKIP","floor":18.0},{"not_picked":["Twin Strike+1","Cleave+1"],"picked":"Sword Boomerang+1","floor":24.0},{"not_picked":["Havoc","Rage"],"picked":"Flex","floor":27.0},{"not_picked":["Combust","Twin Strike+1"],"picked":"Double Tap","floor":27.0},{"not_picked":["Evolve","Thunderclap+1"],"picked":"Shockwave+1","floor":30.0},{"not_picked":["Pommel Strike+1","Flex","Carnage+1"],"picked":"SKIP","floor":30.0},{"not_picked":["Combust","True Grit","Feel No Pain"],"picked":"SKIP","floor":31.0},{"not_picked":["Feed+1","Brutality"],"picked":"Limit Break","floor":33.0},{"not_picked":["Clothesline+1","Cleave+1","Twin Strike+1"],"picked":"SKIP","floor":35.0},{"not_picked":["Sentinel","Thunderclap+1","Perfected Strike+1"],"picked":"SKIP","floor":35.0},{"not_picked":["Cleave+1","Berserk"],"picked":"Shrug It Off+1","floor":37.0},{"not_picked":["Combust","True Grit","Seeing Red"],"picked":"SKIP","floor":37.0},{"not_picked":["Shrug It Off","Sword Boomerang+1"],"picked":"Battle Trance","floor":38.0},{"not_picked":["Sword Boomerang+1","Armaments"],"picked":"Whirlwind+1","floor":38.0},{"not_picked":["Rampage+1","Uppercut+1","Shrug It Off"],"picked":"Singing Bowl","floor":41.0},{"not_picked":["Seeing Red+1","Sentinel"],"picked":"Heavy Blade+1","floor":44.0},{"not_picked":["Bludgeon+1","Shrug It Off","Wild Strike+1"],"picked":"Singing Bowl","floor":45.0},{"not_picked":["Warcry+1","Sword Boomerang+1","Cleave+1"],"picked":"Singing Bowl","floor":45.0},{"not_picked":["Heavy Blade+1","Armaments+1","Warcry"],"picked":"Singing Bowl","floor":48.0},{"not_picked":["Clothesline+1","Inflame","Headbutt+1"],"picked":"Singing Bowl","floor":54}],"player_experience":315850,"relics_obtained":[{"floor":4.0,"key":"Molten Egg 2"},{"floor":6.0,"key":"Prayer Wheel"},{"floor":8.0,"key":"Ornamental Fan"},{"floor":9.0,"key":"Tiny Chest"},{"floor":11.0,"key":"Akabeko"},{"floor":20.0,"key":"Enchiridion"},{"floor":24.0,"key":"Bag of Preparation"},{"floor":24.0,"key":"Strawberry"},{"floor":26.0,"key":"Eternal Feather"},{"floor":29.0,"key":"Red Skull"},{"floor":31.0,"key":"Thread and Needle"},{"floor":31.0,"key":"Regal Pillow"},{"floor":41.0,"key":"Singing Bowl"},{"floor":41.0,"key":"Oddly Smooth Stone"},{"floor":44.0,"key":"CeramicFish"},{"floor":44.0,"key":"Bottled Lightning"},{"floor":48.0,"key":"CaptainsWheel"},{"floor":54,"key":"Ice Cream"},{"floor":54,"key":"Art of War"}],"event_choices":[{"damage_healed":0.0,"max_hp_gain":0.0,"max_hp_loss":0.0,"gold_gain":0.0,"event_name":"Shining Light","player_choice":"Entered Light","floor":2.0,"gold_loss":0.0,"damage_taken":16.0,"cards_upgraded":["Defend_R","Strike_R"]},{"damage_healed":0.0,"max_hp_gain":0.0,"max_hp_loss":6.0,"gold_gain":0.0,"event_name":"Golden Idol","player_choice":"Lose Max HP","floor":3.0,"gold_loss":0.0,"damage_taken":0.0,"relics_obtained":["Golden Idol"]},{"damage_healed":0.0,"max_hp_gain":0.0,"max_hp_loss":0.0,"gold_gain":0.0,"event_name":"Wheel of Change","player_choice":"Relic","floor":4.0,"gold_loss":0.0,"damage_taken":0.0},{"damage_healed":0.0,"max_hp_gain":0.0,"max_hp_loss":0.0,"gold_gain":0.0,"event_name":"Cursed Tome","player_choice":"Obtained Book","floor":20.0,"gold_loss":0.0,"damage_taken":16.0},{"cards_removed":["Defend_R"],"damage_healed":0.0,"max_hp_gain":0.0,"max_hp_loss":0.0,"gold_gain":0.0,"event_name":"Falling","player_choice":"Removed Skill","floor":36.0,"gold_loss":0.0,"damage_taken":0.0},{"damage_healed":0.0,"max_hp_gain":0.0,"max_hp_loss":0.0,"gold_gain":100.0,"event_name":"Golden Shrine","player_choice":"Pray","floor":39.0,"gold_loss":0.0,"damage_taken":0.0},{"damage_healed":0.0,"max_hp_gain":0.0,"max_hp_loss":0.0,"gold_gain":0.0,"event_name":"MindBloom","player_choice":"Fight","floor":48.0,"gold_loss":0.0,"damage_taken":0.0}],"is_beta":false,"boss_relics":[{"not_picked":["Sozu","Runic Cube"],"picked":"Black Star"},{"not_picked":["Velvet Choker","Coffee Dripper"],"picked":"Cursed Key"}],"items_purged_floors":[5,19,53],"is_endless":false,"potions_floor_spawned":[1,6,12,16,18,27,33,45,48],"ascension_level":12}}