{"host":"6azrrw3tf7wb0f4b","time":1610554738,"event":{"mods":["BaseMod","DeckTracker","Minty Spire (QoL Compilation)","SuperFastMode"],"gold_per_floor":[116,7,19,34,115,115,131,151,151,11,11,22,22,42,42,140,140,156,156,174,187,187,187],"floor_reached":22,"language":"KOR","playtime":345,"items_purged":["Strike_B","Defend_B"],"score":288,"play_id":"a3ebbb61-323d-4447-8cc0-2d018dec9242","local_time":"20210114011858","is_ascension_mode":true,"campfire_choices":[{"data":"Static Discharge","floor":6.0,"key":"SMITH"},{"data":"Coolheaded","floor":11.0,"key":"SMITH"},{"floor":15.0,"key":"REST"}],"circlet_count":0,"master_deck":["AscendersBane","Strike_B","Strike_B","Strike_B","Defend_B","Defend_B","Defend_B","Zap","Dualcast","Static Discharge+1","Melter","Leap","Ball Lightning","Undo","Coolheaded+1","Heatsinks","Biased Cognition","Electrodynamics+1"],"relics":["Cracked Core","NeowsBlessing","Singing Bowl","Sundial","Frozen Egg 2","Sozu","Mercury Hourglass"],"acts_visited":["Exordium","TheCity"],"potions_floor_usage":[],"damage_taken":[{"damage":0.0,"enemies":"Cultist","floor":1.0,"turns":1.0},{"damage":0.0,"enemies":"Jaw Worm","floor":3.0,"turns":1.0},{"damage":0.0,"enemies":"Small Slimes","floor":4.0,"turns":1.0},{"damage":16.0,"enemies":"Blue Slaver","floor":7.0,"turns":3.0},{"damage":6.0,"enemies":"3 Louse","floor":8.0,"turns":4.0},{"damage":11.0,"enemies":"Exordium Thugs","floor":12.0,"turns":3.0},{"damage":10.0,"enemies":"Exordium Wildlife","floor":14.0,"turns":3.0},{"damage":46.0,"enemies":"Slime Boss","floor":16.0,"turns":9.0},{"damage":3.0,"enemies":"3 Byrds","floor":18.0,"turns":2.0},{"damage":28.0,"enemies":"Chosen","floor":20.0,"turns":5.0},{"damage":14,"enemies":"Centurion and Healer","floor":21,"turns":2},{"damage":34,"enemies":"Snecko","floor":22,"turns":4}],"seed_played":"-6933318116007490366","potions_obtained":[{"floor":1.0,"key":"SteroidPotion"},{"floor":3.0,"key":"LiquidMemories"}],"is_trial":false,"path_per_floor":["M","$","M","M","T","R","M","M","T","$","R","M","T","M","R","B",null,"M","?","M","M","M"],"character_chosen":"DEFECT","items_purchased":["Melter","Heatsinks"],"campfire_rested":1,"item_purchase_floors":[2,10],"current_hp_per_floor":[68,68,68,68,68,68,52,46,46,46,46,35,35,27,50,4,59,58,58,32,20,0,0],"gold":187,"neow_bonus":"THREE_ENEMY_KILL","is_daily":false,"chose_seed":false,"campfire_upgraded":2,"win_rate":0.0,"timestamp":1610554738,"path_taken":["M","?","M","M","?","R","M","M","T","$","R","M","?","M","R","BOSS","M","?","?","M","M"],"items_purchased_type":["Card","Card"],"build_version":"2020-12-22","purchased_purges":2,"victory":false,"max_hp_per_floor":[75,75,75,75,75,75,75,75,75,75,75,75,75,77,77,77,77,79,79,81,83,83,83],"card_choices":[{"not_picked":["Recycle","Barrage"],"picked":"Static Discharge","floor":1.0},{"not_picked":["Turbo","Barrage"],"picked":"Leap","floor":3.0},{"not_picked":["Sunder","Hologram"],"picked":"Ball Lightning","floor":4.0},{"not_picked":["Leap","Chaos"],"picked":"Undo","floor":7.0},{"not_picked":["Genetic Algorithm","Storm"],"picked":"Coolheaded","floor":8.0},{"not_picked":["Cold Snap","Streamline"],"picked":"Biased Cognition","floor":12.0},{"not_picked":["Ball Lightning","Fusion","Blizzard"],"picked":"Singing Bowl","floor":14.0},{"not_picked":["Biased Cognition+1","Hyperbeam"],"picked":"Electrodynamics+1","floor":16.0},{"not_picked":["Ball Lightning","Steam","Redo"],"picked":"Singing Bowl","floor":18.0},{"not_picked":["Reprogram+1","Undo","Rebound"],"picked":"Singing Bowl","floor":20.0},{"not_picked":["Steam","Ball Lightning","Beam Cell"],"picked":"Singing Bowl","floor":21}],"player_experience":708333,"relics_obtained":[{"floor":5.0,"key":"Singing Bowl"},{"floor":9.0,"key":"Sundial"},{"floor":13.0,"key":"Frozen Egg 2"}],"event_choices":[{"damage_healed":0.0,"max_hp_gain":0.0,"max_hp_loss":0.0,"gold_gain":0.0,"event_name":"WeMeetAgain","player_choice":"Gave Potion","floor":19.0,"gold_loss":0.0,"damage_taken":0.0,"relics_obtained":["Mercury Hourglass"]}],"is_beta":false,"boss_relics":[{"not_picked":["SacredBark","Calling Bell"],"picked":"Sozu"}],"items_purged_floors":[2,10],"is_endless":false,"potions_floor_spawned":[1,3,4,12,20],"killed_by":"Snecko","ascension_level":12}}