{"host":"gquo1rsrdiuo0hhv","time":1610517183,"event":{"mods":["Act Like it!","BaseMod","Colored Powertips","Minty Spire (QoL Compilation)","StSLib"],"gold_per_floor":[109,38,53,53,71,101,101,115,115,65,65,96,45,62,62,164,164,177,92,104,104,104],"floor_reached":21,"language":"ENG","playtime":897,"items_purged":[],"score":198,"play_id":"1bdc5a80-6d43-4540-a8a4-431503c001d5","local_time":"20210113125303","is_ascension_mode":true,"campfire_choices":[{"data":"Vigilance","floor":7,"key":"SMITH"},{"floor":11,"key":"REST"},{"floor":15,"key":"RECALL"}],"circlet_count":0,"master_deck":["Strike_P","Strike_P","Strike_P","Defend_P","Defend_P","Defend_P","Defend_P","Eruption","Vigilance+1","ThirdEye","InnerPeace","Protect","Consecrate","SandsOfTime","ClearTheMind","ClearTheMind+1","Evaluate+1","PathToVictory+1","Establishment","CurseOfTheBell","Study"],"relics":["PureWater","Oddly Smooth Stone","Regal Pillow","Ginger","Toxic Egg 2","PreservedInsect","Calling Bell","Dream Catcher","Matryoshka","Incense Burner","Toy Ornithopter"],"acts_visited":["Exordium","TheCity"],"potions_floor_usage":[16,20,21],"damage_taken":[{"damage":6,"enemies":"Cultist","floor":1,"turns":3},{"damage":1,"enemies":"Small Slimes","floor":3,"turns":5},{"damage":2,"enemies":"Jaw Worm","floor":5,"turns":3},{"damage":17,"enemies":"3 Sentries","floor":6,"turns":13},{"damage":0,"enemies":"3 Louse","floor":8,"turns":3},{"damage":10,"enemies":"Gremlin Nob","floor":12,"turns":4},{"damage":2,"enemies":"Exordium Wildlife","floor":14,"turns":4},{"damage":32,"enemies":"The Guardian","floor":16,"turns":11},{"damage":22,"enemies":"Spheric Guardian","floor":18,"turns":6},{"damage":4,"enemies":"Chosen","floor":20,"turns":7},{"damage":64,"enemies":"Masked Bandits","floor":21,"turns":4}],"seed_played":"-4983688434925896401","potions_obtained":[{"floor":1,"key":"SteroidPotion"},{"floor":3,"key":"AttackPotion"},{"floor":14,"key":"ColorlessPotion"},{"floor":16,"key":"EssenceOfSteel"},{"floor":18,"key":"PowerPotion"}],"is_trial":false,"path_per_floor":["M","$","M","?","M","E","R","M","T","?","R","E","$","M","R","B",null,"M","?","M","?"],"character_chosen":"WATCHER","items_purchased":["InnerPeace","Evaluate+1"],"campfire_rested":1,"item_purchase_floors":[2,13],"current_hp_per_floor":[66,66,65,65,63,46,46,46,46,46,72,62,62,60,60,28,72,50,50,51,0,0],"gold":104,"neow_bonus":"RANDOM_COMMON_RELIC","is_daily":false,"chose_seed":false,"campfire_upgraded":1,"win_rate":0.0,"timestamp":1610517183,"path_taken":["M","?","M","?","?","E","R","M","T","?","R","E","$","M","R","BOSS","M","?","M","?"],"items_purchased_type":["Card","Card"],"build_version":"2020-12-22","purchased_purges":0,"victory":false,"max_hp_per_floor":[72,72,72,72,72,72,72,72,72,72,72,72,72,72,72,72,72,72,72,72,72,72],"card_choices":[{"not_picked":["Swivel","ForeignInfluence"],"picked":"ThirdEye","floor":1},{"not_picked":["EmptyFist","JustLucky"],"picked":"Protect","floor":3},{"not_picked":["EmptyBody","ForeignInfluence"],"picked":"Consecrate","floor":5},{"not_picked":["EmptyBody","CrushJoints"],"picked":"SandsOfTime","floor":6},{"not_picked":["CarveReality","Vengeance"],"picked":"ClearTheMind","floor":8},{"not_picked":["FlurryOfBlows","FlyingSleeves"],"picked":"ClearTheMind+1","floor":12},{"not_picked":["Consecrate","MentalFortress"],"picked":"PathToVictory+1","floor":14},{"not_picked":["Devotion","Judgement+1"],"picked":"Establishment","floor":16},{"not_picked":["Wallop","FlurryOfBlows"],"picked":"Study","floor":18},{"not_picked":["FollowUp","MentalFortress+1","SashWhip+1"],"picked":"SKIP","floor":20}],"player_experience":379026,"relics_obtained":[{"floor":6,"key":"Ginger"},{"floor":9,"key":"Toxic Egg 2"},{"floor":12,"key":"PreservedInsect"},{"floor":17,"key":"Dream Catcher"},{"floor":17,"key":"Matryoshka"},{"floor":17,"key":"Incense Burner"}],"event_choices":[{"damage_healed":0,"gold_gain":0,"player_choice":"Gave Potion","damage_taken":0,"relics_obtained":["Regal Pillow"],"max_hp_gain":0,"max_hp_loss":0,"event_name":"WeMeetAgain","floor":4,"gold_loss":0},{"cards_removed":["Strike_P"],"damage_healed":0,"gold_gain":0,"player_choice":"Card Removal","damage_taken":0,"max_hp_gain":0,"max_hp_loss":0,"event_name":"The Cleric","floor":10,"gold_loss":50},{"damage_healed":0,"gold_gain":0,"player_choice":"Obtained Relic","damage_taken":0,"relics_obtained":["Toy Ornithopter"],"max_hp_gain":0,"max_hp_loss":0,"event_name":"Addict","floor":19,"gold_loss":85},{"damage_healed":0,"gold_gain":0,"player_choice":"Fought Bandits","damage_taken":0,"max_hp_gain":0,"max_hp_loss":0,"event_name":"Masked Bandits","floor":21,"gold_loss":0}],"is_beta":false,"boss_relics":[{"not_picked":["Empty Cage","Coffee Dripper"],"picked":"Calling Bell"}],"items_purged_floors":[],"is_endless":false,"potions_floor_spawned":[1,3,14,16,18],"killed_by":"Masked Bandits","ascension_level":1}}