{"host":"hgkb2zpbo2dcws21","time":1610546832,"event":{"mods":["AchievementEnabler","BaseMod","Colored Map","Colored Powertips","Custom Start","DeckTracker","KOR Keyword Fix","Keyboard Shortcuts","Minty Spire (QoL Compilation)","Relic Stats","StSLib","SuperFastMode"],"gold_per_floor":[114,132,147,160,177,177,207,282,282,282,282,320,340,360,360,453,453,478,501,501,104,104,104,104,104],"floor_reached":24,"language":"KOR","playtime":639,"items_purged":["Strike_P"],"score":385,"play_id":"c3a21672-c497-484f-9fa3-affa2d47ce7b","local_time":"20210113230712","is_ascension_mode":true,"campfire_choices":[{"data":"Eruption","floor":6,"key":"SMITH"},{"floor":10,"key":"REST"},{"floor":15,"key":"REST"},{"floor":23,"key":"REST"}],"circlet_count":0,"master_deck":["AscendersBane","Strike_P+1","Strike_P+1","Defend_P+1","Defend_P+1","Defend_P","Eruption+1","Vigilance","LessonLearned+1","EmptyFist+1","Vengeance","Pray","FearNoEvil+1","ConjureBlade","MentalFortress+1","Tantrum+1","MentalFortress","TalkToTheHand+1","Prostrate"],"relics":["PureWater","Prayer Wheel","Toy Ornithopter","Golden Idol","Nunchaku","Empty Cage","Mummified Hand","CultistMask"],"acts_visited":["Exordium","TheCity"],"potions_floor_usage":[7,13,14,19],"damage_taken":[{"damage":11,"enemies":"Small Slimes","floor":1,"turns":6},{"damage":0,"enemies":"2 Louse","floor":2,"turns":4},{"damage":6,"enemies":"Jaw Worm","floor":3,"turns":6},{"damage":7,"enemies":"Looter","floor":4,"turns":3},{"damage":8,"enemies":"Blue Slaver","floor":5,"turns":4},{"damage":17,"enemies":"3 Sentries","floor":7,"turns":6},{"damage":12,"enemies":"Lagavulin","floor":12,"turns":5},{"damage":9,"enemies":"Red Slaver","floor":13,"turns":3},{"damage":0,"enemies":"3 Louse","floor":14,"turns":2},{"damage":11,"enemies":"The Guardian","floor":16,"turns":9},{"damage":22,"enemies":"Spheric Guardian","floor":18,"turns":4},{"damage":18,"enemies":"3 Byrds","floor":19,"turns":5},{"damage":1,"enemies":"Gremlin Leader","floor":24,"turns":4}],"seed_played":"-703232319757291368","potions_obtained":[{"floor":4,"key":"Fire Potion"},{"floor":7,"key":"Fruit Juice"},{"floor":12,"key":"DuplicationPotion"},{"floor":13,"key":"Block Potion"},{"floor":16,"key":"Block Potion"}],"is_trial":false,"path_per_floor":["M","M","M","M","M","R","E","?","T","R","?","E","M","M","R","B",null,"M","M","?","$","?","R","E"],"character_chosen":"WATCHER","items_purchased":["Mummified Hand","Prostrate"],"campfire_rested":3,"item_purchase_floors":[21,21],"current_hp_per_floor":[50,50,44,37,29,29,17,6,6,26,26,14,10,15,33,22,51,29,16,16,16,16,34,33,33],"gold":104,"neow_bonus":"THREE_RARE_CARDS","is_daily":false,"chose_seed":false,"campfire_upgraded":1,"win_rate":0.0,"timestamp":1610546832,"path_taken":["M","M","M","M","M","R","E","?","T","R","?","E","?","M","R","BOSS","M","M","?","$","?","R","E"],"items_purchased_type":["Relic","Card"],"build_version":"2020-12-22","purchased_purges":1,"victory":false,"max_hp_per_floor":[62,62,62,62,62,62,67,67,67,67,61,61,61,61,61,61,61,61,61,61,61,61,61,61,61],"relic_stats":{"Nunchaku":[4],"counters":[13,61],"Golden Idol":45,"Mummified Hand":[1],"Prayer Wheel":4,"obtain_stats":[{"Nunchaku":12,"Golden Idol":11,"Mummified Hand":21,"Prayer Wheel":7,"CultistMask":22,"PureWater":0,"Empty Cage":17,"Toy Ornithopter":9},{"Nunchaku":7,"Golden Idol":6,"Mummified Hand":12,"Prayer Wheel":6,"CultistMask":12,"PureWater":0,"Empty Cage":10,"Toy Ornithopter":6},{"Nunchaku":34,"Golden Idol":29,"Mummified Hand":57,"Prayer Wheel":29,"CultistMask":57,"PureWater":0,"Empty Cage":48,"Toy Ornithopter":29}],"Toy Ornithopter":15},"card_choices":[{"not_picked":["Ragnarok","ConjureBlade"],"picked":"LessonLearned","floor":0},{"not_picked":["Consecrate","PathToVictory","FlurryOfBlows"],"picked":"SKIP","floor":1},{"not_picked":["ThirdEye","Halt"],"picked":"EmptyFist","floor":2},{"not_picked":["Collect","CrushJoints"],"picked":"Vengeance","floor":3},{"not_picked":["FlyingSleeves","WaveOfTheHand"],"picked":"Pray","floor":4},{"not_picked":["WreathOfFlame","CrushJoints"],"picked":"FearNoEvil","floor":5},{"not_picked":["CrushJoints","WreathOfFlame"],"picked":"ConjureBlade","floor":7},{"not_picked":["Weave","BowlingBash"],"picked":"MentalFortress","floor":12},{"not_picked":["Crescendo","Evaluate","Weave"],"picked":"SKIP","floor":13},{"not_picked":["FollowUp","PathToVictory","FlurryOfBlows"],"picked":"SKIP","floor":13},{"not_picked":["SashWhip","LikeWater"],"picked":"Tantrum","floor":14},{"not_picked":["WindmillStrike","ConjureBlade"],"picked":"MentalFortress","floor":14},{"not_picked":["Vengeance","CarveReality+1","CutThroughFate"],"picked":"SKIP","floor":18},{"not_picked":["SashWhip","CrushJoints","Halt"],"picked":"SKIP","floor":18},{"not_picked":["EmptyMind","EmptyFist"],"picked":"TalkToTheHand+1","floor":19},{"not_picked":["Collect","FlyingSleeves","Crescendo"],"picked":"SKIP","floor":19}],"player_experience":1142309,"relics_obtained":[{"floor":7,"key":"Prayer Wheel"},{"floor":9,"key":"Toy Ornithopter"},{"floor":12,"key":"Nunchaku"}],"event_choices":[{"damage_healed":0,"gold_gain":75,"player_choice":"Gather Gold","damage_taken":11,"max_hp_gain":0,"max_hp_loss":0,"event_name":"World of Goop","floor":8,"gold_loss":0},{"damage_healed":0,"gold_gain":0,"player_choice":"Lose Max HP","damage_taken":0,"relics_obtained":["Golden Idol"],"max_hp_gain":0,"max_hp_loss":6,"event_name":"Golden Idol","floor":11,"gold_loss":0},{"damage_healed":0,"gold_gain":0,"player_choice":"Ignored","damage_taken":0,"max_hp_gain":0,"max_hp_loss":0,"event_name":"Cursed Tome","floor":20,"gold_loss":0},{"damage_healed":0,"gold_gain":0,"player_choice":"Trade","damage_taken":0,"relics_obtained":["CultistMask"],"max_hp_gain":0,"max_hp_loss":0,"event_name":"FaceTrader","floor":22,"gold_loss":0}],"is_beta":false,"boss_relics":[{"not_picked":["SacredBark","HolyWater"],"picked":"Empty Cage"}],"items_purged_floors":[21],"is_endless":false,"potions_floor_spawned":[4,7,12,13,16,18],"killed_by":"Gremlin Leader","ascension_level":17}}