{"host":"yptvp0rjza9g9li7","time":1610539446,"event":{"mods":["AchievementEnabler","BaseMod","Colored Map","Colored Powertips","DeckTracker","Minty Spire (QoL Compilation)","SuperFastMode"],"gold_per_floor":[11,24,35,35,55,90,104,104,104,119,136,147,158,177,177,275,275,291,308,320,320,92,92,120,120,144,157,157,157,11,24,24,24,24],"floor_reached":33,"language":"KOR","playtime":1290,"items_purged":["Pommel Strike"],"score":275,"play_id":"140a1680-fa0d-4e9b-bc7c-ef201ab7a491","local_time":"20210113210406","is_ascension_mode":false,"campfire_choices":[{"data":"Pommel Strike","floor":8.0,"key":"SMITH"},{"data":"Infernal Blade","floor":15.0,"key":"SMITH"},{"data":"Corruption","floor":23,"key":"SMITH"},{"floor":25,"key":"REST"},{"floor":29,"key":"REST"},{"data":"Shockwave","floor":32,"key":"SMITH"}],"circlet_count":0,"master_deck":["Bash","Sword Boomerang+1","Iron Wave","Anger","Disarm","Pommel Strike+1","Power Through","Infernal Blade+1","Whirlwind","Second Wind","Shockwave+1","Feed","Carnage","Demon Form","Armaments","Evolve","Feel No Pain","Twin Strike+1","Bloodletting","Corruption+1","Impervious+1","Rage+1","Offering+1","Burning Pact+1"],"relics":["Burning Blood","Juzu Bracelet","Whetstone","Pandora\u0027s Box","Oddly Smooth Stone","Toxic Egg 2","Dream Catcher","Enchiridion"],"acts_visited":["TheCity"],"potions_floor_usage":[20,27,33],"damage_taken":[{"damage":6.0,"enemies":"Jaw Worm","floor":1.0,"turns":3.0},{"damage":10.0,"enemies":"Small Slimes","floor":2.0,"turns":3.0},{"damage":0.0,"enemies":"2 Louse","floor":3.0,"turns":2.0},{"damage":17.0,"enemies":"Lots of Slimes","floor":5.0,"turns":6.0},{"damage":16.0,"enemies":"Lagavulin","floor":6.0,"turns":5.0},{"damage":13.0,"enemies":"2 Fungi Beasts","floor":7.0,"turns":4.0},{"damage":11.0,"enemies":"Red Slaver","floor":10.0,"turns":2.0},{"damage":0.0,"enemies":"3 Louse","floor":11.0,"turns":2.0},{"damage":11.0,"enemies":"2 Fungi Beasts","floor":12.0,"turns":3.0},{"damage":9.0,"enemies":"Blue Slaver","floor":13.0,"turns":3.0},{"damage":7.0,"enemies":"Gremlin Gang","floor":14.0,"turns":2.0},{"damage":34.0,"enemies":"The Guardian","floor":16.0,"turns":12.0},{"damage":12.0,"enemies":"Chosen","floor":18.0,"turns":4.0},{"damage":4,"enemies":"3 Byrds","floor":19,"turns":3},{"damage":19,"enemies":"Centurion and Healer","floor":20,"turns":4},{"damage":57,"enemies":"Slavers","floor":24,"turns":7},{"damage":9,"enemies":"Snake Plant","floor":27,"turns":5},{"damage":9,"enemies":"Snecko","floor":31,"turns":3},{"damage":75,"enemies":"Automaton","floor":33,"turns":6}],"seed_played":"2429085876892612592","potions_obtained":[{"floor":2.0,"key":"Weak Potion"},{"floor":3.0,"key":"SteroidPotion"},{"floor":10.0,"key":"Explosive Potion"},{"floor":12.0,"key":"Weak Potion"},{"floor":13.0,"key":"SmokeBomb"},{"floor":16.0,"key":"AttackPotion"},{"floor":19,"key":"HeartOfIron"},{"floor":20,"key":"FearPotion"},{"floor":27,"key":"FearPotion"}],"is_trial":false,"path_per_floor":["M","M","M","?","M","E","M","R","T","M","M","M","M","M","R","B",null,"M","M","M","?","$","R","E","R","T","M","?","R","$","M","R","B"],"character_chosen":"IRONCLAD","items_purchased":["Corruption","Offering+1"],"campfire_rested":2,"item_purchase_floors":[22,30],"current_hp_per_floor":[80,76,80,73,62,52,45,45,45,40,46,41,38,37,37,9,80,74,79,66,66,66,66,18,43,43,40,24,49,49,46,46,0,0],"gold":24,"neow_bonus":"TRANSFORM_TWO_CARDS","is_daily":false,"chose_seed":false,"campfire_upgraded":4,"win_rate":0.0,"timestamp":1610539446,"path_taken":["M","M","M","?","M","E","M","R","T","M","M","M","M","M","R","BOSS","M","M","M","?","$","R","E","R","T","M","?","R","?","M","R","BOSS"],"items_purchased_type":["Card","Card"],"build_version":"2020-12-22","purchased_purges":1,"victory":false,"max_hp_per_floor":[80,80,80,80,80,80,80,80,80,80,80,80,80,80,80,80,80,80,83,83,83,83,83,86,86,86,86,86,86,86,86,86,86,86],"card_choices":[{"not_picked":["Perfected Strike","Seeing Red"],"picked":"Anger","floor":1.0},{"not_picked":["Armaments","Burning Pact","Heavy Blade"],"picked":"SKIP","floor":2.0},{"not_picked":["Armaments","True Grit"],"picked":"Disarm","floor":3.0},{"not_picked":["Twin Strike","Entrench"],"picked":"Pommel Strike","floor":5.0},{"not_picked":["Havoc","Warcry","Disarm"],"picked":"SKIP","floor":6.0},{"not_picked":["Ghostly Armor","Pummel"],"picked":"Power Through","floor":7.0},{"not_picked":["Exhume","Cleave","Anger"],"picked":"SKIP","floor":10.0},{"not_picked":["Havoc","Flex"],"picked":"Infernal Blade","floor":11.0},{"not_picked":["Clash","Searing Blow"],"picked":"Whirlwind","floor":12.0},{"not_picked":["Heavy Blade","Headbutt"],"picked":"Second Wind","floor":13.0},{"not_picked":["Reckless Charge","Evolve"],"picked":"Shockwave","floor":14.0},{"not_picked":["Bludgeon","Berserk"],"picked":"Feed","floor":16.0},{"not_picked":["Sword Boomerang","Iron Wave"],"picked":"Twin Strike+1","floor":18.0},{"not_picked":["True Grit","Headbutt"],"picked":"Bloodletting","floor":19},{"not_picked":["Armaments","Perfected Strike","Cleave+1"],"picked":"SKIP","floor":20},{"not_picked":["Perfected Strike","Sever Soul"],"picked":"Impervious+1","floor":24},{"not_picked":["Second Wind+1","Whirlwind","Heavy Blade"],"picked":"SKIP","floor":27},{"not_picked":["Spot Weakness+1","Sword Boomerang"],"picked":"Rage+1","floor":29},{"not_picked":["Rupture+1","Anger"],"picked":"Burning Pact+1","floor":31}],"player_experience":200558,"relics_obtained":[{"floor":6.0,"key":"Juzu Bracelet"},{"floor":9.0,"key":"Whetstone"},{"floor":24,"key":"Toxic Egg 2"},{"floor":26,"key":"Dream Catcher"},{"floor":28,"key":"Enchiridion"}],"event_choices":[{"cards_removed":["Strike_R"],"damage_healed":0.0,"max_hp_gain":0.0,"max_hp_loss":0.0,"gold_gain":0.0,"event_name":"Golden Wing","player_choice":"Card Removal","floor":4.0,"gold_loss":0.0,"damage_taken":7.0},{"damage_healed":0,"gold_gain":0,"player_choice":"Opened","damage_taken":0,"relics_obtained":["Oddly Smooth Stone"],"max_hp_gain":0,"max_hp_loss":0,"event_name":"The Mausoleum","floor":21,"gold_loss":0},{"damage_healed":0,"gold_gain":0,"player_choice":"Obtained Book","damage_taken":16,"max_hp_gain":0,"max_hp_loss":0,"event_name":"Cursed Tome","floor":28,"gold_loss":0}],"is_beta":false,"boss_relics":[{"not_picked":["Busted Crown","Calling Bell"],"picked":"Pandora\u0027s Box"}],"items_purged_floors":[22],"is_endless":false,"potions_floor_spawned":[2,3,10,12,13,16,19,20,27],"killed_by":"Automaton","ascension_level":0}}