{"host":"kvxcn6q9iznza62e","time":1610567683,"event":{"mods":["100% Spire Juice","2.2 Compatiblity","Act Like it!","Aspiration","BaseMod","Beaked The Cultist","Better Altar","Better Match","Better Note","Better Sensory Stone","Better Skull","Better Third Choice","BetterRewards","Block Reminder","Colored Map","Colored Powertips","Dota2Spire","Downfall","Energized Spire","Fox Events","Friendly Minions","GifTheSpireLib","Gold Saver","Gremlin Mod","GungeonMod","Hallownest","Hubris","Lobotomy","Mimic Mod","Minty Spire (QoL Compilation)","Poor People Problems","Quick Restart","Rare Cards Sparkle","Relic Stats","Reorder Act Four","Replay The Spire","Reworked Bosses","Shade Mod","Spicy Shops","StSLib","Stuff the Spire","The Animator","The Blue Laboratory","The Bug Knight","The Cursed","The Factory","The Jungle","The Necromancer","The Sage","TheHeartMod","Uncapped","Unceasing Turn Reminder","Useless Jewels Mod","Wandering Minibosses","[GremlinLeader]The Maniac","[IsaacMod]????","egg","vexMod"],"gold_per_floor":[115,115,127,155,200,212,348,380,415,465,491,530,542,570,582,692,704,728,740,765,820,832,844,1056,1188,1200,1212,1212],"floor_reached":27,"language":"ENG","playtime":1919,"items_purged":[],"score":260,"play_id":"f0aaeb6a-a426-4723-8dcd-5859ded4a5f7","local_time":"20210113195443","is_ascension_mode":false,"campfire_choices":[{"floor":6,"key":"REST"},{"floor":13,"key":"REST"},{"floor":15,"key":"REST"},{"floor":23,"key":"REST"},{"floor":27,"key":"REST"}],"circlet_count":0,"master_deck":["maniac:Strike","maniac:Strike","maniac:Strike","maniac:Strike","maniac:Strike","maniac:Defend","maniac:Defend","maniac:Defend","maniac:Defend","maniac:BurnBlood","maniac:AbyssShackle","BettingIsNotGood","maniac:BladesInCloak+1","maniac:ShelteringEdge","Regret","Pain","maniac:Intimidate","maniac:Whirlscythe+1","maniac:WardAndDefend","maniac:BladeShoot","maniac:ShelteringEdge","maniac:WardAndDefend","maniac:BladesInCloak+1","maniac:Quickdraw","maniac:ExceedEnchantment","maniac:Feint+1","maniac:EndOfTheRoad","maniac:SeeingDetails"],"relics":["maniac:DamagedAnvil","maniac:BrokenHorn","HushsDoor","MoneyPower","StuffTheSpire:TintedRock","hubris:Potato","MawBank","WarpedTongs","Bag of Marbles","hubris:TenFootPole","Replay:WaspNest","StuffTheSpire:ModemDavis","vexMod:PaidLearning","DemoMod:GlassGuonStoneRelic","Strawberry"],"acts_visited":["Exordium","TheCity","TheCity"],"potions_floor_usage":[16,16,16],"damage_taken":[{"damage":16,"enemies":"Jaw Worm","floor":1,"turns":5},{"damage":5,"enemies":"Small Slimes","floor":4,"turns":4},{"damage":4,"enemies":"2 Louse","floor":5,"turns":3},{"damage":8,"enemies":"HollowMod:MossKnight","floor":7,"turns":4},{"damage":6,"enemies":"Exordium Thugs","floor":8,"turns":3},{"damage":0,"enemies":"Large Slime","floor":11,"turns":3},{"damage":10,"enemies":"Blue Slaver","floor":12,"turns":3},{"damage":14,"enemies":"Lots of Slimes","floor":14,"turns":3},{"damage":24,"enemies":"The Guardian","floor":16,"turns":9},{"damage":0,"enemies":"Spheric Guardian","floor":18,"turns":1},{"damage":0,"enemies":"Shell Parasite","floor":20,"turns":1},{"damage":28,"enemies":"Snecko","floor":21,"turns":4},{"damage":37,"enemies":"Book of Stabbing","floor":25,"turns":5}],"seed_played":"2987445666636368367","potions_obtained":[{"floor":4,"key":"Dexterity Potion"},{"floor":7,"key":"Explosive Potion"},{"floor":12,"key":"blueLaboratory:FruitPunch"},{"floor":20,"key":"Dexterity Potion"},{"floor":25,"key":"SkillPotion"}],"is_trial":false,"path_per_floor":["M","?","?","M","M","R","E","M","T","?","M","M","R","M","R","B",null,"M","?","M","M","$","R","?","E","T","R"],"character_chosen":"THE_MANIAC","items_purchased":["StuffTheSpire:TintedRock","hubris:Potato","DemoMod:GnawedKey","maniac:BladesInCloak+1","vexMod:PaidLearning"],"campfire_rested":5,"item_purchase_floors":[0,0,0,0,22],"current_hp_per_floor":[58,58,58,53,49,73,70,64,64,64,64,54,78,66,80,58,82,82,82,82,54,44,68,68,38,89,89,89],"gold":1212,"neow_bonus":"","is_daily":false,"chose_seed":false,"campfire_upgraded":0,"win_rate":0.0,"timestamp":1610567683,"path_taken":["M","?","?","?","M","R","E","M","T","?","M","M","R","M","R","BOSS","M","?","M","?","?","R","?","E","T","R"],"items_purchased_type":["Relic","Relic","Relic","Card","Relic"],"build_version":"2020-12-22","purchased_purges":0,"victory":false,"max_hp_per_floor":[80,80,80,80,80,80,80,80,80,80,80,80,80,80,80,82,82,82,82,82,82,82,82,82,89,89,89,89],"relic_stats":{"counters":[13,48],"MawBank":300,"obtain_stats":[{"KeepersGift":0,"StuffTheSpire:TintedRock":0,"StuffTheSpire:ModemDavis":17,"maniac:DamagedAnvil":12,"DemoMod:GlassGuonStoneRelic":8,"Replay:WaspNest":10,"MoneyPower":12,"vexMod:PaidLearning":22,"MawBank":2,"Burning Blood":0,"WarpedTongs":3,"maniac:BrokenHorn":12,"Strawberry":25,"DemoMod:GnawedKey":0,"Bag of Marbles":7,"hubris:TenFootPole":9,"HushsDoor":0,"hubris:Potato":0},{"KeepersGift":0,"StuffTheSpire:TintedRock":0,"StuffTheSpire:ModemDavis":9,"maniac:DamagedAnvil":7,"DemoMod:GlassGuonStoneRelic":5,"Replay:WaspNest":5,"MoneyPower":7,"vexMod:PaidLearning":12,"MawBank":1,"Burning Blood":0,"WarpedTongs":1,"maniac:BrokenHorn":7,"Strawberry":13,"DemoMod:GnawedKey":0,"Bag of Marbles":4,"hubris:TenFootPole":5,"HushsDoor":0,"hubris:Potato":0},{"KeepersGift":0,"StuffTheSpire:TintedRock":0,"StuffTheSpire:ModemDavis":37,"maniac:DamagedAnvil":24,"DemoMod:GlassGuonStoneRelic":19,"Replay:WaspNest":19,"MoneyPower":24,"vexMod:PaidLearning":43,"MawBank":5,"Burning Blood":0,"WarpedTongs":5,"maniac:BrokenHorn":24,"Strawberry":48,"DemoMod:GnawedKey":0,"Bag of Marbles":16,"hubris:TenFootPole":19,"HushsDoor":0,"hubris:Potato":0}],"WarpedTongs":[43]},"card_choices":[{"not_picked":[],"picked":"BettingIsNotGood","floor":0},{"not_picked":["maniac:Intimidate","maniac:Confront"],"picked":"maniac:ShelteringEdge","floor":1},{"not_picked":["maniac:ShelteringEdge","maniac:Reforge"],"picked":"maniac:Intimidate","floor":4},{"not_picked":["maniac:AlleviatingSorcery","maniac:PerceiveDanger"],"picked":"maniac:Whirlscythe","floor":5},{"not_picked":["maniac:ColdHeart","maniac:WitnessTrueSorcery"],"picked":"maniac:WardAndDefend","floor":7},{"not_picked":["maniac:MeleeStrike","maniac:Refine"],"picked":"maniac:BladeShoot","floor":8},{"not_picked":["maniac:PanickyParry","maniac:UntravelledPath"],"picked":"maniac:ShelteringEdge","floor":10},{"not_picked":["maniac:Confront","maniac:ReachVictory"],"picked":"maniac:WardAndDefend","floor":11},{"not_picked":["maniac:ListenToNone","maniac:FindAShortcut"],"picked":"maniac:BladesInCloak","floor":12},{"not_picked":["maniac:UndyingDesire","maniac:Whirlscythe"],"picked":"maniac:Quickdraw","floor":14},{"not_picked":["maniac:ReachVictory","maniac:UniversalPerception"],"picked":"maniac:ExceedEnchantment","floor":16},{"not_picked":["maniac:DashForward+1","maniac:Refine+1"],"picked":"maniac:Feint+1","floor":18},{"not_picked":["maniac:Retrospect+1","maniac:Intimidate"],"picked":"maniac:EndOfTheRoad","floor":20},{"not_picked":["maniac:ReconstructWounds","maniac:LootBarrage","maniac:DashForward"],"picked":"SKIP","floor":21},{"not_picked":["maniac:WardAndDefend","maniac:BladesInCloak"],"picked":"maniac:SeeingDetails","floor":25}],"player_experience":71316,"relics_obtained":[{"floor":7,"key":"Bag of Marbles"},{"floor":9,"key":"hubris:TenFootPole"},{"floor":10,"key":"Replay:WaspNest"},{"floor":25,"key":"Strawberry"}],"event_choices":[{"damage_healed":0,"gold_gain":0,"player_choice":"Box","damage_taken":0,"relics_obtained":["MawBank"],"max_hp_gain":0,"max_hp_loss":0,"event_name":"Big Fish","floor":2,"gold_loss":0,"cards_obtained":["Regret"]},{"damage_healed":0,"gold_gain":0,"player_choice":"Rummage","damage_taken":0,"relics_obtained":["WarpedTongs"],"max_hp_gain":0,"max_hp_loss":0,"event_name":"Accursed Blacksmith","floor":3,"gold_loss":0,"cards_obtained":["Pain"]},{"damage_healed":0,"gold_gain":0,"player_choice":"Bought 0 Potions","damage_taken":0,"max_hp_gain":0,"max_hp_loss":0,"event_name":"The Woman in Blue","floor":19,"gold_loss":0},{"damage_healed":0,"gold_gain":250,"player_choice":"Bet on Owner","damage_taken":0,"max_hp_gain":0,"max_hp_loss":0,"event_name":"The Joust","floor":24,"gold_loss":50}],"is_beta":false,"boss_relics":[{"not_picked":["hubris:GrandSneckoEye","Replay:Drink Me"],"picked":"StuffTheSpire:ModemDavis"},{"not_picked":[]}],"items_purged_floors":[],"is_endless":false,"potions_floor_spawned":[4,7,12,14,20,25],"ascension_level":0}}