{"host":"75t5dw8c2tyw3fa7","time":1610575955,"event":{"mods":["BaseMod","Minty Spire (QoL Compilation)","Replay The Spire","StSLib"],"gold_per_floor":[117,38,3,20,38,66,66,98,98,114,131,148,0,10,10,106,106,96,96,108,119,174,199,199,219,246,52,84,84,100,135,135,258,258,270,286,286,286,300,300,313,328,328,28,40,103,103,136,136,136,136,136,4,34,34,34],"floor_reached":55,"language":"ENG","playtime":3500,"items_purged":["Strike_B"],"score":1084,"play_id":"f5c1b2cb-217c-4b22-96f0-26b4816a1839","local_time":"20210113141235","is_ascension_mode":true,"campfire_choices":[{"data":"Fusion","floor":7.0,"key":"SMITH"},{"data":"Seek","floor":15.0,"key":"SMITH"},{"floor":24.0,"key":"REST"},{"floor":40.0,"key":"RECALL"},{"floor":49.0,"key":"REST"},{"floor":52.0,"key":"REST"}],"circlet_count":0,"master_deck":["Strike_B","Strike_B","Defend_B","Defend_B","Defend_B","Zap","Dualcast","Cold Snap","Fusion+1","Melter","Gash","Beam Cell","Seek+1","Go for the Eyes","Undo","Machine Learning","Compile Driver","Barrage","Auto Shields+1","Gash+1","Genetic Algorithm","Defragment+1","Doom and Gloom+1","Cold Snap","Redo+1","Reinforced Body","Core Surge","Gash","Stack+1","Apotheosis","Trip","ReplayGash","Gash","Doom and Gloom+1","Loop","Leap+1"],"relics":["Cracked Core","NeowsBlessing","Carrot","Matryoshka","Blood Vial","Mercury Hourglass","Eternal Feather","Replay:Frozen Program","Fusion Hammer","Anchor","DataDisk","Potion Belt","Lantern","Oddly Smooth Stone","ReplayTheSpireMod:Lightbulb","Velvet Choker","Chemical X","Centennial Puzzle","Solar Panel","Vajra","Replay:Bottled Snecko"],"acts_visited":["Exordium","TheCity","TheBeyond","TheEnding"],"potions_floor_usage":[54,55],"damage_taken":[{"damage":0.0,"enemies":"Small Slimes","floor":1.0,"turns":1.0},{"damage":0.0,"enemies":"Cultist","floor":4.0,"turns":1.0},{"damage":0.0,"enemies":"Jaw Worm","floor":5.0,"turns":1.0},{"damage":23.0,"enemies":"Lagavulin","floor":6.0,"turns":6.0},{"damage":24.0,"enemies":"Gremlin Nob","floor":8.0,"turns":4.0},{"damage":3.0,"enemies":"Exordium Thugs","floor":10.0,"turns":5.0},{"damage":4.0,"enemies":"Lots of Slimes","floor":11.0,"turns":2.0},{"damage":0.0,"enemies":"Gremlin Gang","floor":12.0,"turns":3.0},{"damage":5.0,"enemies":"Exordium Thugs","floor":14.0,"turns":3.0},{"damage":19.0,"enemies":"Fading Forest","floor":16.0,"turns":11.0},{"damage":0.0,"enemies":"2 Thieves","floor":18.0,"turns":4.0},{"damage":0.0,"enemies":"Spheric Guardian","floor":20.0,"turns":2.0},{"damage":15.0,"enemies":"3 Cultists","floor":21.0,"turns":5.0},{"damage":8.0,"enemies":"Slavers","floor":23.0,"turns":4.0},{"damage":16.0,"enemies":"Snake Plant","floor":25.0,"turns":3.0},{"damage":26.0,"enemies":"Book of Stabbing","floor":28.0,"turns":5.0},{"damage":2.0,"enemies":"Centurion and Healer","floor":30.0,"turns":4.0},{"damage":27.0,"enemies":"Slavers","floor":31.0,"turns":4.0},{"damage":18.0,"enemies":"Collector","floor":33.0,"turns":7.0},{"damage":0.0,"enemies":"3 Darklings","floor":35.0,"turns":5.0},{"damage":0.0,"enemies":"3 Shapes","floor":36.0,"turns":2.0},{"damage":0.0,"enemies":"Jaw Worm Horde","floor":39.0,"turns":4.0},{"damage":3.0,"enemies":"Writhing Mass","floor":41.0,"turns":5.0},{"damage":0.0,"enemies":"Transient","floor":42.0,"turns":5.0},{"damage":2.0,"enemies":"Spire Growth","floor":45.0,"turns":5.0},{"damage":9.0,"enemies":"Giant Head","floor":48.0,"turns":6.0},{"damage":4.0,"enemies":"Donu and Deca","floor":50.0,"turns":8.0},{"damage":31,"enemies":"Shield and Spear","floor":54,"turns":6},{"damage":50,"enemies":"The Heart","floor":55,"turns":5}],"seed_played":"7701314637489225863","potions_obtained":[{"floor":4.0,"key":"Energy Potion"},{"floor":5.0,"key":"Toxic Potion"},{"floor":11.0,"key":"Strength Potion"},{"floor":12.0,"key":"ColorlessPotion"},{"floor":16.0,"key":"FocusPotion"},{"floor":18.0,"key":"PowerPotion"},{"floor":23.0,"key":"Swift Potion"},{"floor":32.0,"key":"ColorlessPotion"},{"floor":32.0,"key":"Strength Potion"},{"floor":33.0,"key":"Flashbang"},{"floor":35.0,"key":"Energy Potion"},{"floor":36.0,"key":"SpeedPotion"},{"floor":38.0,"key":"Languid Potion"},{"floor":38.0,"key":"Languid Potion"},{"floor":42.0,"key":"Elixir"}],"is_trial":false,"path_per_floor":["M","?","$","M","M","E","R","E","T","M","M","M","$","M","R","B",null,"M","?","M","M","T","E","R","M","T","$","E","?","M","E","R","B",null,"M","M","?","?","M","R","M","M","T","$","M","?","?","E","R","B",null,"R","$","E","B"],"character_chosen":"DEFECT","items_purchased":["Fusion","Replay:Frozen Program","Defragment","Doom and Gloom+1","Chemical X","Centennial Puzzle","Loop","PowerPotion"],"campfire_rested":3,"item_purchase_floors":[3,13,27,27,44,44,53,53],"current_hp_per_floor":[68,68,68,68,68,45,45,21,21,20,18,20,20,17,26,17,61,63,63,65,52,52,46,75,59,59,59,35,35,35,10,25,9,59,61,63,53,53,55,73,72,74,74,74,73,55,55,48,75,71,74,75,75,46,0,0],"gold":34,"neow_bonus":"THREE_ENEMY_KILL","is_daily":false,"chose_seed":false,"campfire_upgraded":2,"win_rate":0.0,"timestamp":1610575955,"path_taken":["M","?","?","?","M","E","R","E","T","M","M","M","$","M","R","BOSS","M","?","?","?","?","E","R","M","T","?","E","?","?","E","R","BOSS","M","M","?","?","?","R","?","M","T","$","M","?","?","E","R","BOSS","R","$","E","BOSS"],"items_purchased_type":["Card","Relic","Card","Card","Relic","Relic","Card","Potion"],"build_version":"2020-12-22","purchased_purges":1,"victory":false,"max_hp_per_floor":[75,75,75,75,75,75,75,75,75,75,75,75,75,75,75,75,75,75,75,75,75,75,75,75,75,75,75,75,75,75,75,75,75,75,75,75,75,75,75,75,75,75,75,75,75,75,75,75,75,75,75,75,75,75,75,75],"card_choices":[{"not_picked":["ReplayGash","Crystallizer"],"picked":"Cold Snap","floor":1.0},{"not_picked":["Cold Snap","Hello World","Scrape"],"picked":"SKIP","floor":4.0},{"not_picked":["Coolheaded","Rebound"],"picked":"Melter","floor":5.0},{"not_picked":["Lockon","Cold Snap"],"picked":"Gash","floor":6.0},{"not_picked":["ReplaySolidLightProjector","Coolheaded"],"picked":"Beam Cell","floor":8.0},{"not_picked":["Hello World","Leap"],"picked":"Seek","floor":10.0},{"not_picked":["Barrage","Coolheaded"],"picked":"Go for the Eyes","floor":11.0},{"not_picked":["Scrape","Beam Cell","Rebound"],"picked":"SKIP","floor":12.0},{"not_picked":["Reinforced Body","Streamline"],"picked":"Undo","floor":14.0},{"not_picked":["Biased Cognition","Hyperbeam"],"picked":"Machine Learning","floor":16.0},{"not_picked":["ReplayTheSpireMod:Repulse","Force Field"],"picked":"Compile Driver","floor":18.0},{"not_picked":["Steam","Sweeping Beam"],"picked":"Auto Shields+1","floor":20.0},{"not_picked":["Stack","Redo"],"picked":"Gash+1","floor":21.0},{"not_picked":["Amplify","Compile Driver","Reprogram"],"picked":"SKIP","floor":23.0},{"not_picked":["Rebound","Stack"],"picked":"Genetic Algorithm","floor":25.0},{"not_picked":["Hello World+1","FIFO Queue"],"picked":"Cold Snap","floor":28.0},{"not_picked":["Panic Button","Coolheaded"],"picked":"Redo+1","floor":30.0},{"not_picked":["Cold Snap","Thunder Strike"],"picked":"Reinforced Body","floor":31.0},{"not_picked":["ReplayTheSpireMod:Fabricate Wheel","Rainbow"],"picked":"Core Surge","floor":33.0},{"not_picked":["Leap","Ball Lightning+1"],"picked":"Gash","floor":35.0},{"not_picked":["Cold Snap+1","ReplayTheSpireMod:GoodbyeWorld+1"],"picked":"Stack+1","floor":36.0},{"not_picked":["Transmutation","Trip"],"picked":"Apotheosis","floor":37.0},{"not_picked":["Survey Options","Specialist"],"picked":"Trip","floor":37.0},{"not_picked":["Panic Button+1","Auto Shields"],"picked":"ReplayGash","floor":39.0},{"not_picked":["Turbo+1","Ball Lightning+1"],"picked":"Gash","floor":41.0},{"not_picked":["Barrage+1","Compile Driver","Cold Snap"],"picked":"SKIP","floor":42.0},{"not_picked":["Redo+1","Force Field+1","Steam"],"picked":"SKIP","floor":45.0},{"not_picked":["Barrage+1","Steam+1"],"picked":"Doom and Gloom+1","floor":46.0},{"not_picked":["ReplayTheSpireMod:Repulse+1","Hologram","Reinforced Body"],"picked":"SKIP","floor":48.0},{"not_picked":["Force Field","Core Surge"],"picked":"Leap+1","floor":54}],"player_experience":434863,"relics_obtained":[{"floor":6.0,"key":"Matryoshka"},{"floor":8.0,"key":"Blood Vial"},{"floor":9.0,"key":"Mercury Hourglass"},{"floor":9.0,"key":"Eternal Feather"},{"floor":22.0,"key":"Anchor"},{"floor":22.0,"key":"DataDisk"},{"floor":23.0,"key":"Potion Belt"},{"floor":26.0,"key":"Lantern"},{"floor":28.0,"key":"Oddly Smooth Stone"},{"floor":31.0,"key":"ReplayTheSpireMod:Lightbulb"},{"floor":46.0,"key":"Solar Panel"},{"floor":48.0,"key":"Vajra"},{"floor":54,"key":"Replay:Bottled Snecko"}],"event_choices":[{"damage_healed":0.0,"max_hp_gain":0.0,"max_hp_loss":0.0,"gold_gain":0.0,"event_name":"WeMeetAgain","player_choice":"Paid Gold","floor":2.0,"gold_loss":79.0,"damage_taken":0.0,"relics_obtained":["Carrot"]},{"damage_healed":0.0,"max_hp_gain":0.0,"max_hp_loss":0.0,"gold_gain":0.0,"cards_transformed":["Strike_B"],"event_name":"Transmorgrifier","player_choice":"Transformed","floor":19.0,"gold_loss":0.0,"damage_taken":0.0,"cards_obtained":["Barrage"]},{"damage_healed":0.0,"max_hp_gain":0.0,"max_hp_loss":0.0,"gold_gain":0.0,"event_name":"Upgrade Shrine","player_choice":"Upgraded","floor":29.0,"gold_loss":0.0,"damage_taken":0.0,"cards_upgraded":["Defragment"]},{"damage_healed":0.0,"max_hp_gain":0.0,"max_hp_loss":0.0,"gold_gain":0.0,"event_name":"SensoryStone","player_choice":"Memory 3","floor":37.0,"gold_loss":0.0,"damage_taken":10.0},{"damage_healed":0.0,"max_hp_gain":0.0,"max_hp_loss":0.0,"gold_gain":0.0,"event_name":"Lab","player_choice":"Got Potions","floor":38.0,"gold_loss":0.0,"damage_taken":0.0},{"cards_removed":["Defend_B"],"damage_healed":0.0,"max_hp_gain":0.0,"max_hp_loss":0.0,"gold_gain":0.0,"event_name":"Falling","player_choice":"Removed Skill","floor":47.0,"gold_loss":0.0,"damage_taken":0.0}],"is_beta":false,"boss_relics":[{"not_picked":["Empty Cage","Runic Dome"],"picked":"Fusion Hammer"},{"not_picked":["Busted Crown","ReplayTheSpireMod:DimensionalGlitch"],"picked":"Velvet Choker"}],"items_purged_floors":[27],"is_endless":false,"potions_floor_spawned":[4,5,11,12,16,18,20,23,33,35,36,42],"killed_by":"The Heart","ascension_level":8}}