{"host":"5cc4xbo9rb723k69","time":1610564943,"event":{"mods":["Act Like it!","Aspiration","Astrologer","Bartender","BaseMod","Bestiary","CapriCore","Conspire","Downfall","Duelist Mod","Friendly Minions","Gensokyo","Hermit","Hubris","Infinite Spire","Jedi Mod","Kiyohime????","Koishi","LagranYue(???·?)","Luminous","Mad Scientist","Mari Mod (Legacy)","Mari\u0027s V1 Patch","Marisa????????","Minty Spire (QoL Compilation)","Nova Terra(??·??)","Pale of the Ancients","Prisma Mod","Random Character Button","Reimu??????","Replay The Spire","Robot Space Explorer","Somnambulant","StSLib","The Alterego","The Animator","The Bladedancer","The Clintock","The Construct","The Cursed","The Disciple","The Exalted","The Gatherer","The Immortal","The Jungle","The Marked","The Mystic","The Problem Sleuth","The Runesmith","The Saiyan","The Senshi","The Servant 0.9.4","The Spell Scribe","TheArtist","Waifu the Spire","Yuri Mod","thorton","vexMod"],"gold_per_floor":[114,114,126,138,35,35,51,68,148,366,366,366,366,392,392,494,494,508,519,537,537,16,16,41,51,51,51,51,70,82,93,93,395,395,411,411,181,181,194,194,225,68,68,43,43,43,43,67,67,178,178,208,232,232,232,232,246,246,295,295,414,414,438,488,488,505,194,194,237,237,237,237,237,254,279,303,303,416,416,440,173,173,194,0,52,52,98,144,186,186,50,77,77,77,210,210,235,261,261,286,330,377,397,434,434,449,449,482,527,566,566,602,666,694,694,773,773,891,891,582,582,614],"floor_reached":123,"language":"DEU","playtime":24680,"items_purged":["Pain","Amnesia"],"score":2522,"play_id":"1a40e78f-59a0-4d9f-8d01-34526c247bca","local_time":"20210113200903","is_ascension_mode":false,"campfire_choices":[{"floor":6.0,"key":"RECALL"},{"floor":11.0,"key":"REST"},{"floor":13.0,"key":"REST"},{"floor":15.0,"key":"REST"},{"floor":23.0,"key":"REST"},{"floor":32.0,"key":"REST"},{"data":"ReplayTheSpireMod:Book of Names","floor":40.0,"key":"SMITH"},{"data":"Gensokyo:RainbowDanmaku","floor":45.0,"key":"SMITH"},{"data":"alterego_mod:BrynhildrRomantia","floor":49.0,"key":"SMITH"},{"floor":56.0,"key":"REST"},{"data":"alterego_mod:ClassAdvantage","floor":58.0,"key":"SMITH"},{"data":"alterego_mod:Lift","floor":68.0,"key":"SMITH"},{"data":"alterego_mod:Rake","floor":70.0,"key":"SMITH"},{"data":"alterego_mod:IndependentAction","floor":72.0,"key":"SMITH"},{"data":"alterego_mod:DustData","floor":77.0,"key":"SMITH"},{"data":"alterego_mod:TrickOrTreatment","floor":86.0,"key":"SMITH"},{"floor":94.0,"key":"DIG"},{"data":"alterego_mod:InsideBaseball","floor":111,"key":"SMITH"},{"data":"alterego_mod:RingBreak","floor":117,"key":"SMITH"},{"data":"Replay:LoomingThreat","floor":119,"key":"SMITH"}],"circlet_count":0,"master_deck":["alterego_mod:Strike+1","alterego_mod:Strike","alterego_mod:Strike+1","alterego_mod:Impale","alterego_mod:BigMeatyClaws","alterego_mod:BrynhildrsRune+1","alterego_mod:Skirt+1","alterego_mod:BusterCard","alterego_mod:IndependentAction+1","alterego_mod:BreastValley","alterego_mod:BustOut+1","alterego_mod:Birthday","infinitespire:Starlight","alterego_mod:Bunnysuit+1","alterego_mod:VirginLaserPalladion","alterego_mod:BeGentle","alterego_mod:MaintainEyeContact+1","alterego_mod:Nekomimi+1","Gensokyo:MissMary+1","ReplayTheSpireMod:Book of Names+1","alterego_mod:MagicResistance+1","alterego_mod:Santa+1","infinitespire:Fortify","alterego_mod:RidiculouslyBig","alterego_mod:PresenceConcealment+1","alterego_mod:RingBreak+1","alterego_mod:BrynhildrRomantia+1","alterego_mod:Punishment+1","Gensokyo:RainbowDanmaku+1","alterego_mod:Lift+1","Pot Of Greed","Pot Of Greed+1","Pot Of Greed","alterego_mod:Mirror+1","Pot Of Greed+1","alterego_mod:ChallengeComplete+1","alterego_mod:ClassAdvantage+1","alterego_mod:Clones","alterego_mod:Table","alterego_mod:BiFurious","alterego_mod:Rake+1","alterego_mod:Nekomimi","alterego_mod:DiscoLights","alterego_mod:DustData+1","alterego_mod:SakuraLabyrinth","alterego_mod:Rip+1","alterego_mod:Venus+1","Pot Of Greed","alterego_mod:Undulate+1","alterego_mod:Bunnysuit+1","alterego_mod:TrickOrTreatment+1","Replay:LoomingThreat+1","alterego_mod:Alter","alterego_mod:InsideBaseball+1","Indignation+1","Gensokyo:SummonPsychicCat","alterego_mod:Stockings","alterego_mod:STier","Pot Of Greed","alterego_mod:Bounce","alterego_mod:Lift","CrushJoints+1","Replay:Vibes+1","Weave","alterego_mod:ChallengeComplete","Wireheading","alterego_mod:BustOut","alterego_mod:Swimsuit","MasterReality","MentalFortress"],"relics":["alterego_mod:MasochisticConstitution","LagranYue:RandomDrawCardRelic","Protect_Vest","Gensokyo:LunaticRedEyes","Mercury Hourglass","Bird Faced Urn","LagranYue:ReturningEmperorRelic","Philosopher\u0027s Stone","ReplayTheSpireMod:Ring of Sloth","vexMod:Spyglass","Gremlin Food","vexMod:MemoryStick","hubris:Zylophone","Bag of Marbles","conspire:SlowCooker","Gensokyo:Companionship","hubris:ScarierMask","Blood Vial","Grinning Jar","Replay:Bandana","White_Cape","conspire:SpecialSausage","paleoftheancients:Timepiece","paleoftheancients:KeyRelic","Ice Cream","Gremlin Horn","paleoftheancients:SoulOfTheShapes","jedi:heavyjacket","infinitespire:Cupcake","ReplayTheSpireMod:Lightbulb","Bag of Preparation","conspire:RunicOctahedron","construct:RocketBooster","Chameleon Ring","hubris:Reverence","Replay:Mystery Machine","aspiration:WatcherSkillbook","OrangePellets","conspire:Boomerang","Bronze Scales","Anchor","Pantograph","hubris:BottledRain","Black Star","Mastiff:ReiMu","infinitespire:FocusingShard","conspire:DecoderRing","Cleaning_Rag","hubris:Potato","construct:FoamFinger","ReplayFunnel","ReplayTheSpireMod:TigerMarble","jedi:firstaidkit","infinitespire:CheckeredPen","Nunchaku","Simple Rune"],"acts_visited":["Gensokyo:Gensokyo","Gensokyo:Gensokyoer","Gensokyo:Gensokyoest","paleoftheancients:PaleOfTheAncients","Gensokyo:Gensokyo","Gensokyo:Gensokyoer","Gensokyo:Gensokyoest","paleoftheancients:PaleOfTheAncients"],"potions_floor_usage":[110],"damage_taken":[{"damage":1.0,"enemies":"Gensokyo:2_Kodama","floor":1.0,"turns":6.0},{"damage":6.0,"enemies":"Gensokyo:Gryphon","floor":3.0,"turns":4.0},{"damage":5.0,"enemies":"Gensokyo:3_Fairies","floor":4.0,"turns":4.0},{"damage":41.0,"enemies":"Gensokyo:Python_and_Kodama","floor":7.0,"turns":7.0},{"damage":3.0,"enemies":"Gensokyo:Kitsune","floor":8.0,"turns":3.0},{"damage":23.0,"enemies":"Gensokyo:LivingMonolith","floor":10.0,"turns":5.0},{"damage":18.0,"enemies":"Gensokyo:Cirno","floor":14.0,"turns":7.0},{"damage":30.0,"enemies":"Gensokyo:Kokoro","floor":16.0,"turns":13.0},{"damage":49.0,"enemies":"Gensokyo:AngelMirror","floor":18.0,"turns":5.0},{"damage":11.0,"enemies":"Gensokyo:2_Gloops","floor":19.0,"turns":7.0},{"damage":31.0,"enemies":"Gensokyo:Monolith_and_Dog","floor":20.0,"turns":7.0},{"damage":17.0,"enemies":"Nightmare","floor":24.0,"turns":10.0},{"damage":30.0,"enemies":"Gensokyo:Swordslinger","floor":25.0,"turns":6.0},{"damage":0.0,"enemies":"Gensokyo:Slime_Group","floor":29.0,"turns":4.0},{"damage":0.0,"enemies":"Gensokyo:Monolith_and_Dog","floor":30.0,"turns":2.0},{"damage":35.0,"enemies":"Gensokyo:Chomper_and_Gloop","floor":31.0,"turns":7.0},{"damage":36.0,"enemies":"Gensokyo:Kaguya","floor":33.0,"turns":12.0},{"damage":0.0,"enemies":"Gensokyo:3_Bats","floor":35.0,"turns":3.0},{"damage":26.0,"enemies":"Gensokyo:3_Bats","floor":36.0,"turns":6.0},{"damage":6.0,"enemies":"Gensokyo:3_Boulders","floor":39.0,"turns":4.0},{"damage":41.0,"enemies":"Gensokyo:Kasen","floor":41.0,"turns":8.0},{"damage":40.0,"enemies":"Gensokyo:Rafflesia","floor":48.0,"turns":7.0},{"damage":3.0,"enemies":"Gensokyo:Shinki","floor":50.0,"turns":10.0},{"damage":90.0,"enemies":"conspire:MimicChest","floor":52.0,"turns":8.0},{"damage":32.0,"enemies":"conspire:MimicChest","floor":53.0,"turns":7.0},{"damage":469.0,"enemies":"conspire:MimicChest","floor":57.0,"turns":8.0},{"damage":92.0,"enemies":"paleoftheancients:N","floor":61.0,"turns":13.0},{"damage":2.0,"enemies":"Gensokyo:3_Fairies","floor":63.0,"turns":2.0},{"damage":0.0,"enemies":"Gensokyo:Gryphon","floor":66.0,"turns":1.0},{"damage":3.0,"enemies":"Gensokyo:Mamizou","floor":69.0,"turns":3.0},{"damage":0.0,"enemies":"Gensokyo:2_Kodama","floor":74.0,"turns":1.0},{"damage":0.0,"enemies":"Gensokyo:LivingMonolith","floor":75.0,"turns":1.0},{"damage":5.0,"enemies":"Gensokyo:Yukari","floor":78.0,"turns":4.0},{"damage":0.0,"enemies":"Gensokyo:3_Dogs","floor":80.0,"turns":1.0},{"damage":0.0,"enemies":"Gensokyo:Chomper","floor":83.0,"turns":1.0},{"damage":0.0,"enemies":"Gensokyo:Koishi","floor":85.0,"turns":2.0},{"damage":0.0,"enemies":"Nightmare","floor":87.0,"turns":4.0},{"damage":1.0,"enemies":"Gensokyo:Koishi","floor":89.0,"turns":2.0},{"damage":0.0,"enemies":"Gensokyo:Swordslinger","floor":92.0,"turns":2.0},{"damage":0.0,"enemies":"Gensokyo:Eternal_Rivals","floor":95.0,"turns":4.0},{"damage":0.0,"enemies":"Gensokyo:3_Bats","floor":97.0,"turns":2.0},{"damage":0.0,"enemies":"Gensokyo:3_Boulders","floor":100.0,"turns":1.0},{"damage":0.0,"enemies":"Gensokyo:Rafflesia","floor":101.0,"turns":2.0},{"damage":1.0,"enemies":"Gensokyo:Doremy","floor":102.0,"turns":2.0},{"damage":0.0,"enemies":"Gensokyo:AtlasGolem","floor":103.0,"turns":1.0},{"damage":0.0,"enemies":"Gensokyo:Kasen","floor":104.0,"turns":2.0},{"damage":0.0,"enemies":"Gensokyo:Dusk_and_Dawn","floor":106.0,"turns":2.0},{"damage":0,"enemies":"Gensokyo:Sharpion","floor":108,"turns":1},{"damage":0,"enemies":"Gensokyo:Rafflesia","floor":109,"turns":1},{"damage":0,"enemies":"Gensokyo:Doremy","floor":110,"turns":2},{"damage":0,"enemies":"Gensokyo:Yuyuko","floor":112,"turns":3},{"damage":0,"enemies":"Gensokyo:Yuyuko","floor":113,"turns":4},{"damage":0,"enemies":"Gensokyo:Yuyuko","floor":114,"turns":4},{"damage":0,"enemies":"Gensokyo:Yuyuko","floor":118,"turns":3},{"damage":35,"enemies":"paleoftheancients:N","floor":122,"turns":5}],"seed_played":"-8481240467080715314","potions_obtained":[{"floor":4.0,"key":"DistilledChaos"},{"floor":7.0,"key":"Block Potion"},{"floor":16.0,"key":"Block Potion"},{"floor":19.0,"key":"EssenceOfSteel"},{"floor":20.0,"key":"sneckomod:MuddlingPotion"},{"floor":31.0,"key":"FearPotion"},{"floor":41.0,"key":"BlessingOfTheForge"},{"floor":48.0,"key":"Adrenaline Potion"},{"floor":52.0,"key":"EntropicBrew"},{"floor":63.0,"key":"LiquidBronze"},{"floor":69.0,"key":"Elixir"},{"floor":74.0,"key":"Strength Potion"},{"floor":85.0,"key":"BlessingOfTheForge"},{"floor":92.0,"key":"Reflective Coating"},{"floor":95.0,"key":"Doom Potion"},{"floor":101.0,"key":"Toxic Potion"},{"floor":108,"key":"infinitespire:BlackPotion"},{"floor":118,"key":"Block Potion"}],"is_trial":false,"path_per_floor":["M","?","M","M","COS","R","M","M","T","M","R","?","R","E","R","B",null,"M","M","M","?","COS","R","NM","M","T","?","AVR","M","M","M","R","B",null,"M","?","$","?","M","R","E","$","T","?","R","COS","?","M","R","B",null,"M","M","?","T","R","M","R","T","?","B",null,"M","T","AVR","M","$","R","E","R","T","R","?","M","M","T","R","B",null,"M","COS","?","M","?","E","R","NM","T","E","?","$","M","$","R","B",null,"M","T","T","M","M","E","M","E","T","M","?","M","M","E","R","B","M","M","?","T","R","M","R","$","?","B",null],"character_chosen":"The_Alterego","items_purchased":["Blood Vial","Replay:Bandana","construct:RocketBooster","alterego_mod:InsideBaseball","Nunchaku","Simple Rune"],"campfire_rested":6,"item_purchase_floors":[37,42,67,91,120,120],"current_hp_per_floor":[71,71,72,68,68,68,42,40,40,18,40,21,43,38,61,55,78,61,65,49,49,49,73,70,61,61,46,46,61,61,61,84,61,85,88,88,88,88,87,87,90,90,90,90,90,90,90,91,91,92,92,13,62,62,62,91,103,103,103,103,78,104,105,105,105,109,109,109,114,114,114,114,114,118,118,118,118,119,119,123,123,123,123,123,123,123,123,123,128,133,133,133,133,133,137,137,137,137,137,137,137,142,142,142,142,142,142,142,142,142,142,171,171,175,175,175,175,175,175,175,175,160],"gold":614,"neow_bonus":"RANDOM_COMMON_RELIC","is_daily":false,"chose_seed":false,"campfire_upgraded":12,"win_rate":0.0,"timestamp":1610564943,"path_taken":["M","?","M","M","COS","R","M","?","T","M","R","?","R","E","R","BOSS","M","M","M","?","COS","R","NM","M","T","?","AVR","?","M","M","R","BOSS","M","?","?","?","M","R","E","?","T","?","R","COS","?","M","R","BOSS","M","M","?","T","R","M","R","T","?","BOSS","M","?","AVR","?","$","R","E","R","T","R","?","M","M","?","R","BOSS","M","COS","?","M","?","E","R","NM","T","E","?","?","M","$","R","BOSS","M","?","?","M","M","E","M","E","T","M","?","?","M","E","R","BOSS","M","M","?","T","R","M","R","$","?","BOSS"],"items_purchased_type":["Relic","Relic","Relic","Card","Relic","Relic"],"build_version":"2020-12-22","purchased_purges":2,"victory":true,"max_hp_per_floor":[71,71,72,73,73,73,74,75,75,76,76,76,76,77,77,78,78,79,80,81,81,81,81,82,83,83,83,83,83,83,84,84,85,85,88,88,88,88,89,89,90,90,90,90,90,90,90,91,91,92,92,93,98,98,98,98,103,103,103,103,104,104,105,105,105,109,109,109,114,114,114,114,114,118,118,118,118,119,119,123,123,123,123,123,123,123,123,123,128,133,133,133,133,133,137,137,137,137,137,137,137,142,142,142,142,142,142,142,142,142,142,171,171,175,175,175,175,175,175,175,175,176],"card_choices":[{"not_picked":["alterego_mod:1TonWallop","alterego_mod:Cooking"],"picked":"alterego_mod:Skirt","floor":1.0},{"not_picked":["alterego_mod:Skirt","alterego_mod:Maid"],"picked":"alterego_mod:BusterCard","floor":3.0},{"not_picked":["alterego_mod:BoobPocket","alterego_mod:Lingerie"],"picked":"alterego_mod:IndependentAction","floor":4.0},{"not_picked":["alterego_mod:Pet","alterego_mod:HighServant"],"picked":"alterego_mod:BreastValley","floor":7.0},{"not_picked":["alterego_mod:DeftHands","alterego_mod:Bounce"],"picked":"alterego_mod:BustOut","floor":8.0},{"not_picked":["alterego_mod:DestructionOfProperty","alterego_mod:Maid"],"picked":"alterego_mod:Birthday","floor":10.0},{"not_picked":["infinitespire:Punishment","ReplayTheSpireMod:??????????????????????"],"picked":"infinitespire:Starlight","floor":12.0},{"not_picked":["alterego_mod:Jiggle","alterego_mod:MagicResistance"],"picked":"alterego_mod:Bunnysuit","floor":14.0},{"not_picked":["alterego_mod:TrickOrTreatment","alterego_mod:InsideBaseball"],"picked":"alterego_mod:VirginLaserPalladion","floor":16.0},{"not_picked":["alterego_mod:Jiggle","alterego_mod:Cycle"],"picked":"alterego_mod:BeGentle","floor":18.0},{"not_picked":["alterego_mod:Undulate","alterego_mod:Bounce+1"],"picked":"alterego_mod:MaintainEyeContact+1","floor":19.0},{"not_picked":["alterego_mod:SakuraFive","alterego_mod:DustData"],"picked":"alterego_mod:Nekomimi+1","floor":20.0},{"not_picked":["ReplayTheSpireMod:Black Plague","infinitespire:FutureSight"],"picked":"ReplayTheSpireMod:Book of Names","floor":24.0},{"not_picked":["alterego_mod:Lingerie","alterego_mod:Undulate"],"picked":"alterego_mod:MagicResistance","floor":24.0},{"not_picked":["alterego_mod:PerceptionDisorder","alterego_mod:Valentines"],"picked":"alterego_mod:Santa+1","floor":25.0},{"not_picked":["alterego_mod:DeftHands","alterego_mod:DustData"],"picked":"alterego_mod:RidiculouslyBig","floor":29.0},{"not_picked":["alterego_mod:Jiggle+1","alterego_mod:DustData"],"picked":"alterego_mod:PresenceConcealment","floor":30.0},{"not_picked":["alterego_mod:Undulate","alterego_mod:Complex"],"picked":"alterego_mod:RingBreak","floor":31.0},{"not_picked":["alterego_mod:Venus","alterego_mod:Rake"],"picked":"alterego_mod:BrynhildrRomantia","floor":33.0},{"not_picked":["alterego_mod:GoddessCore","alterego_mod:MaintainEyeContact"],"picked":"alterego_mod:Punishment+1","floor":35.0},{"not_picked":["Gensokyo:HouraiInAPot","Gensokyo:Dawn"],"picked":"Gensokyo:RainbowDanmaku","floor":36.0},{"not_picked":["alterego_mod:HighServant","alterego_mod:PresenceConcealment"],"picked":"alterego_mod:Lift","floor":39.0},{"not_picked":["alterego_mod:BiFurious+1","alterego_mod:MagicResistance+1"],"picked":"alterego_mod:Mirror","floor":41.0},{"not_picked":["alterego_mod:GoddessCore","alterego_mod:MagicResistance"],"picked":"alterego_mod:ChallengeComplete","floor":48.0},{"not_picked":["alterego_mod:Antipathy","alterego_mod:GIGAMILK"],"picked":"alterego_mod:ClassAdvantage","floor":50.0},{"not_picked":["alterego_mod:RidiculouslyBig+1","alterego_mod:HighServant+1"],"picked":"alterego_mod:Clones","floor":52.0},{"not_picked":["alterego_mod:MagicResistance","alterego_mod:PerceptionDisorder"],"picked":"alterego_mod:Table","floor":53.0},{"not_picked":["alterego_mod:Valkyrie","alterego_mod:Vow"],"picked":"alterego_mod:Rake","floor":61.0},{"not_picked":["alterego_mod:Skirt","alterego_mod:Bounce"],"picked":"alterego_mod:Nekomimi","floor":63.0},{"not_picked":["alterego_mod:Maid","alterego_mod:GoddessCore"],"picked":"alterego_mod:DiscoLights","floor":66.0},{"not_picked":["alterego_mod:BusterCard","alterego_mod:Punishment"],"picked":"alterego_mod:DustData","floor":69.0},{"not_picked":["alterego_mod:Jiggle","alterego_mod:Smother"],"picked":"alterego_mod:SakuraLabyrinth","floor":74.0},{"not_picked":["alterego_mod:TrashNCrash","alterego_mod:PresenceConcealment"],"picked":"alterego_mod:Rip","floor":75.0},{"not_picked":["alterego_mod:BrynhildrRomantia","alterego_mod:TrickOrTreatment"],"picked":"alterego_mod:Venus","floor":78.0},{"not_picked":["ThirdEye","alterego_mod:PerceptionDisorder","Nirvana"],"picked":"alterego_mod:Undulate+1","floor":80.0},{"not_picked":["LikeWater","EmptyBody+1","alterego_mod:BreastValley"],"picked":"alterego_mod:Bunnysuit+1","floor":83.0},{"not_picked":["alterego_mod:Exercise","alterego_mod:Pet","EmptyFist"],"picked":"alterego_mod:TrickOrTreatment","floor":85.0},{"not_picked":["alterego_mod:Maid","alterego_mod:Bounce","alterego_mod:SakuraLabyrinth+1"],"picked":"Replay:LoomingThreat","floor":87.0},{"not_picked":["Replay:Cycle+1","alterego_mod:Belle","alterego_mod:Clones"],"picked":"alterego_mod:Alter","floor":89.0},{"not_picked":["alterego_mod:Jiggle","BowlingBash","alterego_mod:Swimsuit"],"picked":"Indignation+1","floor":92.0},{"not_picked":["jedi:nirvanicrebirth","alterego_mod:Tantrum","alterego_mod:ClassAdvantage"],"picked":"alterego_mod:Palingenesis","floor":95.0},{"not_picked":["alterego_mod:Skirt+1","alterego_mod:Maid+1","EmptyBody"],"picked":"alterego_mod:Stockings","floor":97.0},{"not_picked":["alterego_mod:BiFurious","alterego_mod:Skirt+1","alterego_mod:SakuraPetals+1"],"picked":"alterego_mod:STier","floor":100.0},{"not_picked":["alterego_mod:Skirt+1","alterego_mod:Cooking+1","alterego_mod:GoddessCore"],"picked":"alterego_mod:Bounce","floor":101.0},{"not_picked":["DeceiveReality+1","Weave+1","WheelKick"],"picked":"alterego_mod:Lift","floor":102.0},{"not_picked":["alterego_mod:Punishment+1","SashWhip","alterego_mod:RocketPunch"],"picked":"CrushJoints+1","floor":103.0},{"not_picked":["alterego_mod:DustData","Replay:ManipulateFuture","SignatureMove+1"],"picked":"Replay:Vibes+1","floor":104.0},{"not_picked":["DeceiveReality","alterego_mod:RocketPunch+1","JustLucky"],"picked":"Weave","floor":106.0},{"not_picked":["alterego_mod:Jiggle+1","alterego_mod:MagicResistance+1","PathToVictory"],"picked":"alterego_mod:ChallengeComplete","floor":108},{"not_picked":["EmptyFist+1","alterego_mod:DiscoLights","alterego_mod:Santa+1"],"picked":"Wireheading","floor":109},{"not_picked":["Blasphemy","alterego_mod:Schoolgirl","alterego_mod:Cooking+1"],"picked":"alterego_mod:BustOut","floor":110},{"not_picked":["Crescendo","EmptyFist+1","Halt+1"],"picked":"alterego_mod:Swimsuit","floor":113},{"not_picked":["WheelKick","alterego_mod:Bounce","SignatureMove"],"picked":"MasterReality","floor":114},{"not_picked":["Worship","CrushJoints+1","alterego_mod:ChallengeComplete+1"],"picked":"MentalFortress","floor":118}],"player_experience":229893,"relics_obtained":[{"floor":9.0,"key":"Mercury Hourglass"},{"floor":14.0,"key":"Bird Faced Urn"},{"floor":21.0,"key":"ReplayTheSpireMod:Ring of Sloth"},{"floor":24.0,"key":"Gremlin Food"},{"floor":26.0,"key":"hubris:Zylophone"},{"floor":41.0,"key":"Grinning Jar"},{"floor":43.0,"key":"White_Cape"},{"floor":52.0,"key":"paleoftheancients:SoulOfTheShapes"},{"floor":53.0,"key":"paleoftheancients:SoulOfTheWokeBloke"},{"floor":55.0,"key":"jedi:heavyjacket"},{"floor":64.0,"key":"Bag of Preparation"},{"floor":69.0,"key":"Chameleon Ring"},{"floor":71.0,"key":"hubris:Reverence"},{"floor":76.0,"key":"Replay:Mystery Machine"},{"floor":85.0,"key":"conspire:Boomerang"},{"floor":87.0,"key":"Bronze Scales"},{"floor":88.0,"key":"Anchor"},{"floor":89.0,"key":"Pantograph"},{"floor":94.0,"key":"hubris:BottledRain"},{"floor":98.0,"key":"Mastiff:ReiMu"},{"floor":99.0,"key":"infinitespire:FocusingShard"},{"floor":102.0,"key":"conspire:DecoderRing"},{"floor":102.0,"key":"Cleaning_Rag"},{"floor":104.0,"key":"hubris:Potato"},{"floor":104.0,"key":"construct:FoamFinger"},{"floor":105.0,"key":"ReplayFunnel"},{"floor":110,"key":"ReplayTheSpireMod:TigerMarble"},{"floor":110,"key":"jedi:firstaidkit"},{"floor":113,"key":"paleoftheancients:SoulOfTheWatcher"},{"floor":114,"key":"paleoftheancients:SoulOfTheWokeBloke"},{"floor":116,"key":"infinitespire:CheckeredPen"},{"floor":118,"key":"paleoftheancients:SoulOfTheHexaghost"}],"event_choices":[{"damage_healed":0.0,"max_hp_gain":0.0,"max_hp_loss":0.0,"gold_gain":0.0,"cards_transformed":["alterego_mod:Defend"],"event_name":"Transmorgrifier","player_choice":"Transformed","floor":54.0,"gold_loss":0.0,"damage_taken":0.0,"cards_obtained":["alterego_mod:BiFurious"]},{"damage_healed":0,"gold_gain":0,"player_choice":"Upgraded","damage_taken":0,"max_hp_gain":0,"max_hp_loss":0,"event_name":"Upgrade Shrine","floor":115,"gold_loss":0,"cards_upgraded":["Gensokyo:MissMary"]}],"is_beta":false,"boss_relics":[{"not_picked":["Kintsugi","vexMod:DeviousBotling"],"picked":"Philosopher\u0027s Stone"},{"not_picked":["conspire:RoyalGoblet","Painkiller Herb"],"picked":"hubris:ScarierMask"},{"not_picked":["jedi:battlestandard","aspiration:SecretTechniqueScroll"],"picked":"conspire:SpecialSausage"},{"not_picked":["hubris:CrackedHourglass","construct:WeddingRing"],"picked":"infinitespire:Cupcake"},{"not_picked":["hubris:RunicObelisk","ReplayTheSpireMod:SealedPack"],"picked":"aspiration:WatcherSkillbook"},{"not_picked":["jedi:hotpepper","hubris:BlackHole"],"picked":"Black Star"}],"items_purged_floors":[28,37],"is_endless":false,"potions_floor_spawned":[4,7,16,19,20,31,41,48,52,63,69,74,85,87,92,95,101,106,108,109,110,118],"ascension_level":0}}