{"host":"nn0yetzbeklxe8e9","time":1610568241,"event":{"mods":["Abigail Mod","AchievementEnabler","Act Like it!","Aspiration","BaseMod","Better Match","Better Vampires","BetterRewards","Colored Powertips","Curses Come First","Downfall","Friendly Minions","Gensokyo","Hallownest","Infinite Spire","Jorbs\u0027s Wanderer Trilogy","KinomotoSakuraMod(????)","Kiyohime????","Koishi","LagranYue(???·?)","Marisa????????","Minty Spire (QoL Compilation)","Permanent Neow","Prisma Mod","Quick Restart","READ ME - Snecko Mod","Rare Cards Sparkle","Remilia??????","Replay The Spire","Shade Mod","StSLib","The Administrix","The Animator","The Bug Knight","The Cursed","The Death Knight","The Gatherer","The Jungle","The Marked","The Necromancer","The Servant 0.9.4","The Wild Card","TheSwordswoman","Waifu the Spire","WarShipGirlsR/????R mod","Youmu??????","Yuri Mod"],"gold_per_floor":[112,112,124,136,164,184,201,201,224,237,267,267,267,44,44,144,144,161,161,161,161],"floor_reached":20,"language":"ENG","playtime":54157,"items_purged":[],"score":199,"play_id":"4f8724a6-1a46-432b-8dc7-c115ca4536ee","local_time":"20210113150401","is_ascension_mode":false,"campfire_choices":[{"data":"PrismaMod:ChloeGaeBolg","floor":8,"key":"SMITH"},{"data":"PrismaMod:ChloeExcalibur","floor":12,"key":"SMITH"}],"circlet_count":0,"master_deck":["PrismaMod:ChloeCommonAttack","PrismaMod:ChloeCommonAttack","PrismaMod:ChloeCommonDefend","PrismaMod:ChloeCommonDefend","PrismaMod:ChloeCommonDefend","PrismaMod:ChloeCommonDefend","PrismaMod:ChloeCommonDefend","PrismaMod:ChloeCheapAttack","PrismaMod:ChloeCheapDefend","PrismaMod:ChloeExcalibur+1","Grand Finale","Backstab","PrismaMod:ChloeExhaustTwo","PrismaMod:ChloeChristmas","PrismaMod:ChloeCheapAttack","PrismaMod:ChloeCarnivalDefend","PrismaMod:ChloeGaeBolg+1","PrismaMod:ChloeUncommonDefend","PrismaMod:ChloeEyeOfTheEuryale","infinitespire:Collect","PrismaMod:ChloeBetterTracePools","PrismaMod:ChloeGaeBolg+1","PrismaMod:ChloeCarnivalAOEAttack","PrismaMod:ChloeAnyRareTrace","PrismaMod:ChloeCheapDefendTwo","Shame","Replay:Fractal Strike"],"relics":["PrismaMod:PrismaTraceOn","LagranYue:RandomDrawCardRelic","aspiration:Nostalgia","Shade:YorickSkull","Gremlin Food","Letter Opener","DollysMirror","SlaversCollar","theJungle:SneckoAutograph"],"acts_visited":["Exordium","Exordium"],"potions_floor_usage":[16,16,16],"damage_taken":[{"damage":0,"enemies":"Cultist","floor":1,"turns":5},{"damage":0,"enemies":"Small Slimes","floor":3,"turns":2},{"damage":0,"enemies":"Jaw Worm","floor":4,"turns":3},{"damage":1,"enemies":"Large Slime","floor":6,"turns":6},{"damage":0,"enemies":"2 Fungi Beasts","floor":7,"turns":2},{"damage":0,"enemies":"Blue Slaver","floor":10,"turns":1},{"damage":0,"enemies":"Gremlin Nob","floor":11,"turns":2},{"damage":64,"enemies":"Fading Forest","floor":16,"turns":11},{"damage":27,"enemies":"theJungle:GiantWrat","floor":18,"turns":5}],"seed_played":"6788549408427815180","potions_obtained":[{"floor":3,"key":"Dexterity Potion"},{"floor":5,"key":"Regen Potion"},{"floor":5,"key":"AttackPotion"},{"floor":5,"key":"Regen Potion"},{"floor":7,"key":"SteroidPotion"},{"floor":11,"key":"champ:CounterPotion"},{"floor":16,"key":"EssenceOfSteel"}],"is_trial":false,"path_per_floor":["M","?","M","M","?","M","M","R","T","M","E","R","?","$","R","B",null,"M","?","AVR"],"character_chosen":"CHLOE","items_purchased":["PrismaMod:ChloeBetterTracePools","DollysMirror"],"campfire_rested":0,"item_purchase_floors":[14,14],"current_hp_per_floor":[75,75,75,75,75,74,74,74,74,74,74,74,56,56,56,12,75,48,48,48,48],"gold":161,"neow_bonus":"NOSTALGIA","is_daily":false,"chose_seed":false,"campfire_upgraded":2,"win_rate":0.0,"timestamp":1610568241,"path_taken":["M","?","M","M","?","M","M","R","T","M","E","R","?","$","R","BOSS","M","?","AVR"],"items_purchased_type":["Card","Relic"],"build_version":"2020-12-22","purchased_purges":0,"victory":false,"max_hp_per_floor":[75,75,75,75,75,75,75,75,75,75,75,75,75,75,75,75,75,75,75,75,75],"card_choices":[{"not_picked":["PrismaMod:ChloeCommonAOEAttack","PrismaMod:ChloeExhaustTwo"],"picked":"PrismaMod:ChloeExcalibur","floor":1},{"not_picked":["PrismaMod:ChloeExhaustOne","PrismaMod:ChloeMaid"],"picked":"PrismaMod:ChloeExhaustTwo","floor":3},{"not_picked":["PrismaMod:ChloeMaid","PrismaMod:ChloeDiscardRecovery"],"picked":"PrismaMod:ChloeChristmas","floor":4},{"not_picked":["PrismaMod:ChloeDiscardRecovery","PrismaMod:ChloeCommonAOEAttack"],"picked":"PrismaMod:ChloeCheapAttack","floor":5},{"not_picked":["PrismaMod:ChloeUncommonAOEAttack","PrismaMod:ChloeCheapAttackTwo"],"picked":"PrismaMod:ChloeCarnivalDefend","floor":6},{"not_picked":["PrismaMod:ChloeCheapAttackTwo","PrismaMod:ChloeUncommonDefend"],"picked":"PrismaMod:ChloeGaeBolg","floor":7},{"not_picked":["PrismaMod:ChloeUncommonAOEAttack","PrismaMod:ChloeExhaustOne"],"picked":"PrismaMod:ChloeUncommonDefend","floor":10},{"not_picked":["PrismaMod:ChloeAnyAttackTrace","PrismaMod:ChloeUncommonAOEAttack"],"picked":"PrismaMod:ChloeEyeOfTheEuryale","floor":11},{"not_picked":["infinitespire:Menacing","ReplayTheSpireMod:Echoes of Time"],"picked":"infinitespire:Collect","floor":13},{"not_picked":["PrismaMod:ChloeDoubleRelicSpeed","PrismaMod:ChloeUnlimitedBladeWorks"],"picked":"PrismaMod:ChloeAnyRareTrace","floor":16},{"not_picked":["PrismaMod:ChloeExhaustOne","PrismaMod:ChloeCheapDefend"],"picked":"PrismaMod:ChloeCheapDefendTwo","floor":18}],"player_experience":165354,"relics_obtained":[{"floor":9,"key":"Gremlin Food"},{"floor":11,"key":"Letter Opener"}],"event_choices":[],"is_beta":false,"boss_relics":[{"not_picked":["Tiny House","Philosopher\u0027s Stone"],"picked":"SlaversCollar"}],"items_purged_floors":[],"is_endless":false,"potions_floor_spawned":[3,7,11,16],"ascension_level":0}}