{"host":"on8kfoejf6vp3cg3","time":1610569827,"event":{"mods":["AchievementEnabler","BaseMod","Better Match","Better Third Choice","Block Reminder","Colored Map","Colored Powertips","Disable Question Mark Monsters","Googly Eyes","Hermit","Highlight Path","Minty Spire (QoL Compilation)","Permanent Neow","Poor People Problems","Rare Cards Sparkle","Replay The Spire","StSLib","The Blackbeard","The Bladedancer","The Cursed"],"gold_per_floor":[109,128,4,15,30,63,83,83,83,7,93,112,140,151,151,126,126,46,64,91,106,16,48,76,76,76,91,91,117,133,50,50,128,178,193,104,94,158,36,37,112,112,112,79,56,58,64,64,64,39],"floor_reached":51,"language":"ENG","playtime":5874,"items_purged":["blademaster:Quickstep"],"score":1896,"play_id":"49059b75-14b8-432c-a419-dcef01e5308d","local_time":"20210113153027","daily_mods":["Insanity","Vintage","ControlledChaos","Heirloom","Time Dilation","Flight"],"is_ascension_mode":true,"campfire_choices":[{"floor":8.0,"key":"REST"},{"floor":15.0,"key":"DIG"},{"floor":25.0,"key":"REST"},{"floor":32.0,"key":"DIG"},{"floor":42,"key":"REST"},{"data":"1","floor":49,"key":"LIFT"}],"circlet_count":0,"master_deck":["AscendersBane","blademaster:AspectOfWind","blademaster:Stability","blademaster:AwakeningStrike","blademaster:WindSlash+1","blademaster:ChargingUp","blademaster:AspectOfLightning","blademaster:Cut+1","blademaster:IcyWind+1","blademaster:BladeCross","blademaster:Thrust","blademaster:Reversal","blademaster:ChargingUp","blademaster:AspectOfLightning","blademaster:Slice","blademaster:Slice","blademaster:Slice","blademaster:AspectOfWind","blademaster:FuriousStrike","blademaster:Stability","blademaster:Sunder","blademaster:LeechingStrike","blademaster:Bloodbath","blademaster:DragonStrike","blademaster:AspectOfLightning","blademaster:Stability","blademaster:SharpBlades","blademaster:ChargingUp","blademaster:Frenzy","blademaster:ParryingStrike","blademaster:DaggerAndCloak","blademaster:Hailwind","blademaster:ThunderSlash","blademaster:CombatPrep","blademaster:Safeguard","blademaster:Sharpen","blademaster:AirSlash","blademaster:Discharge","blademaster:AwakeningDefend","blademaster:TraverseCut","blademaster:AspectOfLightning","blademaster:AspectOfLightning","blademaster:AspectOfLightning","blademaster:Thrust","blademaster:Safeguard","blademaster:ChargingUp+1","blademaster:LightningCrash","blademaster:AwakeningDefend","blademaster:ThunderingOpener","blademaster:ChargingUp","blademaster:Flurry+1","blademaster:Flurry","blademaster:Stability+1","blademaster:BrainBloom+1","ReplayTheSpireMod:IOU","blademaster:Overcharge+1","ReplayTheSpireMod:IOU","blademaster:AwakeningDefend+1","ReplayTheSpireMod:IOU","Mayhem+1","blademaster:Thrust","blademaster:Blindside+1","ReplayTheSpireMod:IOU","blademaster:AwakeningDefend+1","blademaster:Safeguard+1","blademaster:Flurry","blademaster:UnrelentingWind+1","ReplayTheSpireMod:IOU","blademaster:Cut+1","blademaster:Havoc+1","blademaster:Flurry+1","blademaster:Stability+1","blademaster:Meditate+1","ReplayTheSpireMod:IOU","ReplayTheSpireMod:IOU","ReplayTheSpireMod:IOU","ReplayTheSpireMod:IOU"],"relics":["blademaster:DancersAmulet","Frozen Eye","Replay:Multitool","Divine Protection","Golden Egg","Mirror","Replay:Wax Seal","Oddly Smooth Stone","Pocketwatch","Mummified Hand","Pondfish Scales","Thread and Needle","Regal Pillow","Bag of Marbles","Pen Nib","Replay:WaspNest","StoneCalendar","Snack Pack","Ginger","Art of War","Peace Pipe","Ice Cream","Chameleon Ring","Bottled Lightning","Replay:Bottled Eggs","Boot","MealTicket","InkBottle","Omamori","Tiny House","Vajra","Replay:Rubber Ducky","Membership Card","ReplayTheSpireMod:TigerMarble","Replay:Bandana","ReplayFunnel","Replay:Accelerometer","Nunchaku","Quantum Egg","Girya","Bronze Scales","Pantograph","Guide Book","Replay:Baseball","Happy Flower","Pear"],"acts_visited":["Exordium","TheCity","TheBeyond"],"potions_floor_usage":[50,50],"damage_taken":[{"damage":10.0,"enemies":"2 Louse","floor":1.0,"turns":4.0},{"damage":0.0,"enemies":"Small Slimes","floor":2.0,"turns":3.0},{"damage":1.0,"enemies":"Jaw Worm","floor":4.0,"turns":3.0},{"damage":13.0,"enemies":"Large Slime","floor":5.0,"turns":6.0},{"damage":24.0,"enemies":"Gremlin Nob","floor":6.0,"turns":5.0},{"damage":0.0,"enemies":"Looter","floor":7.0,"turns":1.0},{"damage":0.0,"enemies":"Exordium Wildlife","floor":12.0,"turns":3.0},{"damage":0.0,"enemies":"3 Sentries","floor":13.0,"turns":6.0},{"damage":0.0,"enemies":"Blue Slaver","floor":14.0,"turns":3.0},{"damage":5.0,"enemies":"Slime Boss","floor":16.0,"turns":5.0},{"damage":0.0,"enemies":"Chosen","floor":18.0,"turns":3.0},{"damage":0.0,"enemies":"Shell Parasite","floor":19.0,"turns":3.0},{"damage":9.0,"enemies":"3 Cultists","floor":21.0,"turns":5.0},{"damage":0.0,"enemies":"Chosen and Byrds","floor":22.0,"turns":3.0},{"damage":42.0,"enemies":"Gremlin Leader","floor":23.0,"turns":4.0},{"damage":19.0,"enemies":"Slavers","floor":24.0,"turns":3.0},{"damage":0.0,"enemies":"Cultist and Chosen","floor":27.0,"turns":4.0},{"damage":2.0,"enemies":"Book of Stabbing","floor":29.0,"turns":4.0},{"damage":0.0,"enemies":"Snake Plant","floor":30.0,"turns":2.0},{"damage":10.0,"enemies":"Sentry and Sphere","floor":31.0,"turns":4.0},{"damage":2.0,"enemies":"Collector","floor":33.0,"turns":3.0},{"damage":0.0,"enemies":"3 Shapes","floor":35.0,"turns":5.0},{"damage":4.0,"enemies":"Orb Walker","floor":36.0,"turns":3.0},{"damage":0.0,"enemies":"Jaw Worm Horde","floor":38.0,"turns":4.0},{"damage":16,"enemies":"4 Shapes","floor":39,"turns":3},{"damage":3,"enemies":"Giant Head","floor":40,"turns":6},{"damage":49,"enemies":"Reptomancer","floor":41,"turns":4},{"damage":0,"enemies":"Maw","floor":44,"turns":5},{"damage":0,"enemies":"Transient","floor":45,"turns":5},{"damage":0,"enemies":"Giant Head","floor":48,"turns":5},{"damage":0,"enemies":"Donu and Deca","floor":50,"turns":5}],"seed_played":"4983536792081280781","potions_obtained":[{"floor":4.0,"key":"DuplicationPotion"},{"floor":16.0,"key":"Fire Potion"},{"floor":19.0,"key":"EssenceOfSteel"},{"floor":33.0,"key":"BlessingOfTheForge"},{"floor":39,"key":"ColorlessPotion"}],"is_trial":true,"path_per_floor":["M","M","$","M","M","E","M","R","T","$","$","M","E","M","R","B",null,"M","M","$","M","M","E","E","R","T","M","$","E","M","M","R","B",null,"M","M","$","M","M","E","E","R","T","M","M","$","$","E","R","B",null],"character_chosen":"THE_BLADEMASTER","items_purchased":["blademaster:Flurry","LiquidBronze","blademaster:Stability","blademaster:BrainBloom","Pondfish Scales","Thread and Needle","ColorlessPotion","blademaster:Overcharge","blademaster:AwakeningDefend","Mayhem","Ginger","blademaster:AwakeningDefend","blademaster:Safeguard","Membership Card","ReplayTheSpireMod:TigerMarble","Replay:Bandana","blademaster:Cut","blademaster:Havoc","blademaster:Flurry","blademaster:Stability","Bronze Scales","Pantograph","Guide Book","PowerPotion","Replay:Baseball","Happy Flower","CultistPotion"],"campfire_rested":3,"item_purchase_floors":[3,3,10,10,10,10,10,11,11,11,20,20,20,37,37,37,37,37,37,37,46,46,46,46,47,47,47],"current_hp_per_floor":[54,60,60,68,61,43,49,70,70,70,70,71,71,71,71,71,71,71,71,71,68,71,42,33,69,69,71,71,71,71,67,67,71,76,76,76,76,76,66,76,35,72,72,76,76,76,76,86,86,86],"gold":39,"neow_bonus":"","is_daily":false,"chose_seed":false,"campfire_upgraded":0,"win_rate":0.0,"timestamp":1610569827,"path_taken":["M","M","$","M","M","E","M","R","T","$","$","M","E","M","R","BOSS","M","M","$","M","M","E","E","R","T","M","$","E","M","M","R","BOSS","M","M","$","M","M","E","E","R","T","M","M","$","$","E","R","BOSS"],"items_purchased_type":["Card","Potion","Card","Card","Relic","Relic","Potion","Card","Card","Card","Relic","Card","Card","Relic","Relic","Relic","Card","Card","Card","Card","Relic","Relic","Relic","Potion","Relic","Relic","Potion"],"build_version":"2020-12-22","purchased_purges":1,"victory":true,"max_hp_per_floor":[71,71,71,71,71,71,71,71,71,71,71,71,71,71,71,71,71,71,71,71,71,71,71,71,71,71,71,71,71,71,71,71,71,76,76,76,76,76,76,76,76,76,76,76,76,76,76,86,86,86],"card_choices":[{"not_picked":["blademaster:BladeMastery","blademaster:Hailwind"],"picked":"blademaster:Flurry","floor":6.0},{"not_picked":["blademaster:RollingTyphoon","blademaster:LightningCrash"],"picked":"blademaster:Thrust","floor":13.0},{"not_picked":["blademaster:UnrelentingWind","blademaster:ColdBlood"],"picked":"blademaster:Blindside","floor":16.0},{"not_picked":["blademaster:AirSlash","blademaster:Overcharge+1"],"picked":"blademaster:Flurry","floor":23.0},{"not_picked":["blademaster:Meditate","blademaster:LeechingStrike+1","blademaster:FuriousStrike"],"picked":"SKIP","floor":24.0},{"not_picked":["blademaster:ChargingUp","blademaster:AwakeningStrike","blademaster:AspectOfLightning"],"picked":"SKIP","floor":29.0},{"not_picked":["blademaster:CloudOfSteel","blademaster:ColdBlood"],"picked":"blademaster:UnrelentingWind","floor":33.0},{"not_picked":["blademaster:AwakeningStrike","blademaster:LightningDraw"],"picked":"blademaster:Meditate+1","floor":40},{"not_picked":["blademaster:Bloodbath","blademaster:Frontflip","blademaster:AspectOfWind"],"picked":"SKIP","floor":41},{"not_picked":["blademaster:Meditate+1","blademaster:Slice+1","blademaster:Gust"],"picked":"SKIP","floor":48}],"player_experience":460220,"relics_obtained":[{"floor":1.0,"key":"Divine Protection"},{"floor":1.0,"key":"blademaster:StanceHealPerk"},{"floor":2.0,"key":"Golden Egg"},{"floor":2.0,"key":"blademaster:ComboEveryTurnPerk"},{"floor":4.0,"key":"Mirror"},{"floor":4.0,"key":"blademaster:RandomBladePerk"},{"floor":5.0,"key":"Replay:Wax Seal"},{"floor":5.0,"key":"blademaster:StrongPerk"},{"floor":6.0,"key":"Oddly Smooth Stone"},{"floor":6.0,"key":"blademaster:BleedingMoreDamagePerk"},{"floor":7.0,"key":"Pocketwatch"},{"floor":7.0,"key":"blademaster:OnAttackedChargePerk"},{"floor":9.0,"key":"Mummified Hand"},{"floor":12.0,"key":"Regal Pillow"},{"floor":12.0,"key":"blademaster:RandomStancePerk"},{"floor":13.0,"key":"Bag of Marbles"},{"floor":13.0,"key":"blademaster:BonusFuryPerk"},{"floor":14.0,"key":"Pen Nib"},{"floor":14.0,"key":"blademaster:LightningChargePerk"},{"floor":15.0,"key":"Replay:WaspNest"},{"floor":18.0,"key":"StoneCalendar"},{"floor":18.0,"key":"blademaster:BleedingLaceratePerk"},{"floor":19.0,"key":"Snack Pack"},{"floor":19.0,"key":"blademaster:DextrousPerk"},{"floor":21.0,"key":"Art of War"},{"floor":21.0,"key":"blademaster:BonusComboPerk"},{"floor":22.0,"key":"Peace Pipe"},{"floor":22.0,"key":"blademaster:WindChargePerk"},{"floor":23.0,"key":"Ice Cream"},{"floor":23.0,"key":"blademaster:FuryEveryTurnPerk"},{"floor":24.0,"key":"Chameleon Ring"},{"floor":26.0,"key":"Bottled Lightning"},{"floor":27.0,"key":"Replay:Bottled Eggs"},{"floor":29.0,"key":"Boot"},{"floor":30.0,"key":"MealTicket"},{"floor":31.0,"key":"InkBottle"},{"floor":32.0,"key":"Omamori"},{"floor":35.0,"key":"Vajra"},{"floor":36.0,"key":"Replay:Rubber Ducky"},{"floor":38.0,"key":"ReplayFunnel"},{"floor":40,"key":"Replay:Accelerometer"},{"floor":41,"key":"Nunchaku"},{"floor":43,"key":"Quantum Egg"},{"floor":44,"key":"Girya"},{"floor":48,"key":"Pear"}],"event_choices":[],"is_beta":false,"boss_relics":[{"not_picked":["Kintsugi","Abe\u0027s Treasure","Replay:Drink Me"]},{"not_picked":["Runic Dome","Ring of Chaos"],"picked":"Tiny House"}],"items_purged_floors":[20],"is_endless":false,"potions_floor_spawned":[4,5,14,16,19,24,29,30,33,39,45,48],"ascension_level":14}}