{"host":"b995t17pt6d05w8c","time":1610547546,"event":{"mods":["AchievementEnabler","BaseMod","Colored Map","Minty Spire (QoL Compilation)","SuperFastMode"],"gold_per_floor":[114,132,132,57,57,57,57,57,57,57,80,80,118,143,143,237,237,260,260,132,132,148,98,98,98,98,98,113,113,136,150,150,249,249,264,70,88,38,59,392,418,418,418,418,433,452,452,487,499,511],"floor_reached":51,"language":"KOR","playtime":1463,"items_purged":["Strike_G","Strike_G","Strike_G","Defend_G","Defend_G"],"score":1280,"play_id":"b82657c5-db6f-48a7-910f-e3f8fe8d933b","local_time":"20210113231906","is_ascension_mode":true,"campfire_choices":[{"data":"Neutralize","floor":6.0,"key":"SMITH"},{"data":"Dagger Throw","floor":8.0,"key":"SMITH"},{"data":"Backflip","floor":12.0,"key":"SMITH"},{"data":"Die Die Die","floor":15.0,"key":"SMITH"},{"data":"Malaise","floor":25,"key":"SMITH"},{"data":"Reflex","floor":27,"key":"SMITH"},{"data":"Noxious Fumes","floor":29,"key":"SMITH"},{"data":"Acrobatics","floor":32,"key":"SMITH"},{"data":"Phantasmal Killer","floor":42,"key":"SMITH"},{"data":"Flechettes","floor":44,"key":"SMITH"},{"data":"Survivor","floor":49,"key":"SMITH"}],"circlet_count":0,"master_deck":["AscendersBane","Strike_G","Strike_G","Defend_G","Defend_G","Survivor+1","Neutralize+1","Master of Strategy","Backflip+1","Dagger Throw+1","Die Die Die+1","Noxious Fumes+1","Malaise+1","Reflex+1","Tactician+1","Acrobatics+1","Phantasmal Killer+1","Flechettes+1","Acrobatics+1"],"relics":["Ring of the Snake","Matryoshka","Omamori","Mummified Hand","StrikeDummy","Eternal Feather","InkBottle","Calling Bell","Smiling Mask","Pear","Tingsha","Thread and Needle","Runic Pyramid","TheAbacus","Sundial","MawBank"],"acts_visited":["Exordium","TheCity","TheBeyond"],"potions_floor_usage":[33,50],"damage_taken":[{"damage":5.0,"enemies":"Jaw Worm","floor":1.0,"turns":5.0},{"damage":7.0,"enemies":"Small Slimes","floor":2.0,"turns":5.0},{"damage":0.0,"enemies":"2 Louse","floor":11.0,"turns":3.0},{"damage":12.0,"enemies":"Lagavulin","floor":13.0,"turns":5.0},{"damage":0.0,"enemies":"2 Fungi Beasts","floor":14.0,"turns":3.0},{"damage":15.0,"enemies":"Slime Boss","floor":16.0,"turns":9.0},{"damage":4.0,"enemies":"Spheric Guardian","floor":18.0,"turns":4.0},{"damage":0,"enemies":"Shell Parasite","floor":22,"turns":5},{"damage":5,"enemies":"3 Cultists","floor":28,"turns":5},{"damage":3,"enemies":"Snake Plant","floor":30,"turns":6},{"damage":0,"enemies":"Chosen and Byrds","floor":31,"turns":6},{"damage":3,"enemies":"Champ","floor":33,"turns":12},{"damage":6,"enemies":"3 Shapes","floor":35,"turns":3},{"damage":0,"enemies":"Orb Walker","floor":37,"turns":3},{"damage":0,"enemies":"3 Darklings","floor":39,"turns":3},{"damage":26,"enemies":"Nemesis","floor":41,"turns":9},{"damage":3,"enemies":"4 Shapes","floor":45,"turns":3},{"damage":1,"enemies":"Writhing Mass","floor":46,"turns":4},{"damage":0,"enemies":"Reptomancer","floor":48,"turns":4},{"damage":2,"enemies":"Time Eater","floor":50,"turns":5}],"seed_played":"7267519629190017299","potions_obtained":[{"floor":2.0,"key":"LiquidBronze"},{"floor":14.0,"key":"SkillPotion"},{"floor":22,"key":"SmokeBomb"},{"floor":30,"key":"SkillPotion"},{"floor":31,"key":"PowerPotion"},{"floor":35,"key":"BlessingOfTheForge"},{"floor":37,"key":"CultistPotion"}],"is_trial":false,"path_per_floor":["M","M","?","$","?","R","T","R","T","?","M","R","E","M","R","B",null,"M","?","$","?","M","$","?","R","T","R","M","R","M","M","R","B",null,"M","$","M","$","M","?","E","R","T","R","M","M","?","E","R","B",null],"character_chosen":"THE_SILENT","items_purchased":["Reflex","TheAbacus"],"campfire_rested":0,"item_purchase_floors":[20,36],"current_hp_per_floor":[54,47,36,36,36,36,36,36,36,36,36,42,30,30,39,24,61,57,57,57,57,57,57,57,66,66,70,65,70,67,67,70,67,69,63,63,63,63,63,63,37,46,46,55,52,51,51,51,60,58],"gold":523,"neow_bonus":"RANDOM_COLORLESS_2","is_daily":false,"chose_seed":false,"campfire_upgraded":11,"win_rate":0.0,"timestamp":1610547546,"path_taken":["M","M","?","$","?","R","?","R","T","?","M","R","E","?","R","BOSS","M","?","$","?","M","$","?","R","T","R","M","R","M","M","R","BOSS","M","$","M","$","M","?","E","R","T","R","M","M","?","E","R","BOSS"],"items_purchased_type":["Card","Relic"],"build_version":"2020-12-22","purchased_purges":5,"victory":true,"max_hp_per_floor":[60,60,60,60,60,60,60,60,60,60,60,60,60,60,60,60,70,70,70,70,70,70,70,70,70,70,70,70,70,70,70,70,70,70,70,70,70,70,70,70,70,70,70,70,70,70,70,70,70,70],"card_choices":[{"not_picked":["Secret Technique","Chrysalis"],"picked":"Master of Strategy","floor":0.0},{"not_picked":["Prepared","Outmaneuver"],"picked":"Backflip","floor":1.0},{"not_picked":["Leg Sweep","Deflect","Flying Knee"],"picked":"SKIP","floor":2.0},{"not_picked":["Leg Sweep","Deflect","Flying Knee"],"picked":"SKIP","floor":2.0},{"not_picked":["Quick Slash","Concentrate","Flying Knee"],"picked":"SKIP","floor":11.0},{"not_picked":["Dagger Throw","Bane"],"picked":"Die Die Die","floor":13.0},{"not_picked":["Prepared","Bane"],"picked":"Noxious Fumes","floor":14.0},{"not_picked":["Burst","Die Die Die"],"picked":"Malaise","floor":16.0},{"not_picked":["Blade Dance","Backflip","Bane"],"picked":"SKIP","floor":18.0},{"not_picked":["Backstab","Heel Hook"],"picked":"Tactician","floor":22},{"not_picked":["Concentrate","Reflex","Caltrops+1"],"picked":"SKIP","floor":28},{"not_picked":["Bane","Backflip","Catalyst"],"picked":"SKIP","floor":30},{"not_picked":["Caltrops+1","Catalyst"],"picked":"Acrobatics","floor":31},{"not_picked":["Storm of Steel","Bullet Time"],"picked":"Phantasmal Killer","floor":33},{"not_picked":["Flying Knee","Dodge and Roll"],"picked":"Flechettes","floor":35},{"not_picked":["Dagger Throw","PiercingWail"],"picked":"Acrobatics","floor":37},{"not_picked":["Outmaneuver","Eviscerate","Quick Slash+1"],"picked":"SKIP","floor":39},{"not_picked":["Backflip","Malaise","Deflect"],"picked":"SKIP","floor":41},{"not_picked":["Backflip","Malaise","Deflect"],"picked":"SKIP","floor":41},{"not_picked":["Distraction","Acrobatics","Masterful Stab+1"],"picked":"SKIP","floor":45},{"not_picked":["Setup","Escape Plan","Cloak And Dagger"],"picked":"SKIP","floor":46},{"not_picked":["Quick Slash","Terror","Deflect+1"],"picked":"SKIP","floor":48}],"player_experience":119949,"relics_obtained":[{"floor":7.0,"key":"Omamori"},{"floor":7.0,"key":"Mummified Hand"},{"floor":9.0,"key":"StrikeDummy"},{"floor":9.0,"key":"Eternal Feather"},{"floor":13.0,"key":"InkBottle"},{"floor":17.0,"key":"Smiling Mask"},{"floor":17.0,"key":"Pear"},{"floor":17.0,"key":"Tingsha"},{"floor":26,"key":"Thread and Needle"},{"floor":41,"key":"Sundial"},{"floor":48,"key":"MawBank"}],"event_choices":[{"damage_healed":0.0,"max_hp_gain":0.0,"max_hp_loss":0.0,"gold_gain":0.0,"event_name":"Scrap Ooze","player_choice":"Success","floor":3.0,"gold_loss":0.0,"damage_taken":11.0,"relics_obtained":["Matryoshka"]},{"damage_healed":0.0,"max_hp_gain":0.0,"max_hp_loss":0.0,"gold_gain":0.0,"cards_transformed":["Defend_G"],"event_name":"Living Wall","player_choice":"Change","floor":5.0,"gold_loss":0.0,"damage_taken":0.0,"cards_obtained":["Dagger Throw"]},{"damage_healed":0.0,"max_hp_gain":0.0,"max_hp_loss":0.0,"gold_gain":0.0,"event_name":"Golden Idol","player_choice":"Take Wound","floor":10.0,"gold_loss":0.0,"damage_taken":0.0,"relics_obtained":["Golden Idol"],"cards_obtained":["Injury"]},{"damage_healed":0.0,"max_hp_gain":0.0,"max_hp_loss":0.0,"gold_gain":0.0,"event_name":"Vampires","player_choice":"Ignored","floor":19.0,"gold_loss":0.0,"damage_taken":0.0},{"damage_healed":0,"gold_gain":0,"player_choice":"Ignored","damage_taken":0,"max_hp_gain":0,"max_hp_loss":0,"event_name":"The Mausoleum","floor":21,"gold_loss":0},{"damage_healed":0,"gold_gain":0,"player_choice":"Forge","damage_taken":0,"max_hp_gain":0,"max_hp_loss":0,"event_name":"Accursed Blacksmith","floor":24,"gold_loss":0,"cards_upgraded":["Tactician"]},{"damage_healed":0,"gold_gain":333,"player_choice":"Gave Idol","damage_taken":0,"max_hp_gain":0,"max_hp_loss":0,"event_name":"The Moai Head","floor":40,"relics_lost":["Golden Idol"],"gold_loss":0},{"damage_healed":0,"gold_gain":0,"player_choice":"Upgraded","damage_taken":0,"max_hp_gain":0,"max_hp_loss":0,"event_name":"Upgrade Shrine","floor":47,"gold_loss":0,"cards_upgraded":["Acrobatics"]}],"is_beta":false,"boss_relics":[{"not_picked":["Ring of the Serpent","Velvet Choker"],"picked":"Calling Bell"},{"not_picked":["Black Star","WristBlade"],"picked":"Runic Pyramid"}],"items_purged_floors":[4,20,23,36,38],"is_endless":false,"potions_floor_spawned":[2,14,22,30,31,35,37,45],"ascension_level":15}}