{"host":"dqv8oo4v229c1o2l","time":1610579957,"event":{"mods":["AchievementEnabler","BaseMod","Colored Map","Colored Powertips","Minty Spire (QoL Compilation)","Quick Restart","Rare Cards Sparkle","StSLib","Synergy Search"],"gold_per_floor":[113,67,87,49,62,97,97,122,122,122,48,65,65,78,78,78,78],"floor_reached":16,"language":"ENG","playtime":454,"items_purged":[],"score":143,"play_id":"6bb4a1d6-da24-42ca-9020-93686a3a77c0","local_time":"20210113151917","is_ascension_mode":true,"campfire_choices":[{"data":"Zap","floor":7.0,"key":"SMITH"},{"data":"Dualcast","floor":10.0,"key":"SMITH"},{"data":"Scrape","floor":13.0,"key":"SMITH"},{"floor":15.0,"key":"REST"}],"circlet_count":0,"master_deck":["Strike_B","Strike_B","Strike_B","Strike_B","Defend_B","Defend_B","Defend_B","Defend_B","Zap+1","Dualcast+1","Recycle","Gash","FTL","Gash","Sunder","Scrape+1","FTL"],"relics":["Cracked Core","NeowsBlessing","DataDisk","Letter Opener"],"acts_visited":["Exordium"],"potions_floor_usage":[16],"damage_taken":[{"damage":0.0,"enemies":"Cultist","floor":1.0,"turns":1.0},{"damage":0.0,"enemies":"Small Slimes","floor":3.0,"turns":1.0},{"damage":0.0,"enemies":"Jaw Worm","floor":5.0,"turns":1.0},{"damage":33.0,"enemies":"Gremlin Nob","floor":6.0,"turns":4.0},{"damage":10.0,"enemies":"3 Sentries","floor":8.0,"turns":4.0},{"damage":3.0,"enemies":"Blue Slaver","floor":12.0,"turns":2.0},{"damage":6.0,"enemies":"Exordium Wildlife","floor":14.0,"turns":2.0},{"damage":43,"enemies":"The Guardian","floor":16,"turns":6}],"seed_played":"3472700819617344130","potions_obtained":[{"floor":1.0,"key":"PowerPotion"},{"floor":5.0,"key":"EssenceOfDarkness"},{"floor":12.0,"key":"DuplicationPotion"}],"is_trial":false,"path_per_floor":["M","$","M","$","M","E","R","E","T","R","$","M","R","M","R","B"],"character_chosen":"DEFECT","items_purchased":["Gash","FTL","Scrape"],"campfire_rested":1,"item_purchase_floors":[2,4,11],"current_hp_per_floor":[68,68,68,68,68,35,35,25,25,25,25,22,22,16,38,0,0],"gold":78,"neow_bonus":"THREE_ENEMY_KILL","is_daily":false,"chose_seed":false,"campfire_upgraded":3,"win_rate":0.0,"timestamp":1610579957,"path_taken":["M","?","?","$","M","E","R","E","T","R","?","M","R","M","R","BOSS"],"items_purchased_type":["Card","Card","Card"],"build_version":"2020-12-22","purchased_purges":0,"victory":false,"max_hp_per_floor":[75,75,75,75,75,75,75,75,75,75,75,75,75,75,75,75,75],"card_choices":[{"not_picked":["Force Field","Rebound"],"picked":"Recycle","floor":1.0},{"not_picked":["Aggregate","Blizzard","Barrage"],"picked":"SKIP","floor":3.0},{"not_picked":["Glacier","Tempest"],"picked":"Gash","floor":5.0},{"not_picked":["Redo","Leap"],"picked":"Sunder","floor":6.0},{"not_picked":["Recycle","Redo","Auto Shields"],"picked":"SKIP","floor":8.0},{"not_picked":["Tempest","Compile Driver"],"picked":"FTL","floor":12.0},{"not_picked":["Loop","Sweeping Beam","Creative AI"],"picked":"SKIP","floor":14.0}],"player_experience":272515,"relics_obtained":[{"floor":6.0,"key":"DataDisk"},{"floor":8.0,"key":"Letter Opener"}],"event_choices":[],"is_beta":false,"boss_relics":[],"items_purged_floors":[],"is_endless":false,"potions_floor_spawned":[1,5,12],"killed_by":"The Guardian","ascension_level":6}}