{"host":"daa8jqyg4gqfaysm","time":1610561145,"event":{"mods":["BaseMod","Colored Powertips","Minty Spire (QoL Compilation)","StSLib"],"gold_per_floor":[115,127,147,161,176,176,186,203,203,232,232,259,259,83,83,180,180,198,198,218,118,130,130,162,172,172,185,31,62,62,81,81,185,185,196,213,229,78,95,95,124,124,173,173,173,205,223,223,223,223,223,223,16,50,50,50],"floor_reached":55,"language":"ENG","playtime":2466,"items_purged":["Strike_B","Strike_B","Injury"],"score":806,"play_id":"e5b498a3-7ce7-4378-9ed0-20725d906415","local_time":"20210114020545","is_ascension_mode":false,"campfire_choices":[{"data":"Chaos","floor":6,"key":"SMITH"},{"floor":11,"key":"REST"},{"data":"Consume","floor":13,"key":"SMITH"},{"data":"Loop","floor":15,"key":"SMITH"},{"data":"Coolheaded","floor":23,"key":"SMITH"},{"data":"Loop","floor":30,"key":"SMITH"},{"data":"Biased Cognition","floor":32,"key":"SMITH"},{"data":"Chill","floor":40,"key":"SMITH"},{"floor":42,"key":"REST"},{"floor":44,"key":"RECALL"},{"data":"Electrodynamics","floor":49,"key":"SMITH"},{"data":"Barrage","floor":52,"key":"SMITH"}],"circlet_count":0,"master_deck":["Strike_B+1","Defend_B","Defend_B","Defend_B","Defend_B","Zap","Dualcast","Sweeping Beam","Consume+1","Loop+1","Self Repair","Chaos+1","Leap","Barrage+1","Core Surge+1","Conserve Battery","Coolheaded+1","Ball Lightning","Biased Cognition+1","Cold Snap","Cold Snap","Chill+1","Clumsy","Loop+1","Compile Driver","Redo+1","Barrage+1","Electrodynamics+1","Coolheaded+1","Steam Power","Steam Power+1"],"relics":["Inserter","Akabeko","Gremlin Horn","Whetstone","Cursed Key","Centennial Puzzle","Orrery","Pear","Velvet Choker","Bag of Preparation","Happy Flower","Boot","Kunai","Strawberry"],"acts_visited":["Exordium","TheCity","TheBeyond","TheEnding"],"potions_floor_usage":[4,7,25,55,55,55],"damage_taken":[{"damage":1,"enemies":"Cultist","floor":1,"turns":4},{"damage":1,"enemies":"Jaw Worm","floor":2,"turns":4},{"damage":6,"enemies":"2 Louse","floor":3,"turns":3},{"damage":12,"enemies":"Gremlin Gang","floor":4,"turns":4},{"damage":19,"enemies":"2 Fungi Beasts","floor":5,"turns":4},{"damage":10,"enemies":"Lots of Slimes","floor":7,"turns":2},{"damage":6,"enemies":"Large Slime","floor":8,"turns":4},{"damage":29,"enemies":"Gremlin Nob","floor":10,"turns":5},{"damage":21,"enemies":"3 Sentries","floor":12,"turns":7},{"damage":8,"enemies":"The Guardian","floor":16,"turns":6},{"damage":25,"enemies":"3 Byrds","floor":18,"turns":4},{"damage":2,"enemies":"Shell Parasite","floor":20,"turns":5},{"damage":15,"enemies":"Chosen and Byrds","floor":22,"turns":5},{"damage":0,"enemies":"Gremlin Leader","floor":24,"turns":8},{"damage":0,"enemies":"3 Cultists","floor":25,"turns":8},{"damage":9,"enemies":"Snake Plant","floor":27,"turns":7},{"damage":10,"enemies":"Book of Stabbing","floor":29,"turns":5},{"damage":3,"enemies":"Chosen and Byrds","floor":31,"turns":7},{"damage":19,"enemies":"Collector","floor":33,"turns":12},{"damage":4,"enemies":"Orb Walker","floor":35,"turns":4},{"damage":11,"enemies":"3 Shapes","floor":36,"turns":5},{"damage":8,"enemies":"Writhing Mass","floor":37,"turns":13},{"damage":10,"enemies":"Spire Growth","floor":39,"turns":5},{"damage":38,"enemies":"Reptomancer","floor":41,"turns":6},{"damage":11,"enemies":"Giant Head","floor":46,"turns":14},{"damage":0,"enemies":"Jaw Worm Horde","floor":47,"turns":3},{"damage":7,"enemies":"Awakened One","floor":50,"turns":22},{"damage":30,"enemies":"Shield and Spear","floor":54,"turns":5},{"damage":51,"enemies":"The Heart","floor":55,"turns":12}],"seed_played":"-741115125038285784","potions_obtained":[{"floor":3,"key":"FearPotion"},{"floor":4,"key":"Explosive Potion"},{"floor":5,"key":"Strength Potion"},{"floor":16,"key":"BlessingOfTheForge"},{"floor":22,"key":"ColorlessPotion"},{"floor":33,"key":"Dexterity Potion"},{"floor":54,"key":"EssenceOfDarkness"}],"is_trial":false,"path_per_floor":["M","M","M","M","M","R","M","M","T","E","R","E","R","$","R","B",null,"M","?","M","$","M","R","E","M","T","M","$","E","R","M","R","B",null,"M","M","M","$","M","R","E","R","T","R","?","E","M","?","R","B",null,"R","$","E","B"],"character_chosen":"DEFECT","items_purchased":["Coolheaded","Ball Lightning","Orrery","Bag of Preparation","Steam Power"],"campfire_rested":2,"item_purchase_floors":[14,14,28,38,53],"current_hp_per_floor":[74,73,67,55,43,43,40,41,41,19,41,20,20,20,20,19,75,50,50,55,55,47,47,54,61,61,59,59,66,66,70,70,58,85,85,81,80,80,77,77,46,71,71,71,71,67,74,74,74,74,85,85,85,62,11,11],"gold":50,"neow_bonus":"BOSS_RELIC","is_daily":false,"chose_seed":false,"campfire_upgraded":9,"win_rate":0.0,"timestamp":1610561145,"path_taken":["M","M","M","M","M","R","?","M","T","E","R","E","R","$","R","BOSS","M","?","M","$","M","R","E","M","T","M","$","E","R","?","R","BOSS","M","M","M","$","M","R","E","R","T","R","?","E","?","?","R","BOSS","R","$","E","BOSS"],"items_purchased_type":["Card","Card","Relic","Relic","Card"],"build_version":"2020-12-22","purchased_purges":3,"victory":false,"max_hp_per_floor":[75,75,75,75,75,75,75,75,75,75,75,75,75,75,75,75,75,75,75,75,75,75,75,75,75,75,75,75,85,85,85,85,85,85,85,85,85,85,85,85,85,85,85,85,85,85,85,85,85,85,85,85,85,92,92,92],"card_choices":[{"not_picked":["Gash","Sunder"],"picked":"Sweeping Beam","floor":1},{"not_picked":["Chill","Redo"],"picked":"Consume","floor":2},{"not_picked":["Hello World","Beam Cell"],"picked":"Loop","floor":3},{"not_picked":["Turbo","Rebound"],"picked":"Self Repair","floor":4},{"not_picked":["Barrage","Multi-Cast"],"picked":"Chaos","floor":5},{"not_picked":["Turbo","Hologram"],"picked":"Leap","floor":7},{"not_picked":["Redo","Turbo"],"picked":"Barrage","floor":8},{"not_picked":["Leap","Undo"],"picked":"Core Surge","floor":10},{"not_picked":["White Noise","Reinforced Body"],"picked":"Conserve Battery","floor":12},{"not_picked":["Echo Form","Hyperbeam"],"picked":"Biased Cognition","floor":16},{"not_picked":["Genetic Algorithm+1","Consume"],"picked":"Cold Snap","floor":18},{"not_picked":["Turbo","Ball Lightning"],"picked":"Cold Snap","floor":20},{"not_picked":["Hologram","Steam+1","Redo"],"picked":"SKIP","floor":22},{"not_picked":["BootSequence+1","Hologram"],"picked":"Chill","floor":24},{"not_picked":["Hologram","Rebound","Fusion"],"picked":"SKIP","floor":25},{"not_picked":["Barrage","Hologram","Conserve Battery"],"picked":"SKIP","floor":27},{"not_picked":["All For One","Tempest"],"picked":"Loop","floor":28},{"not_picked":["Doom and Gloom","Force Field"],"picked":"Compile Driver","floor":28},{"not_picked":["Streamline","Steam+1"],"picked":"Redo+1","floor":28},{"not_picked":["Redo","Leap"],"picked":"Barrage+1","floor":28},{"not_picked":["Steam","Rebound+1","BootSequence"],"picked":"SKIP","floor":29},{"not_picked":["Double Energy","Rebound","Stack"],"picked":"SKIP","floor":31},{"not_picked":["Hyperbeam","Reboot"],"picked":"Electrodynamics","floor":33},{"not_picked":["Leap+1","White Noise+1","Cold Snap+1"],"picked":"SKIP","floor":35},{"not_picked":["Beam Cell","Conserve Battery","Rebound"],"picked":"SKIP","floor":36},{"not_picked":["Go for the Eyes","Darkness","Storm+1"],"picked":"SKIP","floor":37},{"not_picked":["Tempest","Turbo","Self Repair+1"],"picked":"SKIP","floor":39},{"not_picked":["Beam Cell","Multi-Cast","Gash"],"picked":"SKIP","floor":41},{"not_picked":["Sweeping Beam","Conserve Battery","Barrage"],"picked":"SKIP","floor":46},{"not_picked":["Force Field","Streamline+1","Ball Lightning"],"picked":"SKIP","floor":47},{"not_picked":["Turbo","Ball Lightning+1"],"picked":"Steam Power+1","floor":54}],"player_experience":817203,"relics_obtained":[{"floor":9,"key":"Akabeko"},{"floor":10,"key":"Gremlin Horn"},{"floor":12,"key":"Whetstone"},{"floor":24,"key":"Centennial Puzzle"},{"floor":29,"key":"Pear"},{"floor":41,"key":"Happy Flower"},{"floor":43,"key":"Boot"},{"floor":46,"key":"Kunai"},{"floor":54,"key":"Strawberry"}],"event_choices":[{"cards_removed":["Strike_B"],"damage_healed":0,"gold_gain":0,"player_choice":"Purged","damage_taken":0,"max_hp_gain":0,"max_hp_loss":0,"event_name":"Purifier","floor":19,"gold_loss":0},{"damage_healed":0,"gold_gain":0,"player_choice":"Copied","damage_taken":0,"max_hp_gain":0,"max_hp_loss":0,"event_name":"Duplicator","floor":45,"gold_loss":0,"cards_obtained":["Coolheaded"]},{"damage_healed":0,"gold_gain":0,"player_choice":"Ignored","damage_taken":0,"max_hp_gain":0,"max_hp_loss":0,"event_name":"SecretPortal","floor":48,"gold_loss":0}],"is_beta":false,"boss_relics":[{"not_picked":["Empty Cage","Fusion Hammer"],"picked":"Cursed Key"},{"not_picked":["Snecko Eye","Philosopher\u0027s Stone"],"picked":"Velvet Choker"}],"items_purged_floors":[14,21,53],"is_endless":false,"potions_floor_spawned":[3,4,5,16,22,24,33,39,46,54],"killed_by":"The Heart","ascension_level":0}}