{"host":"01gbg40krdpein5y","time":1610528601,"event":{"mods":["BaseMod","BetterRewards","Minty Spire (QoL Compilation)","Permanent Neow","SuperFastMode","Transform Curses"],"gold_per_floor":[116,131,131,148,159,159,177,192,241,269,299,299,299],"floor_reached":12,"language":"ENG","playtime":683,"items_purged":[],"score":82,"play_id":"77851ba2-b682-4d4e-8d52-136ea0d7568a","local_time":"20210113010321","is_ascension_mode":false,"campfire_choices":[{"data":"Amplify","floor":6,"key":"SMITH"}],"circlet_count":0,"master_deck":["Strike_B","Strike_B","Strike_B","Strike_B","Defend_B","Defend_B","Defend_B","Zap","Dualcast","Self Repair","Leap","Defragment","Amplify+1","Genetic Algorithm","Meteor Strike"],"relics":["Cracked Core","Omamori","Singing Bowl","Strange Spoon","Nunchaku","Letter Opener","Odd Mushroom"],"acts_visited":["Exordium"],"potions_floor_usage":[10,10],"damage_taken":[{"damage":0,"enemies":"Cultist","floor":1,"turns":3},{"damage":0,"enemies":"Small Slimes","floor":2,"turns":2},{"damage":1,"enemies":"Jaw Worm","floor":4,"turns":4},{"damage":12,"enemies":"Blue Slaver","floor":5,"turns":4},{"damage":5,"enemies":"2 Fungi Beasts","floor":7,"turns":4},{"damage":13,"enemies":"Looter","floor":8,"turns":4},{"damage":38,"enemies":"3 Sentries","floor":10,"turns":7},{"damage":30,"enemies":"The Mushroom Lair","floor":11,"turns":5},{"damage":39,"enemies":"Lagavulin","floor":12,"turns":7}],"seed_played":"6570181919282722903","potions_obtained":[{"floor":1,"key":"Explosive Potion"},{"floor":2,"key":"DistilledChaos"}],"is_trial":false,"path_per_floor":["M","M","?","M","M","R","M","M","T","E","?","E"],"character_chosen":"DEFECT","items_purchased":["Self Repair","Omamori","Leap","Strange Spoon"],"campfire_rested":0,"item_purchase_floors":[0,0,0,0],"current_hp_per_floor":[69,69,69,77,72,72,81,75,75,53,30,0,0],"gold":299,"neow_bonus":"","is_daily":false,"chose_seed":false,"campfire_upgraded":1,"win_rate":0.0,"timestamp":1610528601,"path_taken":["M","M","?","M","M","R","M","?","T","E","?","E"],"items_purchased_type":["Card","Relic","Card","Relic"],"build_version":"2020-12-22","purchased_purges":0,"victory":false,"max_hp_per_floor":[77,77,77,79,79,79,81,81,81,83,83,83,83],"card_choices":[{"not_picked":["Sweeping Beam","Beam Cell","Hologram"],"picked":"Singing Bowl","floor":1},{"not_picked":["Beam Cell","Streamline"],"picked":"Defragment","floor":2},{"not_picked":["Turbo","Beam Cell","Hologram"],"picked":"Singing Bowl","floor":4},{"not_picked":["Go for the Eyes","Aggregate"],"picked":"Amplify","floor":5},{"not_picked":["Go for the Eyes","Gash","Beam Cell"],"picked":"Singing Bowl","floor":7},{"not_picked":["Chaos","Conserve Battery"],"picked":"Genetic Algorithm","floor":8},{"not_picked":["Go for the Eyes","Redo","Streamline"],"picked":"Singing Bowl","floor":10},{"not_picked":["Steam","Steam Power"],"picked":"Meteor Strike","floor":11}],"player_experience":312839,"relics_obtained":[{"floor":9,"key":"Nunchaku"},{"floor":10,"key":"Letter Opener"},{"floor":11,"key":"Odd Mushroom"}],"event_choices":[{"cards_removed":["Defend_B"],"damage_healed":0,"gold_gain":0,"player_choice":"Purged","damage_taken":0,"max_hp_gain":0,"max_hp_loss":0,"event_name":"Purifier","floor":3,"gold_loss":0},{"damage_healed":0,"gold_gain":0,"player_choice":"Fought Mushrooms","damage_taken":0,"max_hp_gain":0,"max_hp_loss":0,"event_name":"Mushrooms","floor":11,"gold_loss":0}],"is_beta":false,"boss_relics":[],"items_purged_floors":[],"is_endless":false,"potions_floor_spawned":[1,2],"killed_by":"Lagavulin","ascension_level":0}}