{"host":"tnu4ypcvorrhmtm6","time":1610566758,"event":{"mods":["ATMod(°¢èªMod)","BaseMod","Conspire","GungeonMod","Minty Spire (QoL Compilation)","MostiFishMod","Replay The Spire","RumiaBox-Â¶Ã×æ«µÄÉñÃØºÐ×Ó","StSLib","TestMod","The Gatherer","[IsaacMod]ÒÔÈö¼âËþ","vexMod","¡¾¹¦ÄÜMod¡¿»ìãçÖ®»·ÐÞ¸´²¹¶¡","¡¾ÒÅÎï¿¨ÅÆ¡¿REMEMod"],"gold_per_floor":[114,39,39,39,4,31,31,356,356,356,756,770,805,835,835,934,934,947,957,463,3,23,23,49,66,66,116,41,57,57,92,92,195,195,215,230,230,246,44,44,44,75,75,89,89,89,101,127,127,127],"floor_reached":51,"language":"ZHS","playtime":1088,"items_purged":["Defend_R","Defend_R","Defend_R","Strike_R","DemoMod:SniperShot"],"score":1334,"play_id":"58affaad-6ed0-457b-85f4-19ebc4049244","local_time":"20210114033918","is_ascension_mode":true,"campfire_choices":[{"floor":7,"key":"RECALL"},{"data":"REME_HeartOfCthun","floor":10,"key":"SMITH"},{"data":"Gatherer:HeartToFruit","floor":15,"key":"SMITH"},{"data":"AT_PowerWithin","floor":23,"key":"SMITH"},{"data":"Offering","floor":30,"key":"SMITH"},{"data":"testmod-PainDetonator","floor":32,"key":"SMITH"},{"data":"AT_IchimonjiDouble","floor":40,"key":"SMITH"}],"circlet_count":0,"master_deck":["AT_PowerWithin+1","REME_HeartOfCthun+1","AT_IchimonjiDouble+1","DemoMod:Casey","Gatherer:HeartToFruit+1","Offering+1","testmod-PainDetonator+1","CurseOfTheBell","Replay:Undeath\u0027s Touch+1","DemoMod:ThirdPartyController+1","MostiFishMod:NewArrival+1","MostiFishMod:HellRitual","Reaper","MostiFishMod:404NotFound","MostiFishMod:Mania","Gatherer:ScrollOfPurity"],"relics":["Burning Blood","testmod-TestBox","REME_ComplimentaryCards","AT_ATBox","HushsDoor","Leech","BirthdayGift-Tetrahedron","testmod-Alchemist","SynthV:TestCard","BelialBook","Gremlin Food","Old Coin","Smiling Mask","Odd Mushroom","testmod-Recursion","DemoMod:Antibody","DemoMod:MeatBun","testmod-HeartOfStrike","Pet Ghost","Simple Rune","AT_SilvercatRing","testmod-IndustrialRevolution","DemoMod:GlassGuonStoneRelic","Strawberry","Calling Bell","DemoMod:NanoMachines","Quantum Egg","Happy Flower","Regal Pillow","Blood Vial","AT_RedNoBalance","SumBook","HornCleat"],"acts_visited":["Exordium","TheCity","TheBeyond"],"potions_floor_usage":[19,31,36,49,50,50,50,50],"damage_taken":[{"damage":0,"enemies":"2 Louse","floor":1,"turns":1},{"damage":5,"enemies":"Gremlin Nob","floor":6,"turns":2},{"damage":4,"enemies":"3 Sentries","floor":8,"turns":2},{"damage":3,"enemies":"Cultist","floor":12,"turns":1},{"damage":3,"enemies":"Gremlin Nob","floor":13,"turns":1},{"damage":2,"enemies":"The Mushroom Lair","floor":14,"turns":2},{"damage":33,"enemies":"Hexaghost","floor":16,"turns":3},{"damage":8,"enemies":"Shell Parasite","floor":18,"turns":1},{"damage":8,"enemies":"2 Thieves","floor":19,"turns":1},{"damage":9,"enemies":"Shelled Parasite and Fungi","floor":22,"turns":1},{"damage":8,"enemies":"Slavers","floor":24,"turns":1},{"damage":10,"enemies":"Chosen and Byrds","floor":25,"turns":2},{"damage":1,"enemies":"Hiden Room Battle","floor":27,"turns":1},{"damage":10,"enemies":"Snecko","floor":29,"turns":1},{"damage":11,"enemies":"Book of Stabbing","floor":31,"turns":1},{"damage":14,"enemies":"Automaton","floor":33,"turns":2},{"damage":0,"enemies":"3 Darklings","floor":35,"turns":1},{"damage":0,"enemies":"Orb Walker","floor":36,"turns":1},{"damage":1,"enemies":"4 Shapes","floor":38,"turns":1},{"damage":11,"enemies":"R_Hoarder","floor":42,"turns":1},{"damage":13,"enemies":"Maw","floor":44,"turns":2},{"damage":7,"enemies":"Sphere and 2 Shapes","floor":47,"turns":1},{"damage":8,"enemies":"Reptomancer","floor":48,"turns":2},{"damage":16,"enemies":"Time Eater","floor":50,"turns":2}],"seed_played":"452199716272037551","potions_obtained":[{"floor":12,"key":"Explosive Potion"},{"floor":13,"key":"Weak Potion"},{"floor":19,"key":"REME_GoldPotion"},{"floor":24,"key":"Fire Potion"},{"floor":25,"key":"AttackPotion"},{"floor":31,"key":"REME_GoldPotion"},{"floor":35,"key":"DistilledChaos"},{"floor":49,"key":"testmod-SpacePotion"},{"floor":49,"key":"LiquidMemories"}],"is_trial":false,"path_per_floor":["M","$","?","$","?","E","R","E","T","R","?","M","E","?","R","B",null,"M","M","$","$","M","R","E","M","T","?","?","M","R","E","R","B",null,"M","M","?","M","$","R","T","E","T","M","?","?","M","E","R","B",null],"character_chosen":"IRONCLAD","items_purchased":["DemoMod:Antibody","DemoMod:MeatBun","testmod-HeartOfStrike","testmod-PainDetonator","DemoMod:WeirdEgg"],"campfire_rested":0,"item_purchase_floors":[20,20,21,21,39],"current_hp_per_floor":[72,72,57,57,72,72,72,72,72,72,72,72,72,72,72,46,72,71,69,72,72,73,73,71,72,72,62,62,72,72,85,85,89,94,94,94,94,94,94,94,94,89,89,44,94,94,51,85,85,91],"gold":127,"neow_bonus":"RANDOM_COLORLESS_2","is_daily":false,"chose_seed":false,"campfire_upgraded":6,"win_rate":0.0,"timestamp":1610566758,"path_taken":["M","$","?","$","?","E","R","E","T","R","?","?","E","?","R","BOSS","M","?","?","$","M","R","E","?","T","?","?","M","R","E","R","BOSS","M","?","?","?","$","R","?","E","T","?","?","?","M","E","R","BOSS"],"items_purchased_type":["Relic","Relic","Relic","Card","Relic"],"build_version":"2020-12-22","purchased_purges":5,"victory":true,"max_hp_per_floor":[72,72,72,72,72,72,72,72,72,72,72,72,72,72,72,72,72,72,72,72,72,76,76,76,80,80,80,80,84,84,95,95,99,94,94,94,94,94,94,94,94,94,94,94,94,94,94,94,94,98],"card_choices":[{"not_picked":[],"picked":"Bomb","floor":0},{"not_picked":["REME_MawOfCthun","testmod-EternalityOfKhronos"],"picked":"REME_HeartOfCthun","floor":0},{"not_picked":["Gatherer:SaveValuables","Gatherer:TreeGrowth","Blood for Blood"],"picked":"SKIP","floor":1},{"not_picked":["Gatherer:Uplift","ReplayTheSpireMod:Corrosion Curse","Wild Strike","Bomb"],"picked":"AT_IchimonjiDouble","floor":6},{"not_picked":["Flame Barrier","DemoMod:HardPowerCard","Clash","Gatherer:AcidicSpray","True Grit"],"picked":"SKIP","floor":8},{"not_picked":["Gatherer:FeelingFine","DemoMod:DoubleSwitch","DemoMod:MachoBrace","Flex"],"picked":"DemoMod:Casey","floor":12},{"not_picked":["ReplayReversal","Perfected Strike","Body Slam","Gatherer:BalancedGrowth"],"picked":"Gatherer:HeartToFruit","floor":13},{"not_picked":["DemoMod:DarkMarker","Gatherer:PoisonMastery","MostiFishMod:PerfectStrikeMKII","Double Tap"],"picked":"Offering","floor":16},{"not_picked":["Gatherer:Convert","DemoMod:MachoBrace","Gatherer:AcidicSpray","Combust","DemoMod:RadGun+1"],"picked":"SKIP","floor":18},{"not_picked":["DemoMod:SAA","Clash","Gatherer:RecipeChange","Gatherer:EchoOfNature+1","Gatherer:FlowerPower"],"picked":"SKIP","floor":19},{"not_picked":["Run Through+1","Ghostly Armor","Demon Form","Gatherer:TreeGrowth","Gatherer:FlowerShield"],"picked":"SKIP","floor":22},{"not_picked":["Gatherer:OddSpoils+1","DemoMod:CombinedRifle+1","MostiFishMod:RacingGame","Gatherer:SaveValuables","DemoMod:PotionOfGunFriendShip"],"picked":"SKIP","floor":24},{"not_picked":["DemoMod:AC15","Wild Strike+1","DemoMod:HungryBullets+1","Shrug It Off","Gatherer:PotentialSlash"],"picked":"SKIP","floor":25},{"not_picked":["Gatherer:Misfortune","Flame Barrier","DemoMod:ZorGun","DemoMod:FortunesFavor","ReplayTheSpireMod:Strike From Hell"],"picked":"SKIP","floor":29},{"not_picked":["Gatherer:Uplift","REME_SingleHolding+1","Flex","Thunderclap","Ghostly Armor"],"picked":"SKIP","floor":31},{"not_picked":["Gatherer:WoolGloves+1","Gatherer:ScherryThrow+1","DemoMod:Unity+1","DemoMod:Casey","Wild Strike"],"picked":"SKIP","floor":35},{"not_picked":["Gatherer:ScherryThrow+1","Gatherer:RottenStipe+1","DemoMod:FinishedGun","Gatherer:FlowerFalling+1"],"picked":"Replay:Undeath\u0027s Touch+1","floor":36},{"not_picked":["DemoMod:HungryBullets","Havoc+1","Gatherer:GatherMaterial","Twin Strike+1","DemoMod:Eureka"],"picked":"SKIP","floor":38},{"not_picked":["Clash","DemoMod:StickyCrossBow+1","Double Tap","DemoMod:ChanceBullets","DemoMod:HighKaliber+1"],"picked":"SKIP","floor":42},{"not_picked":["DemoMod:Unmoved","DemoMod:Ejector+1","Heavy Blade","Anger+1","AT_IchimonjiDouble"],"picked":"SKIP","floor":44},{"not_picked":["Madness","REME_FirmDetermination","Forethought","testmod-ConditionedReflex"],"picked":"ChaosCard","floor":46},{"not_picked":["Gatherer:WoolGloves","Gatherer:Frenzy+1","Flex+1","AT_ManFootWork+1","Body Slam+1"],"picked":"SKIP","floor":47},{"not_picked":["Gatherer:ScrollOfPurity","Gatherer:SealedBomb+1","Wild Strike","Combust+1","Spot Weakness+1"],"picked":"SKIP","floor":48}],"player_experience":35347,"relics_obtained":[{"floor":1,"key":"SynthV:TestCard"},{"floor":6,"key":"Gremlin Food"},{"floor":8,"key":"Old Coin"},{"floor":13,"key":"Smiling Mask"},{"floor":14,"key":"Odd Mushroom"},{"floor":24,"key":"Pet Ghost"},{"floor":26,"key":"Simple Rune"},{"floor":27,"key":"AT_SilvercatRing"},{"floor":27,"key":"testmod-IndustrialRevolution"},{"floor":31,"key":"Strawberry"},{"floor":34,"key":"DemoMod:NanoMachines"},{"floor":34,"key":"Quantum Egg"},{"floor":34,"key":"Happy Flower"},{"floor":41,"key":"Blood Vial"},{"floor":42,"key":"AT_SilverBalance"},{"floor":43,"key":"SumBook"},{"floor":48,"key":"HornCleat"}],"event_choices":[{"damage_healed":18,"gold_gain":0,"player_choice":"Healed","damage_taken":0,"max_hp_gain":0,"max_hp_loss":0,"event_name":"The Cleric","floor":5,"gold_loss":35},{"damage_healed":0,"gold_gain":400,"player_choice":"Sell","damage_taken":0,"max_hp_gain":0,"max_hp_loss":0,"event_name":"¶÷ÂåË¹µÄÅÌ×Ó","floor":11,"relics_lost":["DaveBox"],"gold_loss":0},{"damage_healed":0,"gold_gain":0,"player_choice":"Fought Mushrooms","damage_taken":0,"max_hp_gain":0,"max_hp_loss":0,"event_name":"Mushrooms","floor":14,"gold_loss":0},{"damage_healed":0,"gold_gain":0,"player_choice":"Fight","damage_taken":0,"max_hp_gain":0,"max_hp_loss":0,"event_name":"HidenRoomEvent","floor":27,"gold_loss":0},{"damage_healed":0,"gold_gain":0,"player_choice":"1 cards matched","damage_taken":0,"max_hp_gain":0,"max_hp_loss":0,"event_name":"Match and Keep!","floor":37,"gold_loss":0,"cards_obtained":["DemoMod:SniperShot"]},{"damage_healed":50,"gold_gain":0,"player_choice":"Full Heal","damage_taken":0,"max_hp_gain":0,"max_hp_loss":0,"event_name":"Wheel of Change","floor":45,"gold_loss":0},{"damage_healed":0,"gold_gain":0,"player_choice":"Memory 1","damage_taken":0,"max_hp_gain":0,"max_hp_loss":0,"event_name":"SensoryStone","floor":46,"gold_loss":0}],"is_beta":false,"boss_relics":[{"not_picked":["MoonlightInvasionPlan","Kintsugi"],"picked":"testmod-Recursion"},{"not_picked":[]},{"not_picked":["NightmareShop","FixedStarFall"],"picked":"Calling Bell"},{"not_picked":[]}],"items_purged_floors":[2,20,21,34,39],"is_endless":false,"potions_floor_spawned":[12,13,19,24,25,29,31,35],"ascension_level":1}}