{"host":"03a85bwj0a5skoit","time":1610536044,"event":{"mods":["BaseMod","Block Reminder","Minty Spire (QoL Compilation)","Relic Stats","StSLib"],"gold_per_floor":[109,109,123,198,14,44,54,54,80,115,115,115,115],"floor_reached":12,"language":"ENG","playtime":274,"items_purged":["Regret"],"score":222,"play_id":"3e8b7c49-3cad-4216-827f-0566c914ac51","local_time":"20210113213724","is_ascension_mode":true,"campfire_choices":[{"data":"Brutality","floor":8,"key":"SMITH"}],"circlet_count":0,"master_deck":["AscendersBane","Strike_R","Strike_R","Strike_R","Strike_R","Strike_R","Defend_R","Defend_R","Defend_R","Defend_R","Bash","Uppercut","Pommel Strike","Feel No Pain","Cleave","True Grit","Brutality+1","Pummel"],"relics":["Burning Blood","NeowsBlessing","Juzu Bracelet","Self Forming Clay","Dream Catcher","White Beast Statue","Potion Belt"],"acts_visited":["Exordium"],"potions_floor_usage":[10,12],"damage_taken":[{"damage":0,"enemies":"Small Slimes","floor":1,"turns":1},{"damage":0,"enemies":"2 Louse","floor":3,"turns":1},{"damage":0,"enemies":"Lagavulin","floor":6,"turns":1},{"damage":7,"enemies":"Jaw Worm","floor":7,"turns":3},{"damage":19,"enemies":"3 Sentries","floor":10,"turns":8},{"damage":43,"enemies":"Gremlin Nob","floor":12,"turns":4}],"seed_played":"8551417872324849590","potions_obtained":[{"floor":6,"key":"PowerPotion"},{"floor":7,"key":"SteroidPotion"}],"is_trial":false,"path_per_floor":["M","?","M","?","$","E","M","R","T","E","?","E"],"character_chosen":"IRONCLAD","items_purchased":["Feel No Pain","Cleave"],"campfire_rested":0,"item_purchase_floors":[5,5],"current_hp_per_floor":[74,74,75,64,64,70,69,69,69,56,30,0,0],"gold":115,"neow_bonus":"THREE_ENEMY_KILL","is_daily":false,"chose_seed":false,"campfire_upgraded":1,"win_rate":0.0,"timestamp":1610536044,"path_taken":["M","?","M","?","?","E","M","R","T","E","?","E"],"items_purchased_type":["Card","Card"],"build_version":"2020-12-22","purchased_purges":1,"victory":false,"max_hp_per_floor":[75,75,75,75,75,75,75,75,75,75,75,75,75],"relic_stats":{"Dream Catcher":0,"counters":[6,18],"Self Forming Clay":[36],"Juzu Bracelet":0,"obtain_stats":[{"Potion Belt":11,"Dream Catcher":9,"NeowsBlessing":0,"Self Forming Clay":6,"Juzu Bracelet":2,"Burning Blood":0,"White Beast Statue":10},{"Potion Belt":5,"Dream Catcher":4,"NeowsBlessing":0,"Self Forming Clay":3,"Juzu Bracelet":1,"Burning Blood":0,"White Beast Statue":5},{"Potion Belt":14,"Dream Catcher":6,"NeowsBlessing":0,"Self Forming Clay":3,"Juzu Bracelet":1,"Burning Blood":0,"White Beast Statue":14}],"Burning Blood":25},"card_choices":[{"not_picked":["Sword Boomerang","Dual Wield"],"picked":"Uppercut","floor":1},{"not_picked":["Perfected Strike","Clothesline"],"picked":"Pommel Strike","floor":3},{"not_picked":["Heavy Blade","Pommel Strike"],"picked":"True Grit","floor":6},{"not_picked":["Heavy Blade","True Grit"],"picked":"Brutality","floor":7},{"not_picked":["Warcry","Shrug It Off"],"picked":"Pummel","floor":10}],"player_experience":2332812,"relics_obtained":[{"floor":6,"key":"Self Forming Clay"},{"floor":9,"key":"Dream Catcher"},{"floor":10,"key":"White Beast Statue"}],"event_choices":[{"damage_healed":0,"gold_gain":0,"player_choice":"Box","damage_taken":0,"relics_obtained":["Juzu Bracelet"],"max_hp_gain":0,"max_hp_loss":0,"event_name":"Big Fish","floor":2,"gold_loss":0,"cards_obtained":["Regret"]},{"damage_healed":0,"gold_gain":75,"player_choice":"Gather Gold","damage_taken":11,"max_hp_gain":0,"max_hp_loss":0,"event_name":"World of Goop","floor":4,"gold_loss":0},{"damage_healed":0,"gold_gain":0,"player_choice":"Success","damage_taken":26,"relics_obtained":["Potion Belt"],"max_hp_gain":0,"max_hp_loss":0,"event_name":"Scrap Ooze","floor":11,"gold_loss":0}],"is_beta":false,"boss_relics":[],"items_purged_floors":[5],"is_endless":false,"potions_floor_spawned":[6,7],"killed_by":"Gremlin Nob","ascension_level":20}}