{"host":"08z5bj28eube4vug","time":1610513873,"event":{"mods":["2.2 Compatiblity","Abigail Mod","Act Like it!","BaseMod","Beaked The Cultist","Bestiary","Friendly Minions","Gensokyo","GungeonMod","Hallownest","Kiyohime????","Koishi","Lobotomy","Marisa????????","Minty Spire (QoL Compilation)","Prisma Mod","Remilia??????","Replay The Spire","StSLib","Td1madao Mod","The Alterego","The Bug Knight","The Jungle","The Sage","The Senshi","The Servant 0.9.4","Waifu the Spire","WarShipGirlsR/????R mod","Yuri Mod"],"gold_per_floor":[119,119,119,119,119,119,153,153,153,153,174,174,192,206,206,337,337,360,360,373,43,67,102,102,135,135,63,83,83,106,119,119,239,239,253,266,266,287,305,346,346,420,420,434,778,778,792,832,832,832],"floor_reached":51,"language":"ENG","playtime":2780,"items_purged":[],"score":1158,"play_id":"8a66e265-95c8-4f1b-8f00-f576954dc2fa","local_time":"20210113075753","is_ascension_mode":true,"campfire_choices":[{"floor":6,"key":"REST"},{"data":"DoubleSpark","floor":8,"key":"SMITH"},{"floor":10,"key":"REST"},{"data":"SporeBomb","floor":15,"key":"SMITH"},{"floor":24,"key":"REST"},{"floor":32,"key":"DIG"},{"floor":41,"key":"DIG"},{"data":"CasketOfStar","floor":49,"key":"SMITH"}],"circlet_count":0,"master_deck":["Strike_MRS","Strike_MRS","Strike_MRS","Strike_MRS","Defend_MRS","Defend_MRS","Defend_MRS","Defend_MRS","MasterSpark","UpSweep","SporeBomb+1","DoubleSpark+1","MagicAbsorber","6A","MysteriousBeam+1","Parasite","Parasite","MysteriousBeam","BlazeAway","MilkyWay+1","CasketOfStar+1","AsteroidBelt+1","NonDirectionalLaser+1","DeepEcoloBomb+1","OortCloud+1","Singularity+1","DeepEcoloBomb+1","6A"],"relics":["MiniHakkero","ScarletDevilRocket","Singing Bowl","Golden Idol","Sundial","Regal Pillow","ChewingGum","HollowMod:PaleOreRelic","ShroomBag","Replay:Rubber Ducky","Replay:Multitool","Incense Burner","AmplifyWand","Painkiller Herb","Divine Protection","Turnip","DemoMod:BlueGuonStone","Eternal Feather","Old Coin","Gremlin Horn","Boot"],"acts_visited":["Exordium","TheCity","TheBeyond"],"potions_floor_usage":[7,16,18,20,25,28,28,33,50,50,50],"damage_taken":[{"damage":7,"enemies":"Small Slimes","floor":1,"turns":3},{"damage":24,"enemies":"Lagavulin","floor":7,"turns":7},{"damage":1,"enemies":"Jaw Worm","floor":11,"turns":2},{"damage":0,"enemies":"2 Louse","floor":13,"turns":2},{"damage":14,"enemies":"Blue Slaver","floor":14,"turns":3},{"damage":23,"enemies":"The Guardian","floor":16,"turns":11},{"damage":11,"enemies":"Spheric Guardian","floor":18,"turns":3},{"damage":4,"enemies":"Snecko","floor":20,"turns":4},{"damage":20,"enemies":"Sentry and Sphere","floor":22,"turns":4},{"damage":16,"enemies":"HollowMod:Nosk","floor":23,"turns":5},{"damage":31,"enemies":"Slavers","floor":25,"turns":3},{"damage":11,"enemies":"Snake Plant","floor":28,"turns":2},{"damage":3,"enemies":"Shelled Parasite and Fungi","floor":30,"turns":2},{"damage":0,"enemies":"Centurion and Healer","floor":31,"turns":4},{"damage":40,"enemies":"Automaton","floor":33,"turns":9},{"damage":0,"enemies":"Orb Walker","floor":35,"turns":3},{"damage":0,"enemies":"3 Darklings","floor":36,"turns":4},{"damage":10,"enemies":"Transient","floor":38,"turns":5},{"damage":4,"enemies":"Jaw Worm Horde","floor":39,"turns":3},{"damage":0,"enemies":"Nemesis","floor":40,"turns":5},{"damage":0,"enemies":"3 Darklings","floor":44,"turns":3},{"damage":0,"enemies":"HollowMod:StalkingDevout","floor":45,"turns":6},{"damage":0,"enemies":"Transient","floor":47,"turns":5},{"damage":0,"enemies":"R_Hoarder","floor":48,"turns":6},{"damage":1,"enemies":"Time Eater","floor":50,"turns":11}],"seed_played":"-6724861881134069424","potions_obtained":[{"floor":1,"key":"FearPotion"},{"floor":11,"key":"Adrenaline Potion"},{"floor":13,"key":"Block Potion"},{"floor":16,"key":"Swift Potion"},{"floor":18,"key":"Toxic Potion"},{"floor":25,"key":"SteroidPotion"},{"floor":31,"key":"Reflective Coating"},{"floor":33,"key":"ShroomBrew"},{"floor":36,"key":"Languid Potion"},{"floor":39,"key":"DemoMod:LeadSkinPotion"}],"is_trial":false,"path_per_floor":["M","?","$","$","?","R","E","R","T","R","M","?","M","M","R","B",null,"M","?","M","$","M","E","R","E","T","$","M","R","M","M","R","B",null,"?","?","?","?","?","E","T","T","T","?","E","T","?","E","T","B",null],"character_chosen":"MARISA","items_purchased":["HollowMod:PaleOreRelic","ShroomBag","MysteriousBeam","PowerPotion"],"campfire_rested":3,"item_purchase_floors":[21,21,21,27],"current_hp_per_floor":[61,54,54,54,36,58,34,34,34,71,70,70,70,58,58,37,69,58,58,56,56,42,30,69,42,42,42,35,75,78,84,84,48,79,83,87,87,79,79,83,83,83,83,87,91,91,91,93,93,92],"gold":832,"neow_bonus":"RANDOM_COMMON_RELIC","is_daily":false,"chose_seed":false,"campfire_upgraded":3,"win_rate":0.0,"timestamp":1610513873,"path_taken":["M","?","?","$","?","R","E","R","T","R","M","?","?","M","R","BOSS","M","?","M","$","M","E","R","E","T","?","M","R","M","M","R","BOSS","?","?","?","?","?","E","T","?","T","?","E","?","?","E","T","BOSS"],"items_purchased_type":["Relic","Relic","Card","Potion"],"build_version":"2020-12-22","purchased_purges":0,"victory":true,"max_hp_per_floor":[75,75,75,75,75,75,75,75,75,75,75,75,75,77,77,79,79,79,79,81,81,83,83,83,83,83,83,85,85,87,89,89,89,89,89,89,89,89,89,89,89,89,89,91,91,91,91,93,93,93],"card_choices":[{"not_picked":["DC","Occultation"],"picked":"SporeBomb","floor":1},{"not_picked":["GrandCross","EventHorizon"],"picked":"DoubleSpark","floor":7},{"not_picked":["WitchOfGreed","Occultation"],"picked":"MagicAbsorber","floor":11},{"not_picked":["MilkyWay","DoubleSpark"],"picked":"6A","floor":13},{"not_picked":["PulseMagic","BinaryStars","DC"],"picked":"Singing Bowl","floor":14},{"not_picked":["BinaryStars","FinalSpark","CollectingQuirk"],"picked":"Singing Bowl","floor":16},{"not_picked":["6A+1","DoubleSpark+1"],"picked":"MysteriousBeam","floor":18},{"not_picked":["LuminesStrike+1","DarkMatter","RefractionSpark"],"picked":"Singing Bowl","floor":20},{"not_picked":["Acceleration","UltimateShortwave","IllusionStar+1"],"picked":"Singing Bowl","floor":22},{"not_picked":["PowerUp","DoubleSpark"],"picked":"BlazeAway","floor":23},{"not_picked":["MysteriousBeam","DC+1"],"picked":"MilkyWay+1","floor":25},{"not_picked":["SporeBomb+1","UltimateShortwave","WitchOfGreed"],"picked":"Singing Bowl","floor":28},{"not_picked":["MysteriousBeam","GasGiant","OneTimeOff"],"picked":"Singing Bowl","floor":30},{"not_picked":["WitchLeyline","NonDirectionalLaser","PowerUp"],"picked":"Singing Bowl","floor":31},{"not_picked":["SatelliteIllusion","UltimateShortwave"],"picked":"CasketOfStar","floor":33},{"not_picked":["GravityBeat","DarkSpark"],"picked":"AsteroidBelt+1","floor":35},{"not_picked":["WitchLeyline+1","GravityBeat"],"picked":"NonDirectionalLaser+1","floor":36},{"not_picked":["AbsoluteMagnitude","MagicChant"],"picked":"DeepEcoloBomb+1","floor":38},{"not_picked":["MysteriousBeam+1","6A"],"picked":"OortCloud+1","floor":39},{"not_picked":["EarthLightRay+1","Acceleration"],"picked":"Singularity+1","floor":40},{"not_picked":["EventHorizon+1","OneTimeOff","BigCrunch"],"picked":"Singing Bowl","floor":44},{"not_picked":["MeteoricShower+1","EnergyRecoil+1"],"picked":"DeepEcoloBomb+1","floor":45},{"not_picked":["RefractionSpark","Acceleration+1"],"picked":"6A","floor":47},{"not_picked":["MeteoricShower+1","StarlightTyphoon+1","PowerUp+1"],"picked":"Singing Bowl","floor":48}],"player_experience":779721,"relics_obtained":[{"floor":7,"key":"Sundial"},{"floor":9,"key":"Regal Pillow"},{"floor":23,"key":"Replay:Rubber Ducky"},{"floor":25,"key":"Replay:Multitool"},{"floor":26,"key":"Incense Burner"},{"floor":32,"key":"AmplifyWand"},{"floor":40,"key":"Divine Protection"},{"floor":41,"key":"Turnip"},{"floor":42,"key":"DemoMod:BlueGuonStone"},{"floor":43,"key":"Eternal Feather"},{"floor":45,"key":"Old Coin"},{"floor":46,"key":"Gremlin Horn"},{"floor":48,"key":"Boot"}],"event_choices":[{"damage_healed":0,"gold_gain":0,"player_choice":"Success","damage_taken":7,"relics_obtained":["Singing Bowl"],"max_hp_gain":0,"max_hp_loss":0,"event_name":"Scrap Ooze","floor":2,"gold_loss":0},{"damage_healed":0,"gold_gain":0,"player_choice":"Take Damage","damage_taken":18,"relics_obtained":["Golden Idol"],"max_hp_gain":0,"max_hp_loss":0,"event_name":"Golden Idol","floor":5,"gold_loss":0},{"damage_healed":0,"gold_gain":0,"player_choice":"Ignored","damage_taken":0,"max_hp_gain":0,"max_hp_loss":0,"event_name":"Tomb of Lord Red Mask","floor":37,"gold_loss":0}],"is_beta":false,"boss_relics":[{"not_picked":["Honey Jar","RampagingMagicTools"],"picked":"ChewingGum"},{"not_picked":["Runic Pyramid","Fusion Hammer"],"picked":"Painkiller Herb"}],"items_purged_floors":[],"is_endless":false,"potions_floor_spawned":[1,11,13,16,18,25,31,33,36,39,40,45],"ascension_level":7}}