{"host":"dlqyscxstsnu98l1","time":1610576325,"event":{"mods":["AchievementEnabler","BaseMod","Bestiary","Colored Map","Colored Powertips","Conspire","Downfall","GifTheSpireLib","Highlight Path","Minty Spire (QoL Compilation)","Random Character Button","Replay The Spire","SacredBarkPlus","StSLib","everything is the same but u backflip on backflip"],"gold_per_floor":[159,170,189,46,46,81,99,130,130,155,155,173,193,221,221,320,320,335,335,351,369,349,384,384,384,384],"floor_reached":25,"language":"ENG","playtime":1684,"items_purged":["Strike_B"],"score":266,"play_id":"56ade9a2-eded-46dc-94c8-a8975d9ac081","local_time":"20210113161845","is_ascension_mode":true,"campfire_choices":[{"data":"Self Repair","floor":11.0,"key":"SMITH"},{"floor":15.0,"key":"REST"},{"data":"Buffer","floor":24,"key":"SMITH"}],"circlet_count":0,"master_deck":["Strike_B","Defend_B","Defend_B+1","Defend_B","Defend_B","Zap","Dualcast+1","Consume+1","Ball Lightning","Conserve Battery","Self Repair+1","Static Discharge","Streamline","Conserve Battery","Buffer+1","Core Surge","FIFO Queue","Self Repair","Core Surge"],"relics":["Tiny House","War Paint","Replay:Wax Seal","Replay:Towering Pillar of Hats","ReplayTheSpireMod:Shallot","Empty Cage","Replay:Accelerometer"],"acts_visited":["Exordium","TheCity"],"potions_floor_usage":[23,23],"damage_taken":[{"damage":5.0,"enemies":"2 Louse","floor":1.0,"turns":4.0},{"damage":1.0,"enemies":"Cultist","floor":2.0,"turns":3.0},{"damage":0.0,"enemies":"Small Slimes","floor":3.0,"turns":4.0},{"damage":20.0,"enemies":"Lagavulin","floor":6.0,"turns":7.0},{"damage":5.0,"enemies":"2 Fungi Beasts","floor":7.0,"turns":5.0},{"damage":20.0,"enemies":"Gremlin Nob","floor":8.0,"turns":5.0},{"damage":22.0,"enemies":"3 Sentries","floor":10.0,"turns":6.0},{"damage":21.0,"enemies":"Lots of Slimes","floor":12.0,"turns":4.0},{"damage":4.0,"enemies":"conspire:2 RoseBushes","floor":13.0,"turns":6.0},{"damage":26.0,"enemies":"Gremlin Nob","floor":14.0,"turns":4.0},{"damage":30.0,"enemies":"Slime Boss","floor":16.0,"turns":11.0},{"damage":38.0,"enemies":"conspire:FuzzyDice","floor":18.0,"turns":2.0},{"damage":10.0,"enemies":"Chosen","floor":20.0,"turns":6.0},{"damage":16.0,"enemies":"conspire:HollyBat","floor":21.0,"turns":7.0},{"damage":64,"enemies":"Gremlin Leader","floor":23,"turns":9},{"damage":35,"enemies":"3 Cultists","floor":25,"turns":4}],"seed_played":"4292197740610995048","potions_obtained":[{"floor":0.0,"key":"FairyPotion"},{"floor":1.0,"key":"BlessingOfTheForge"},{"floor":2.0,"key":"Explosive Potion"},{"floor":5.0,"key":"PotionOfCapacity"},{"floor":5.0,"key":"Block Potion"},{"floor":6.0,"key":"Fire Potion"},{"floor":7.0,"key":"Dexterity Potion"},{"floor":8.0,"key":"DuplicationPotion"},{"floor":13.0,"key":"sneckomod:MuddlingPotion"},{"floor":16.0,"key":"DistilledChaos"},{"floor":21.0,"key":"LiquidBronze"},{"floor":22.0,"key":"Slimebound:ThreeZeroPotion"}],"is_trial":false,"path_per_floor":["M","M","M","$","?","E","M","E","T","E","R","M","M","E","R","B",null,"M","?","M","M","?","E","R","M"],"character_chosen":"DEFECT","items_purchased":["Self Repair"],"campfire_rested":1,"item_purchase_floors":[4],"current_hp_per_floor":[75,74,74,74,74,61,63,50,50,35,35,24,30,24,48,28,80,52,52,52,46,46,30,30,0,0],"gold":384,"neow_bonus":"BOSS_RELIC","is_daily":false,"chose_seed":false,"campfire_upgraded":2,"win_rate":0.0,"timestamp":1610576325,"path_taken":["M","M","M","$","?","E","M","E","T","E","R","?","M","E","R","BOSS","M","?","M","M","?","E","R","M"],"items_purchased_type":["Card"],"build_version":"2020-12-22","purchased_purges":1,"victory":false,"max_hp_per_floor":[80,80,80,80,80,80,80,80,80,80,80,80,80,80,80,80,80,80,80,80,80,80,80,80,80,80],"card_choices":[{"not_picked":["BasicCrystalCard","Hello World"],"picked":"Consume","floor":0.0},{"not_picked":["Go for the Eyes","Turbo"],"picked":"Ball Lightning","floor":1.0},{"not_picked":["Beam Cell","ReplayGash","Go for the Eyes"],"picked":"SKIP","floor":2.0},{"not_picked":["Consume","Doom and Gloom"],"picked":"Conserve Battery","floor":3.0},{"not_picked":["Rebound","Compile Driver","ReplayTheSpireMod:System Scan"],"picked":"SKIP","floor":6.0},{"not_picked":["Mirror Shield","Beam Cell","Cold Snap"],"picked":"SKIP","floor":7.0},{"not_picked":["ReplayRNGCard","Consume"],"picked":"Static Discharge","floor":8.0},{"not_picked":["Barrage","Undo","Rebound"],"picked":"SKIP","floor":10.0},{"not_picked":["Barrage","Hello World"],"picked":"Streamline","floor":12.0},{"not_picked":["Rebound","Compile Driver"],"picked":"Conserve Battery","floor":13.0},{"not_picked":["BasicCrystalCard","Panic Button"],"picked":"Buffer","floor":14.0},{"not_picked":["Biased Cognition","Multi-Cast"],"picked":"Core Surge","floor":16.0},{"not_picked":["Coolheaded","BasicCrystalCard","Rip and Tear"],"picked":"SKIP","floor":18.0},{"not_picked":["Leap","ReplaySort","Go for the Eyes"],"picked":"SKIP","floor":20.0},{"not_picked":["ReplayGash","Go for the Eyes"],"picked":"Self Repair","floor":21.0},{"not_picked":["Rainbow","Beam Cell"],"picked":"Core Surge","floor":23}],"player_experience":53913,"relics_obtained":[{"floor":6.0,"key":"War Paint"},{"floor":8.0,"key":"Replay:Wax Seal"},{"floor":10.0,"key":"Replay:Towering Pillar of Hats"},{"floor":14.0,"key":"ReplayTheSpireMod:Shallot"},{"floor":23,"key":"Replay:Accelerometer"}],"event_choices":[{"damage_healed":0.0,"max_hp_gain":0.0,"max_hp_loss":0.0,"gold_gain":0.0,"event_name":"Lab","player_choice":"Got Potions","floor":5.0,"gold_loss":0.0,"damage_taken":0.0},{"damage_healed":0.0,"max_hp_gain":0.0,"max_hp_loss":0.0,"gold_gain":0.0,"event_name":"The Library","player_choice":"Read","floor":19.0,"gold_loss":0.0,"damage_taken":0.0,"cards_obtained":["FIFO Queue"]},{"damage_healed":0.0,"max_hp_gain":0.0,"max_hp_loss":0.0,"gold_gain":0.0,"event_name":"The Woman in Blue","player_choice":"Bought 1 Potion","floor":22.0,"gold_loss":0.0,"damage_taken":0.0}],"is_beta":false,"boss_relics":[{"not_picked":["Fusion Hammer","ReplayTheSpireMod:DimensionalGlitch"],"picked":"Empty Cage"}],"items_purged_floors":[4],"is_endless":false,"potions_floor_spawned":[1,2,6,7,8,13,16,21],"killed_by":"3 Cultists","ascension_level":1}}