{"host":"dftyqn972q7tuon4","time":1610569477,"event":{"mods":["AchievementEnabler","BaseMod","Better Altar","Better Match","Better Note","Better Sensory Stone","Better Skull","Better Third Choice","Colored Powertips","Highlight Path","Minty Spire (QoL Compilation)","Permanent Neow","Quick Restart","StSLib"],"gold_per_floor":[112,0,16,191,205,205,175,175,175,186,197,177,203,222,222,320,320,335,335,346,271,15,15,15,15,15,15,49,49,2,32,32,135,135,150,150,160,177,13,13,40,52,52,52,63,63,82,82,82,82],"floor_reached":51,"language":"ENG","playtime":2132,"items_purged":["Regret","Doubt","Pain"],"score":1073,"play_id":"7f7c9447-9ed9-4dbf-b335-2d489613a792","local_time":"20210113212437","is_ascension_mode":true,"campfire_choices":[{"data":"Noxious Fumes","floor":6.0,"key":"SMITH"},{"data":"Outmaneuver","floor":8.0,"key":"SMITH"},{"floor":15.0,"key":"REST"},{"data":"Catalyst","floor":23.0,"key":"SMITH"},{"floor":25.0,"key":"REST"},{"data":"Crippling Poison","floor":27.0,"key":"SMITH"},{"floor":29.0,"key":"REST"},{"data":"Burst","floor":32.0,"key":"SMITH"},{"floor":40.0,"key":"DIG"},{"floor":44.0,"key":"REST"},{"floor":49.0,"key":"DIG"}],"circlet_count":0,"master_deck":["Strike_G+1","Strike_G+1","Strike_G+1","Defend_G+1","Defend_G+1","Defend_G+1","Defend_G+1","Defend_G+1","Survivor+1","Neutralize+1","Underhanded Strike+1","Noxious Fumes+1","Catalyst+1","Outmaneuver+1","Bouncing Flask+1","Bouncing Flask+1","Blur+1","Crippling Poison+1","Burst+1","Deflect+1","Accuracy+1","Phantasmal Killer+1","Bane+1","Corpse Explosion+1","Deflect+1","Poisoned Stab+1","Deadly Poison+1","Corpse Explosion+1","Footwork+1","PiercingWail+1","Noxious Fumes+1","Escape Plan+1","Regret","Footwork+1"],"relics":["Ring of the Snake","Mango","Shovel","Letter Opener","Runic Pyramid","Art of War","Mercury Hourglass","Snake Skull","Pocketwatch","Cursed Key","WarpedTongs","Ancient Tea Set","Strawberry","Blue Candle","Mark of the Bloom","Bag of Marbles"],"acts_visited":["Exordium","TheCity","TheBeyond"],"potions_floor_usage":[50,50],"damage_taken":[{"damage":6.0,"enemies":"2 Louse","floor":1.0,"turns":4.0},{"damage":6.0,"enemies":"Cultist","floor":3.0,"turns":4.0},{"damage":12.0,"enemies":"Small Slimes","floor":5.0,"turns":5.0},{"damage":4.0,"enemies":"Looter","floor":7.0,"turns":4.0},{"damage":22.0,"enemies":"Lots of Slimes","floor":10.0,"turns":4.0},{"damage":4.0,"enemies":"3 Louse","floor":11.0,"turns":4.0},{"damage":15.0,"enemies":"3 Sentries","floor":13.0,"turns":5.0},{"damage":5.0,"enemies":"Red Slaver","floor":14.0,"turns":4.0},{"damage":8.0,"enemies":"The Guardian","floor":16.0,"turns":7.0},{"damage":29.0,"enemies":"2 Thieves","floor":18.0,"turns":5.0},{"damage":4.0,"enemies":"Chosen","floor":20.0,"turns":3.0},{"damage":34.0,"enemies":"Book of Stabbing","floor":28.0,"turns":4.0},{"damage":12.0,"enemies":"Gremlin Leader","floor":31.0,"turns":4.0},{"damage":21.0,"enemies":"Automaton","floor":33.0,"turns":5.0},{"damage":0.0,"enemies":"3 Shapes","floor":35.0,"turns":3.0},{"damage":24.0,"enemies":"3 Darklings","floor":37.0,"turns":3.0},{"damage":0.0,"enemies":"Sphere and 2 Shapes","floor":38.0,"turns":3.0},{"damage":5.0,"enemies":"Nemesis","floor":41.0,"turns":5.0},{"damage":12.0,"enemies":"Transient","floor":42.0,"turns":5.0},{"damage":7.0,"enemies":"4 Shapes","floor":45.0,"turns":3.0},{"damage":1.0,"enemies":"Jaw Worm Horde","floor":47.0,"turns":2.0},{"damage":43,"enemies":"Donu and Deca","floor":50,"turns":6}],"seed_played":"-6680813477159037926","potions_obtained":[{"floor":3.0,"key":"Swift Potion"},{"floor":10.0,"key":"Energy Potion"},{"floor":12.0,"key":"Swift Potion"},{"floor":13.0,"key":"EntropicBrew"},{"floor":16.0,"key":"Fire Potion"},{"floor":28.0,"key":"SpeedPotion"},{"floor":33.0,"key":"SpeedPotion"}],"is_trial":false,"path_per_floor":["M","$","M","?","M","R","M","R","T","M","M","?","E","M","R","B",null,"M","?","M","?","$","R","$","R","T","R","E","R","$","E","R","B",null,"M","?","M","M","$","R","E","M","T","R","M","?","M","$","R","B",null],"character_chosen":"THE_SILENT","items_purchased":["Noxious Fumes","Art of War","Poisoned Stab","Noxious Fumes"],"campfire_rested":4,"item_purchase_floors":[2,22,30,39],"current_hp_per_floor":[71,71,65,65,53,53,49,49,49,27,23,23,8,3,28,20,68,39,39,35,35,35,35,35,60,60,60,26,51,51,39,39,18,68,68,68,44,44,44,44,46,34,34,61,54,54,53,53,53,10],"gold":82,"neow_bonus":"ONE_RARE_RELIC","is_daily":false,"chose_seed":false,"campfire_upgraded":5,"win_rate":0.0,"timestamp":1610569477,"path_taken":["M","$","M","?","M","R","M","R","T","M","M","?","E","?","R","BOSS","M","?","M","?","$","R","$","R","T","R","E","R","$","E","R","BOSS","M","?","?","M","$","R","E","M","T","R","M","?","M","?","R","BOSS"],"items_purchased_type":["Card","Relic","Card","Card"],"build_version":"2020-12-22","purchased_purges":3,"victory":true,"max_hp_per_floor":[84,84,84,84,84,84,84,84,84,84,84,84,84,84,84,84,84,84,84,84,84,84,84,84,84,84,84,84,84,84,84,84,84,84,84,84,84,84,84,84,91,91,91,91,91,91,91,91,91,91],"card_choices":[{"not_picked":["Prepared","Poisoned Stab"],"picked":"Underhanded Strike","floor":1.0},{"not_picked":["Quick Slash","Footwork"],"picked":"Catalyst","floor":3.0},{"not_picked":["Blade Dance","Setup","Slice"],"picked":"SKIP","floor":5.0},{"not_picked":["Sucker Punch","Cloak And Dagger"],"picked":"Outmaneuver","floor":7.0},{"not_picked":["Flying Knee","Deflect"],"picked":"Bouncing Flask","floor":10.0},{"not_picked":["Wraith Form v2","Sucker Punch"],"picked":"Bouncing Flask","floor":11.0},{"not_picked":["Dodge and Roll","Dagger Spray"],"picked":"Blur","floor":13.0},{"not_picked":["Blur","Caltrops"],"picked":"Crippling Poison","floor":14.0},{"not_picked":["Envenom","Venomology"],"picked":"Burst","floor":16.0},{"not_picked":["Heel Hook","Acrobatics"],"picked":"Deflect","floor":18.0},{"not_picked":["All Out Attack+1","Dodge and Roll"],"picked":"Bane","floor":20.0},{"not_picked":["Grand Finale+1","Burst+1"],"picked":"Corpse Explosion+1","floor":21.0},{"not_picked":["Outmaneuver","Slice+1"],"picked":"Deflect","floor":28.0},{"not_picked":["PiercingWail+1","Caltrops"],"picked":"Deadly Poison","floor":31.0},{"not_picked":["Phantasmal Killer","Grand Finale"],"picked":"Corpse Explosion","floor":33.0},{"not_picked":["Reflex","Accuracy+1"],"picked":"Footwork","floor":35.0},{"not_picked":["Dagger Throw","Dagger Spray+1","Expertise+1"],"picked":"SKIP","floor":37.0},{"not_picked":["Dagger Spray+1","Quick Slash"],"picked":"PiercingWail+1","floor":38.0},{"not_picked":["Expertise","Dagger Spray+1","Blade Dance+1"],"picked":"SKIP","floor":41.0},{"not_picked":["Poisoned Stab+1","Flying Knee"],"picked":"Escape Plan+1","floor":42.0},{"not_picked":["Slice","Deflect"],"picked":"Footwork+1","floor":45.0},{"not_picked":["Underhanded Strike+1","Cloak And Dagger","Slice"],"picked":"SKIP","floor":47.0}],"player_experience":632301,"relics_obtained":[{"floor":9.0,"key":"Shovel"},{"floor":13.0,"key":"Letter Opener"},{"floor":26.0,"key":"Mercury Hourglass"},{"floor":28.0,"key":"Snake Skull"},{"floor":31.0,"key":"Pocketwatch"},{"floor":40.0,"key":"Ancient Tea Set"},{"floor":41.0,"key":"Strawberry"},{"floor":43.0,"key":"Blue Candle"},{"floor":49.0,"key":"Bag of Marbles"}],"event_choices":[{"damage_healed":0.0,"max_hp_gain":0.0,"max_hp_loss":0.0,"gold_gain":175.0,"event_name":"betterThird:BetterSerpent","player_choice":"AGREE","floor":4.0,"gold_loss":0.0,"damage_taken":16.0},{"damage_healed":0.0,"max_hp_gain":0.0,"max_hp_loss":0.0,"gold_gain":0.0,"event_name":"The Woman in Blue","player_choice":"Bought 1 Potion","floor":12.0,"gold_loss":0.0,"damage_taken":0.0},{"damage_healed":0.0,"max_hp_gain":0.0,"max_hp_loss":0.0,"gold_gain":0.0,"cards_transformed":["Strike_G","Strike_G"],"event_name":"Drug Dealer","player_choice":"Became Test Subject","floor":19.0,"gold_loss":0.0,"damage_taken":0.0,"cards_obtained":["Accuracy","Phantasmal Killer"]},{"damage_healed":0.0,"max_hp_gain":0.0,"max_hp_loss":0.0,"gold_gain":0.0,"event_name":"betterMatch:BetterMatch","player_choice":"2","floor":21.0,"gold_loss":0.0,"damage_taken":0.0,"cards_obtained":["betterMatch:RareCard"]},{"damage_healed":0.0,"max_hp_gain":0.0,"max_hp_loss":0.0,"gold_gain":0.0,"event_name":"Accursed Blacksmith","player_choice":"Rummage","floor":36.0,"gold_loss":0.0,"damage_taken":0.0,"relics_obtained":["WarpedTongs"],"cards_obtained":["Pain"]},{"damage_healed":0.0,"max_hp_gain":0.0,"max_hp_loss":0.0,"gold_gain":0.0,"event_name":"MindBloom","player_choice":"Upgrade","floor":46.0,"gold_loss":0.0,"damage_taken":0.0,"cards_upgraded":["Strike_G","Strike_G","Strike_G","Defend_G","Defend_G","Defend_G","Defend_G","Defend_G","Survivor","Neutralize","Underhanded Strike","Bouncing Flask","Bouncing Flask","Blur","Deflect","Accuracy","Phantasmal Killer","Bane","Deflect","Poisoned Stab","Deadly Poison","Corpse Explosion","Footwork","Noxious Fumes"],"relics_obtained":["Mark of the Bloom"]}],"is_beta":false,"boss_relics":[{"not_picked":["Runic Dome","WristBlade"],"picked":"Runic Pyramid"},{"not_picked":["Astrolabe","Philosopher\u0027s Stone"],"picked":"Cursed Key"}],"items_purged_floors":[2,22,39],"is_endless":false,"potions_floor_spawned":[3,10,13,16,28,33,37,42],"ascension_level":9}}