{"host":"l60rmjjsfi0fipmi","time":1610499611,"event":{"mods":["BaseMod","Colored Map","DeckTracker","Highlight Path","Minty Spire (QoL Compilation)"],"gold_per_floor":[119,138,138,150,150,150,150,150,150,163,163,187,207,248,248,371,371,389,408,244,244,265,304,304,335,389,389,389,150,50,69,69,168,168,182,182,202,202,77,77,110,110,136,152,152,171,171,185,185,185],"floor_reached":51,"language":"ENG","playtime":3279,"items_purged":["Defend_G","Defend_G","Parasite"],"score":819,"play_id":"d29478eb-95ba-4fef-9d5e-ad62a725aebf","local_time":"20210112200011","is_ascension_mode":true,"campfire_choices":[{"data":"Noxious Fumes","floor":6,"key":"SMITH"},{"data":"Infinite Blades","floor":8,"key":"SMITH"},{"data":"Footwork","floor":15,"key":"SMITH"},{"floor":24,"key":"REST"},{"floor":28,"key":"REST"},{"data":"Neutralize","floor":32,"key":"SMITH"},{"data":"Dagger Spray","floor":40,"key":"SMITH"},{"data":"Unload","floor":42,"key":"SMITH"},{"floor":45,"key":"REST"},{"floor":47,"key":"REST"},{"floor":49,"key":"REST"}],"circlet_count":0,"master_deck":["Survivor","Neutralize+1","Noxious Fumes+1","Dagger Spray+1","Dagger Throw","Infinite Blades+1","Dodge and Roll+1","PiercingWail+1","Catalyst+1","Footwork+1","Corpse Explosion+1","Backflip+1","Leg Sweep+1","Madness+1","Cloak And Dagger+1","Setup+1","Bullet Time+1","Infinite Blades","Burst+1","Masterful Stab","Unload+1","Reflex+1","Cloak And Dagger+1","Madness+1","Madness+1","Deadly Poison+1","PiercingWail+1","Parasite"],"relics":["Ring of the Snake","Toxic Egg 2","Lantern","Bloody Idol","Strawberry","SlaversCollar","Pear","Gambling Chip","Snake Skull","Bottled Flame","Pandora\u0027s Box","Tingsha","Akabeko"],"acts_visited":["Exordium","TheCity","TheBeyond"],"potions_floor_usage":[23,23,41,44,46,46,50,50,50,50,50],"damage_taken":[{"damage":0,"enemies":"2 Louse","floor":1,"turns":4},{"damage":0,"enemies":"Jaw Worm","floor":2,"turns":5},{"damage":5,"enemies":"Small Slimes","floor":4,"turns":3},{"damage":2,"enemies":"2 Fungi Beasts","floor":10,"turns":3},{"damage":7,"enemies":"Exordium Wildlife","floor":12,"turns":4},{"damage":4,"enemies":"Blue Slaver","floor":13,"turns":5},{"damage":8,"enemies":"3 Sentries","floor":14,"turns":6},{"damage":24,"enemies":"The Guardian","floor":16,"turns":9},{"damage":10,"enemies":"Chosen","floor":18,"turns":5},{"damage":13,"enemies":"2 Thieves","floor":19,"turns":3},{"damage":8,"enemies":"Centurion and Healer","floor":22,"turns":6},{"damage":34,"enemies":"Slavers","floor":23,"turns":4},{"damage":2,"enemies":"Gremlin Leader","floor":25,"turns":8},{"damage":2,"enemies":"Cultist and Chosen","floor":31,"turns":4},{"damage":15,"enemies":"Champ","floor":33,"turns":8},{"damage":0,"enemies":"3 Darklings","floor":35,"turns":3},{"damage":9,"enemies":"3 Shapes","floor":37,"turns":6},{"damage":15,"enemies":"Reptomancer","floor":41,"turns":7},{"damage":61,"enemies":"Writhing Mass","floor":44,"turns":6},{"damage":27,"enemies":"Jaw Worm Horde","floor":46,"turns":3},{"damage":9,"enemies":"3 Darklings","floor":48,"turns":5},{"damage":39,"enemies":"Donu and Deca","floor":50,"turns":6}],"seed_played":"-1251559377460439378","potions_obtained":[{"floor":1,"key":"SkillPotion"},{"floor":12,"key":"Strength Potion"},{"floor":14,"key":"Explosive Potion"},{"floor":19,"key":"Ancient Potion"},{"floor":25,"key":"PowerPotion"},{"floor":33,"key":"AttackPotion"},{"floor":41,"key":"Swift Potion"},{"floor":48,"key":"EntropicBrew"}],"is_trial":false,"path_per_floor":["M","M","?","M","?","R","?","R","T","M","?","M","M","E","R","B",null,"M","M","$","?","M","E","R","E","T","?","R","$","$","M","R","B",null,"M","?","M","?","$","R","E","R","T","M","R","M","R","M","R","B",null],"character_chosen":"THE_SILENT","items_purchased":["Madness+1","Bottled Flame"],"campfire_rested":5,"item_purchase_floors":[20,29],"current_hp_per_floor":[70,70,58,53,53,53,70,70,70,68,65,58,54,53,53,29,72,62,49,49,49,41,17,41,39,39,39,63,63,63,66,66,56,82,82,72,68,68,68,68,58,58,63,7,30,8,31,27,50,11],"gold":185,"neow_bonus":"TRANSFORM_CARD","is_daily":false,"chose_seed":false,"campfire_upgraded":6,"win_rate":0.0,"timestamp":1610499611,"path_taken":["M","M","?","M","?","R","?","R","T","M","?","M","?","E","R","BOSS","M","M","$","?","M","E","R","E","T","?","R","?","$","M","R","BOSS","M","?","M","?","?","R","E","R","T","M","R","M","R","M","R","BOSS"],"items_purchased_type":["Card","Relic"],"build_version":"2020-12-22","purchased_purges":3,"victory":true,"max_hp_per_floor":[70,70,70,70,70,70,70,70,70,70,65,65,65,72,72,72,72,72,72,72,72,72,82,82,82,82,82,82,82,82,82,82,82,82,82,82,82,82,79,79,79,79,79,79,79,79,79,79,79,79],"card_choices":[{"not_picked":["Reflex","Outmaneuver"],"picked":"Dagger Spray","floor":1},{"not_picked":["Quick Slash","Slice"],"picked":"Dagger Throw","floor":2},{"not_picked":["Finisher","Heel Hook"],"picked":"Infinite Blades","floor":4},{"not_picked":["Sucker Punch","Finisher"],"picked":"Dodge and Roll+1","floor":10},{"not_picked":["Calculated Gamble+1","Outmaneuver+1"],"picked":"PiercingWail+1","floor":12},{"not_picked":["Accuracy","Heel Hook"],"picked":"Catalyst+1","floor":13},{"not_picked":["Tactician+1","Dodge and Roll+1"],"picked":"Footwork","floor":14},{"not_picked":["Grand Finale","Malaise+1"],"picked":"Corpse Explosion+1","floor":16},{"not_picked":["Poisoned Stab","Acrobatics+1"],"picked":"Backflip+1","floor":18},{"not_picked":["Dash","Accuracy"],"picked":"Leg Sweep+1","floor":19},{"not_picked":["Backflip+1","Bane"],"picked":"Cloak And Dagger+1","floor":22},{"not_picked":["Skewer+1","Predator","Flechettes"],"picked":"SKIP","floor":23},{"not_picked":["Outmaneuver+1","Deflect+1"],"picked":"Setup+1","floor":25},{"not_picked":["Acrobatics+1","All Out Attack","Dagger Spray+1"],"picked":"SKIP","floor":31},{"not_picked":["Phantasmal Killer+1","Venomology+1"],"picked":"Bullet Time+1","floor":33},{"not_picked":["Flying Knee","Dagger Spray+1"],"picked":"Cloak And Dagger+1","floor":35},{"not_picked":["Caltrops","Endless Agony"],"picked":"Deadly Poison+1","floor":37},{"not_picked":["Deadly Poison+1","Flechettes+1"],"picked":"PiercingWail+1","floor":41},{"not_picked":["Outmaneuver+1","Terror+1","Poisoned Stab"],"picked":"SKIP","floor":44},{"not_picked":["Deflect+1","Poisoned Stab","Predator"],"picked":"SKIP","floor":46},{"not_picked":["Infinite Blades+1","Eviscerate+1","Blur+1"],"picked":"SKIP","floor":48}],"player_experience":361524,"relics_obtained":[{"floor":9,"key":"Lantern"},{"floor":14,"key":"Strawberry"},{"floor":23,"key":"Pear"},{"floor":25,"key":"Gambling Chip"},{"floor":26,"key":"Snake Skull"},{"floor":41,"key":"Tingsha"},{"floor":43,"key":"Akabeko"}],"event_choices":[{"damage_healed":0,"gold_gain":0,"player_choice":"Success","damage_taken":12,"relics_obtained":["Toxic Egg 2"],"max_hp_gain":0,"max_hp_loss":0,"event_name":"Scrap Ooze","floor":3,"gold_loss":0},{"damage_healed":0,"gold_gain":0,"player_choice":"Ignored","damage_taken":0,"max_hp_gain":0,"max_hp_loss":0,"event_name":"Liars Game","floor":5,"gold_loss":0},{"damage_healed":17,"gold_gain":0,"player_choice":"Healed and dodged fight","damage_taken":0,"max_hp_gain":0,"max_hp_loss":0,"event_name":"Mushrooms","floor":7,"gold_loss":0,"cards_obtained":["Parasite"]},{"damage_healed":0,"gold_gain":0,"player_choice":"Lose Max HP","damage_taken":0,"relics_obtained":["Golden Idol"],"max_hp_gain":0,"max_hp_loss":5,"event_name":"Golden Idol","floor":11,"gold_loss":0},{"cards_removed":["Strike_G"],"damage_healed":0,"gold_gain":0,"player_choice":"Elegance","damage_taken":0,"max_hp_gain":0,"max_hp_loss":0,"event_name":"Back to Basics","floor":21,"gold_loss":0},{"damage_healed":0,"gold_gain":0,"player_choice":"Gave Idol","damage_taken":0,"relics_obtained":["Bloody Idol"],"max_hp_gain":0,"max_hp_loss":0,"event_name":"Forgotten Altar","floor":27,"relics_lost":["Golden Idol"],"gold_loss":0},{"damage_healed":0,"gold_gain":0,"player_choice":"Embrace Madness","damage_taken":10,"max_hp_gain":0,"max_hp_loss":0,"event_name":"Winding Halls","floor":36,"gold_loss":0,"cards_obtained":["Madness","Madness"]},{"cards_removed":["Riddle With Holes"],"damage_healed":0,"gold_gain":0,"player_choice":"Removed Attack","damage_taken":0,"max_hp_gain":0,"max_hp_loss":0,"event_name":"Falling","floor":38,"gold_loss":0}],"is_beta":false,"boss_relics":[{"not_picked":["Fusion Hammer","Black Star"],"picked":"SlaversCollar"},{"not_picked":["SacredBark","WristBlade"],"picked":"Pandora\u0027s Box"}],"items_purged_floors":[20,30,39],"is_endless":false,"potions_floor_spawned":[1,12,14,19,25,33,37,41,48],"ascension_level":3}}