{"host":"x5al1swown9002c0","time":1610559089,"event":{"mods":["Act Like it!","AlwaysNeverKeys","Arknights The Spire","Aspiration","BaseMod","BetterRewards","Colored Map","Evolution","Friendly Minions","Halation","Highlight Path","Hubris","Minty Spire (QoL Compilation)","Replay The Spire","Shop Mod","Spikes Relics","StSLib"],"gold_per_floor":[110,64,139,40,40,40,69,69,69,86,118,118,118,129,129,232,232,249,23,36,77,97,97,97,97,97,97,97,110,123,148,148,148,148,148],"floor_reached":34,"language":"ENG","playtime":2103,"items_purged":["ats:Strike G","hubris:TrickCloak"],"score":301,"play_id":"b6162c93-d086-441d-b4df-19b7423684aa","local_time":"20210113193129","is_ascension_mode":false,"campfire_choices":[{"data":"ats:Consecutive Shot Auto","floor":6.0,"key":"SMITH"},{"data":"ats:Leaping Hammer","floor":13.0,"key":"SMITH"},{"data":"ats:Leaping Hammer","floor":15.0,"key":"SMITH"},{"floor":23,"key":"REST"},{"data":"ats:Closed Bolt Burst Fire","floor":26,"key":"SMITH"},{"floor":33,"key":"REST"}],"circlet_count":0,"master_deck":["ats:Strike S+1","ats:Strike V+1","ats:Armor Crushing Shot","ats:Defend","ats:Defend","ats:Defend","ats:Leaping Hammer+1","ats:Consecutive Shot Auto+1","ats:Leaping Hammer+1","Heel Hook","ats:Assault Order","ats:Consecutive Shot Auto","ats:Thermite Blade","ats:Closed Bolt Burst Fire+1","ats:Blood Oath","ats:Revitalization","ats:Sword Rain","ats:Support Order","ats:Revitalization"],"relics":["ats:Sanity","EVO:Axolotl","NeowsBlessing","ats:Originium","halation:QuantumPhysicsTextbook","Iron Hammer","Shuriken","aspiration:PoetsPen_weak","Whetstone","CultistMask","ats:Berate"],"acts_visited":["Exordium","TheCity"],"potions_floor_usage":[22,31,31],"damage_taken":[{"damage":0.0,"enemies":"Cultist","floor":1.0,"turns":1.0},{"damage":0.0,"enemies":"Gremlin Nob","floor":7.0,"turns":1.0},{"damage":0.0,"enemies":"Small Slimes","floor":10.0,"turns":1.0},{"damage":31.0,"enemies":"Lagavulin","floor":11.0,"turns":5.0},{"damage":3.0,"enemies":"Jaw Worm","floor":14.0,"turns":2.0},{"damage":17.0,"enemies":"Fading Forest","floor":16.0,"turns":11.0},{"damage":14.0,"enemies":"2 Thieves","floor":18.0,"turns":3.0},{"damage":2.0,"enemies":"Chosen","floor":20.0,"turns":2.0},{"damage":35,"enemies":"Snake Plant","floor":22,"turns":3},{"damage":0,"enemies":"Snecko","floor":29,"turns":2},{"damage":10,"enemies":"Sentry and Sphere","floor":30,"turns":3},{"damage":18,"enemies":"Book of Stabbing","floor":31,"turns":3},{"damage":67,"enemies":"Automaton","floor":34,"turns":6}],"seed_played":"8844064476682615004","potions_obtained":[{"floor":10.0,"key":"Ancient Potion"},{"floor":14.0,"key":"Elixir"},{"floor":16.0,"key":"PowerPotion"},{"floor":18.0,"key":"SkillPotion"},{"floor":21.0,"key":"PowerPotion"},{"floor":30,"key":"Swift Potion"}],"is_trial":false,"path_per_floor":["M","$","?","$","?","R","E","?","T","M","E","?","R","M","R","B",null,"M","$","M","?","M","R","PTL","PTL","R","T","?","M","M","E","?","R","B"],"character_chosen":"DOCTOR_CLASS","items_purchased":["ats:Consecutive Shot Auto","ats:Leaping Hammer","ats:Consecutive Shot Auto","ats:Thermite Blade"],"campfire_rested":2,"item_purchase_floors":[2,4,19,19],"current_hp_per_floor":[72,72,61,61,61,61,61,61,61,61,30,30,30,27,27,20,72,58,58,56,38,6,27,27,27,27,27,27,27,22,7,7,28,0,0],"gold":148,"neow_bonus":"THREE_ENEMY_KILL","is_daily":false,"chose_seed":false,"campfire_upgraded":4,"win_rate":0.0,"timestamp":1610559089,"path_taken":["M","?","?","?","?","R","E","?","T","M","E","?","R","?","R","BOSS","M","$","M","?","M","R","PTL","PTL","R","T","?","M","?","E","?","R","BOSS"],"items_purchased_type":["Card","Card","Card","Card"],"build_version":"2020-12-22","purchased_purges":2,"victory":false,"max_hp_per_floor":[72,72,72,72,72,72,72,72,72,72,72,72,72,72,72,72,72,72,72,72,72,72,72,72,72,72,72,72,72,72,72,72,72,72,72],"card_choices":[{"not_picked":["ats:Revitalization","ats:Curse Doll"],"picked":"ats:Leaping Hammer","floor":1.0},{"not_picked":["ats:Beaten Up","ats:Part Time Job","ats:Very Hot Blade"],"picked":"SKIP","floor":7.0},{"not_picked":["ats:Guardian Obelisk","ats:Composite Medical Shells","ats:Leaping Hammer"],"picked":"SKIP","floor":10.0},{"not_picked":["ats:Hammer On","ats:LN2 Cannon","ats:Revitalization"],"picked":"SKIP","floor":11.0},{"not_picked":["ats:Hammer On","ats:Powerful Strike"],"picked":"ats:Assault Order","floor":14.0},{"not_picked":["ats:Leaping Hammer","ats:Counter Healing Mode+1","ats:Revitalization"],"picked":"SKIP","floor":18.0},{"not_picked":["ats:Curse Doll","ats:Steam Pump"],"picked":"ats:Closed Bolt Burst Fire","floor":20.0},{"not_picked":["ats:Assault Order","ats:Cat Scratch"],"picked":"ats:Blood Oath","floor":21.0},{"not_picked":["ats:Cat Scratch+1","ats:Powerful Strike"],"picked":"ats:Revitalization","floor":22},{"not_picked":["ats:Magnetic Hammer","ats:Part Time Job"],"picked":"ats:Sword Rain","floor":29},{"not_picked":["ats:Mental Burst","ats:Childhood Dance"],"picked":"ats:Support Order","floor":30},{"not_picked":["ats:Ignite","ats:Cat Scratch"],"picked":"ats:Revitalization","floor":31}],"player_experience":636779,"relics_obtained":[{"floor":7.0,"key":"ats:Originium"},{"floor":7.0,"key":"halation:QuantumPhysicsTextbook"},{"floor":9.0,"key":"Iron Hammer"},{"floor":11.0,"key":"ats:Originium"},{"floor":11.0,"key":"Shuriken"},{"floor":27,"key":"Whetstone"},{"floor":31,"key":"ats:Originium"},{"floor":31,"key":"ats:Berate"}],"event_choices":[{"damage_healed":0.0,"max_hp_gain":0.0,"max_hp_loss":0.0,"gold_gain":75.0,"event_name":"World of Goop","player_choice":"Gather Gold","floor":3.0,"gold_loss":0.0,"damage_taken":11.0},{"damage_healed":0.0,"max_hp_gain":0.0,"max_hp_loss":0.0,"gold_gain":0.0,"event_name":"The Cleric","player_choice":"Leave","floor":5.0,"gold_loss":0.0,"damage_taken":0.0},{"cards_removed":["Tactician"],"damage_healed":0.0,"max_hp_gain":0.0,"max_hp_loss":0.0,"gold_gain":0.0,"event_name":"Purifier","player_choice":"Purged","floor":12.0,"gold_loss":0.0,"damage_taken":0.0},{"damage_healed":0,"gold_gain":0,"player_choice":"Trade","damage_taken":0,"relics_obtained":["CultistMask"],"max_hp_gain":0,"max_hp_loss":0,"event_name":"FaceTrader","floor":28,"gold_loss":0},{"damage_healed":0,"gold_gain":0,"player_choice":"Ignored","damage_taken":0,"max_hp_gain":0,"max_hp_loss":0,"event_name":"Vampires","floor":32,"gold_loss":0}],"is_beta":false,"boss_relics":[{"not_picked":["aspiration:SilentSkillbook","aspiration:SecretTechniqueScroll"],"picked":"aspiration:PoetsPen_weak"}],"items_purged_floors":[4,19],"is_endless":false,"potions_floor_spawned":[10,14,16,18,30],"killed_by":"Automaton","ascension_level":0}}