{"host":"2xjkbrmvrd7iq7pu","time":1610548622,"event":{"mods":["AchievementEnabler","Act Like it!","Arknights The Spire","BaseMod","Gensokyo","GungeonMod","KinomotoSakuraMod(ƒæ÷Æ±æ”£)","Marisa£®ÏF”Í°°ƒß¿Ì…≥£©","Minty Spire (QoL Compilation)","Reimu£®≤©¿ˆ¡È√Œ£©","Replay The Spire","StSLib","The Bug Knight","Yakumo Yukari mod"],"gold_per_floor":[117,135,310,310,322,322,338,338,338,369,151,151,164,164,164,264,264,284,40,57,71,88,88,3,3,3],"floor_reached":25,"language":"ZHS","playtime":1307,"items_purged":["Doubt","Writhe"],"score":213,"play_id":"ab429a37-0430-478e-9ea7-a19468defff7","local_time":"20210113223702","is_ascension_mode":true,"campfire_choices":[{"data":"ats:Rat Pack","floor":6.0,"key":"SMITH"},{"floor":8.0,"key":"RECALL"},{"floor":23,"key":"REST"}],"circlet_count":0,"master_deck":["ats:Strike C","ats:Armor Crushing Shot","ats:Defend","ats:Defend","ats:Emotion Absorption","ats:Rat Pack+1","ats:Blood Oath","ats:Healing Drone","ats:Sword Rain","ats:Sunburst","ats:Very Hot Blade","ats:Song Of Battle+1","ats:Burning Ground","ats:Echo Reverb","ReplayTheSpireMod:IOU","ats:Apocalypse","ats:Composite Medical Shells+1"],"relics":["ats:Sanity","DemoMod:ResourcefulSack","ats:Originium","DemoMod:PoisonVial","Pen Nib","Kintsugi","ats:Arts","DemoMod:PinkGuonStone"],"acts_visited":["Exordium","TheCity"],"potions_floor_usage":[22,25],"damage_taken":[{"damage":1.0,"enemies":"Cultist","floor":1.0,"turns":4.0},{"damage":6.0,"enemies":"Small Slimes","floor":2.0,"turns":4.0},{"damage":14.0,"enemies":"Jaw Worm","floor":5.0,"turns":7.0},{"damage":38.0,"enemies":"Large Slime","floor":7.0,"turns":10.0},{"damage":34.0,"enemies":"3 Sentries","floor":10.0,"turns":9.0},{"damage":9.0,"enemies":"3 Louse","floor":13.0,"turns":7.0},{"damage":19.0,"enemies":"Fading Forest","floor":16.0,"turns":11.0},{"damage":19.0,"enemies":"2 Thieves","floor":18.0,"turns":4.0},{"damage":24.0,"enemies":"3 Byrds","floor":20.0,"turns":5.0},{"damage":41,"enemies":"Centurion and Healer","floor":21,"turns":5},{"damage":34,"enemies":"Chosen and Byrds","floor":22,"turns":6},{"damage":50,"enemies":"Book of Stabbing","floor":25,"turns":5}],"seed_played":"2532797742843251984","potions_obtained":[{"floor":1.0,"key":"Strength Potion"},{"floor":5.0,"key":"SkillPotion"},{"floor":10.0,"key":"DemoMod:LeadSkinPotion"},{"floor":20.0,"key":"AttackPotion"},{"floor":22,"key":"Strength Potion"}],"is_trial":false,"path_per_floor":["M","M","?","?","M","R","M","R","T","E","$","?","M","?","R","B",null,"M","$","M","M","M","R","?","E"],"character_chosen":"DOCTOR_CLASS","items_purchased":["Pen Nib","ats:Arts"],"campfire_rested":1,"item_purchase_floors":[11,19],"current_hp_per_floor":[71,68,68,73,69,69,49,49,49,27,27,27,30,30,30,45,77,58,58,47,26,5,28,35,0,0],"gold":3,"neow_bonus":"THREE_RARE_CARDS","is_daily":false,"chose_seed":false,"campfire_upgraded":1,"win_rate":0.0,"timestamp":1610548622,"path_taken":["M","M","?","?","?","R","M","R","T","E","$","?","M","?","R","BOSS","M","$","M","?","M","R","?","E"],"items_purchased_type":["Relic","Relic"],"build_version":"2020-12-22","purchased_purges":2,"victory":false,"max_hp_per_floor":[72,72,72,77,77,77,77,77,77,77,77,77,77,77,77,77,77,77,77,77,77,77,77,84,84,84],"card_choices":[{"not_picked":["ats:Fractured Body","ats:Disruption Kick"],"picked":"ats:Rat Pack","floor":0.0},{"not_picked":["ats:Ignite","ats:Revitalization"],"picked":"ats:Blood Oath","floor":1.0},{"not_picked":["ats:Dogmatic Field","ats:Ignite"],"picked":"ats:Healing Drone","floor":2.0},{"not_picked":["ats:Apocalypse","ats:Blood Oath"],"picked":"ats:Sword Rain","floor":5.0},{"not_picked":["ats:Consecutive Shot Auto","ats:Flexible Camouflage"],"picked":"ats:Sunburst","floor":7.0},{"not_picked":["ats:Ignite","ats:Assault Order","ats:Cat Scratch"],"picked":"SKIP","floor":10.0},{"not_picked":["ats:Beaten Up","ats:Childhood Dance"],"picked":"ats:Song Of Battle","floor":13.0},{"not_picked":["ats:Ambush","ats:Shadow Assault"],"picked":"ats:Echo Reverb","floor":16.0},{"not_picked":["ats:Chain Hook","ats:Healing Drone"],"picked":"ats:Apocalypse","floor":18.0},{"not_picked":["ats:Encircling Forest","ats:Blood Oath","ats:Apocalypse"],"picked":"SKIP","floor":20.0},{"not_picked":["ats:Hook Shot","ats:Hammer On","ats:Thermite Blade+1"],"picked":"SKIP","floor":21},{"not_picked":["ats:Curse Doll","ats:Explosion Area Strengthen"],"picked":"ats:Composite Medical Shells+1","floor":22}],"player_experience":729432,"relics_obtained":[{"floor":9.0,"key":"DemoMod:ResourcefulSack"},{"floor":10.0,"key":"ats:Originium"},{"floor":10.0,"key":"DemoMod:PoisonVial"}],"event_choices":[{"damage_healed":0.0,"max_hp_gain":0.0,"max_hp_loss":0.0,"gold_gain":175.0,"event_name":"Liars Game","player_choice":"AGREE","floor":3.0,"gold_loss":0.0,"damage_taken":0.0,"cards_obtained":["Doubt"]},{"damage_healed":0.0,"max_hp_gain":5.0,"max_hp_loss":0.0,"gold_gain":0.0,"event_name":"Big Fish","player_choice":"Donut","floor":4.0,"gold_loss":0.0,"damage_taken":0.0},{"damage_healed":0.0,"max_hp_gain":0.0,"max_hp_loss":0.0,"gold_gain":0.0,"cards_transformed":["Strike_Lin:ReiMu"],"event_name":"Living Wall","player_choice":"Change","floor":12.0,"gold_loss":0.0,"damage_taken":0.0,"cards_obtained":["ats:Very Hot Blade"]},{"damage_healed":0.0,"max_hp_gain":0.0,"max_hp_loss":0.0,"gold_gain":0.0,"event_name":"Accursed Blacksmith","player_choice":"Forge","floor":14.0,"gold_loss":0.0,"damage_taken":0.0,"cards_upgraded":["ats:Song Of Battle"]},{"damage_healed":0,"gold_gain":0,"player_choice":"Obtained Relic","damage_taken":0,"relics_obtained":["DemoMod:PinkGuonStone"],"max_hp_gain":0,"max_hp_loss":0,"event_name":"Addict","floor":24,"gold_loss":85}],"is_beta":false,"boss_relics":[{"not_picked":["Coffee Dripper","Runic Dome"],"picked":"Kintsugi"}],"items_purged_floors":[11,19],"is_endless":false,"potions_floor_spawned":[1,5,10,20,22],"killed_by":"Book of Stabbing","ascension_level":1}}