{"host":"xjnif508alymour0","time":1610508493,"event":{"mods":["BaseMod","Downfall","Googly Eyes","Hermit","Minty Spire (QoL Compilation)","Replay The Spire","StSLib","The Cursed","everything is the same but u backflip on backflip"],"gold_per_floor":[117,117,133,133,133,167,167,177,259,276,296,296,330,341,341,436,436,451,227,245,245,256,256,256,272,297,312,327,338,8,27,27,125,125,143,160,0,18,18,18,32,47,122,122,142,159,159,172,172,172],"floor_reached":51,"language":"ENG","playtime":4808,"items_purged":["hermit:Cheat","hermit:Defend_Hermit"],"score":719,"play_id":"844b7204-7220-4d62-97e8-bd86ceec4267","local_time":"20210112192813","is_ascension_mode":false,"campfire_choices":[{"data":"hermit:Maintenance","floor":7,"key":"SMITH"},{"floor":12,"key":"REST"},{"floor":15,"key":"REST"},{"data":"hermit:BodyArmor","floor":23,"key":"SMITH"},{"floor":32,"key":"REST"},{"data":"hermit:Strike_Hermit","floor":40,"key":"SMITH"},{"floor":44,"key":"REST"},{"floor":47,"key":"REST"},{"floor":49,"key":"REST"}],"circlet_count":0,"master_deck":["hermit:Strike_Hermit","hermit:Strike_Hermit","hermit:Strike_Hermit+1","hermit:Defend_Hermit+1","hermit:Defend_Hermit+1","hermit:Defend_Hermit+1","hermit:Covet+1","hermit:Maintenance+1","hermit:BodyArmor+1","hermit:Magnum+1","hermit:Maintenance+1","hermit:HighNoon+1","hermit:FullyLoaded+1"],"relics":["hermit:Momento","NeowsBlessing","Omamori","Golden Egg","Calipers","Runic Pyramid","Oddly Smooth Stone","War Paint","Vajra","SlaversCollar","Red Mask","Letter Opener"],"acts_visited":["Exordium","TheCity","TheBeyond"],"potions_floor_usage":[13,13,16,33,33,46,50,50],"damage_taken":[{"damage":0,"enemies":"Cultist","floor":1,"turns":1},{"damage":0,"enemies":"2 Louse","floor":3,"turns":1},{"damage":9,"enemies":"3 Sentries","floor":6,"turns":3},{"damage":4,"enemies":"Small Slimes","floor":8,"turns":4},{"damage":1,"enemies":"2 Fungi Beasts","floor":10,"turns":4},{"damage":5,"enemies":"3 Louse","floor":11,"turns":6},{"damage":23,"enemies":"Gremlin Nob","floor":13,"turns":6},{"damage":0,"enemies":"Red Slaver","floor":14,"turns":6},{"damage":10,"enemies":"Slime Boss","floor":16,"turns":29},{"damage":15,"enemies":"Shell Parasite","floor":18,"turns":8},{"damage":7,"enemies":"Spheric Guardian","floor":20,"turns":6},{"damage":3,"enemies":"Snake Plant","floor":22,"turns":8},{"damage":1,"enemies":"Snecko","floor":25,"turns":10},{"damage":11,"enemies":"Chosen and Byrds","floor":27,"turns":10},{"damage":0,"enemies":"Snake Plant","floor":28,"turns":7},{"damage":0,"enemies":"Shelled Parasite and Fungi","floor":29,"turns":10},{"damage":0,"enemies":"Snecko","floor":31,"turns":4},{"damage":0,"enemies":"Automaton","floor":33,"turns":12},{"damage":4,"enemies":"Orb Walker","floor":35,"turns":6},{"damage":8,"enemies":"3 Darklings","floor":36,"turns":8},{"damage":16,"enemies":"Writhing Mass","floor":38,"turns":8},{"damage":0,"enemies":"Spire Growth","floor":41,"turns":9},{"damage":22,"enemies":"Sphere and 2 Shapes","floor":42,"turns":9},{"damage":39,"enemies":"Transient","floor":45,"turns":5},{"damage":0,"enemies":"Writhing Mass","floor":46,"turns":10},{"damage":5,"enemies":"Maw","floor":48,"turns":13},{"damage":0,"enemies":"Awakened One","floor":50,"turns":14}],"seed_played":"5477428378019420548","potions_obtained":[{"floor":1,"key":"Flashbang"},{"floor":3,"key":"SmokeBomb"},{"floor":6,"key":"Adrenaline Potion"},{"floor":11,"key":"SpeedPotion"},{"floor":18,"key":"ColorlessPotion"},{"floor":24,"key":"EssenceOfSteel"},{"floor":24,"key":"Weak Potion"},{"floor":24,"key":"Reflective Coating"},{"floor":31,"key":"Doom Potion"},{"floor":33,"key":"Elixir"},{"floor":36,"key":"LiquidMemories"},{"floor":45,"key":"Energy Potion"},{"floor":48,"key":"SkillPotion"}],"is_trial":false,"path_per_floor":["M","?","M","?","?","E","R","M","T","M","M","R","E","M","R","B",null,"M","$","M","?","M","R","?","M","T","M","M","M","$","M","R","B",null,"M","M","?","M","?","R","M","M","T","R","M","M","R","M","R","B",null],"character_chosen":"HERMIT","items_purchased":["Oddly Smooth Stone","hermit:FullyLoaded","Vajra"],"campfire_rested":6,"item_purchase_floors":[19,30,30],"current_hp_per_floor":[75,75,75,60,53,44,44,40,40,39,34,56,33,33,55,45,75,60,60,53,53,50,50,50,49,49,38,38,38,38,38,60,60,75,71,63,63,47,47,47,47,25,25,47,8,8,30,25,47,47],"gold":172,"neow_bonus":"THREE_ENEMY_KILL","is_daily":false,"chose_seed":false,"campfire_upgraded":3,"win_rate":0.0,"timestamp":1610508493,"path_taken":["M","?","?","?","?","E","R","M","T","M","M","R","E","M","R","BOSS","M","$","M","?","M","R","?","M","T","?","M","M","$","M","R","BOSS","M","?","?","M","?","R","M","M","T","R","M","M","R","M","R","BOSS"],"items_purchased_type":["Relic","Card","Relic"],"build_version":"2020-12-22","purchased_purges":2,"victory":true,"max_hp_per_floor":[75,75,75,75,75,75,75,75,75,75,75,75,75,75,75,75,75,75,75,75,75,75,75,75,75,75,75,75,75,75,75,75,75,75,75,75,75,75,75,75,75,75,75,75,75,75,75,75,75,75],"card_choices":[{"not_picked":["hermit:Brawl","hermit:Glare"],"picked":"hermit:Maintenance","floor":1},{"not_picked":["hermit:LowProfile","hermit:Scavenge"],"picked":"hermit:Cheat","floor":3},{"not_picked":["hermit:Roulette","hermit:Deadeye","hermit:Dive"],"picked":"SKIP","floor":6},{"not_picked":["hermit:Snipe","hermit:WideOpen","hermit:BigShot"],"picked":"SKIP","floor":8},{"not_picked":["hermit:Misfire","hermit:SprayPray","hermit:Snipe"],"picked":"SKIP","floor":10},{"not_picked":["hermit:Feint","hermit:Deadeye","hermit:DeadOrAlive"],"picked":"SKIP","floor":11},{"not_picked":["hermit:Snipe","hermit:BigShot","hermit:Grudge"],"picked":"SKIP","floor":13},{"not_picked":["hermit:Headshot","hermit:Grudge"],"picked":"hermit:BodyArmor","floor":14},{"not_picked":["hermit:EternalForm","hermit:FatalDesire"],"picked":"hermit:Magnum","floor":16},{"not_picked":["hermit:BigShot+1","hermit:TakeAim+1","hermit:LuckOfTheDraw"],"picked":"SKIP","floor":18},{"not_picked":["hermit:Quickdraw","hermit:Coalescence","hermit:Enervate"],"picked":"SKIP","floor":20},{"not_picked":["hermit:Quickdraw+1","hermit:LowProfile"],"picked":"hermit:Maintenance+1","floor":22},{"not_picked":["hermit:Headshot","hermit:Ricochet","hermit:ItchyTrigger"],"picked":"SKIP","floor":25},{"not_picked":["hermit:WideOpen","hermit:Deadeye+1","hermit:Quickdraw"],"picked":"SKIP","floor":27},{"not_picked":["hermit:Vantage+1","hermit:Horror+1","hermit:LowProfile"],"picked":"SKIP","floor":28},{"not_picked":["hermit:GhostlyPresence","hermit:Shortfuse"],"picked":"hermit:HighNoon","floor":29},{"not_picked":["hermit:Desperado","hermit:ItchyTrigger","hermit:Snipe"],"picked":"SKIP","floor":31},{"not_picked":["hermit:TrackingShot","hermit:Misfire+1","hermit:LowProfile"],"picked":"SKIP","floor":35},{"not_picked":["hermit:Enervate+1","hermit:Dive","hermit:Midnight"],"picked":"SKIP","floor":36},{"not_picked":["hermit:Ricochet","hermit:DeadMansHand","hermit:CalledShot+1"],"picked":"SKIP","floor":38},{"not_picked":["hermit:Dive+1","hermit:CursedWeapon+1","hermit:Desperado"],"picked":"SKIP","floor":41},{"not_picked":["hermit:LowProfile+1","hermit:Snipe","hermit:HoleUp+1"],"picked":"SKIP","floor":42},{"not_picked":["hermit:CalledShot+1","hermit:DeadMansHand","hermit:ItchyTrigger"],"picked":"SKIP","floor":45},{"not_picked":["hermit:Headshot+1","hermit:BodyArmor+1","hermit:HoleUp+1"],"picked":"SKIP","floor":46},{"not_picked":["hermit:Quickdraw+1","hermit:Magnum","hermit:Vantage"],"picked":"SKIP","floor":48}],"player_experience":82946,"relics_obtained":[{"floor":6,"key":"Omamori"},{"floor":9,"key":"Golden Egg"},{"floor":13,"key":"Calipers"},{"floor":26,"key":"War Paint"},{"floor":43,"key":"Letter Opener"}],"event_choices":[{"cards_removed":["hermit:Snapshot"],"damage_healed":0,"gold_gain":0,"player_choice":"Offered Basic","damage_taken":0,"max_hp_gain":0,"max_hp_loss":0,"event_name":"Bonfire Elementals","floor":2,"gold_loss":0},{"damage_healed":0,"gold_gain":0,"player_choice":"Entered Light","damage_taken":15,"max_hp_gain":0,"max_hp_loss":0,"event_name":"Shining Light","floor":4,"gold_loss":0,"cards_upgraded":["hermit:Defend_Hermit","hermit:Defend_Hermit"]},{"cards_removed":["hermit:Strike_Hermit"],"damage_healed":0,"gold_gain":0,"player_choice":"Card Removal","damage_taken":7,"max_hp_gain":0,"max_hp_loss":0,"event_name":"Golden Wing","floor":5,"gold_loss":0},{"damage_healed":0,"gold_gain":0,"player_choice":"Ignored","damage_taken":0,"max_hp_gain":0,"max_hp_loss":0,"event_name":"The Mausoleum","floor":21,"gold_loss":0},{"damage_healed":0,"gold_gain":0,"player_choice":"Got Potions","damage_taken":0,"max_hp_gain":0,"max_hp_loss":0,"event_name":"Lab","floor":24,"gold_loss":0},{"damage_healed":0,"gold_gain":0,"player_choice":"Paid","damage_taken":0,"relics_obtained":["Red Mask"],"max_hp_gain":0,"max_hp_loss":0,"event_name":"Tomb of Lord Red Mask","floor":37,"gold_loss":160},{"damage_healed":0,"gold_gain":0,"player_choice":"Ignored","damage_taken":0,"max_hp_gain":0,"max_hp_loss":0,"event_name":"NoteForYourself","floor":39,"gold_loss":0}],"is_beta":false,"boss_relics":[{"not_picked":["Coffee Dripper","Runic Dome"],"picked":"Runic Pyramid"},{"not_picked":["hermit:BartenderGlass","Tiny House"],"picked":"SlaversCollar"}],"items_purged_floors":[19,30],"is_endless":false,"potions_floor_spawned":[1,3,6,11,18,28,29,31,33,36,45,48],"ascension_level":0}}