{"host":"ci7cmvrwpmzqnw7e","time":1610519390,"event":{"mods":["BaseMod","BetterRewards","Colored Map","Downfall","GungeonMod","Highlight Path","Hubris","Infinite Spire","Minty Spire (QoL Compilation)","Random Character Button","Rare Cards Sparkle","Replay The Spire","Shop Mod","StSLib","The Cursed"],"gold_per_floor":[109,109,124,124,78,78,98,111,138,63,63,79,95,111,111,214,214,231,244,262,107,122,151,151,170,217,234,245,263,277,277,277,382,382,397,397,414,434,434,434,434],"floor_reached":40,"language":"ENG","playtime":1859,"items_purged":["Strike_P"],"score":433,"play_id":"5ff19331-7029-48fb-8a4c-cdaee715852a","local_time":"20210112232950","is_ascension_mode":false,"campfire_choices":[{"data":"Eruption","floor":6,"key":"SMITH"},{"data":"Tantrum","floor":11,"key":"SMITH"},{"data":"EmptyBody","floor":15,"key":"SMITH"},{"floor":24,"key":"REST"},{"floor":32,"key":"REST"}],"circlet_count":0,"master_deck":["Strike_P","Strike_P","Strike_P","Defend_P","Defend_P","Defend_P","Defend_P","Eruption+1","Vigilance","Halt","FlurryOfBlows+1","FearNoEvil","EmptyBody+1","Tantrum+1","FlurryOfBlows","ConjureBlade","FlurryOfBlows","FlurryOfBlows","Pray+1","Replay:Battleflow","Study","DeusExMachina","Scrawl","Scrawl","infinitespire:FutureSight"],"relics":["PureWater","NeowsBlessing","hubris:Reverence","Toy Ornithopter","hubris:ScarierMask","HandDrill","Bronze Scales","Vajra","Sozu","Gremlin Food"],"acts_visited":["Exordium","TheCity","TheBeyond"],"potions_floor_usage":[22,33,38,38,38],"damage_taken":[{"damage":0,"enemies":"Small Slimes","floor":1,"turns":1},{"damage":0,"enemies":"Cultist","floor":3,"turns":2},{"damage":0,"enemies":"2 Louse","floor":7,"turns":1},{"damage":0,"enemies":"Looter","floor":8,"turns":2},{"damage":1,"enemies":"3 Louse","floor":12,"turns":3},{"damage":11,"enemies":"Exordium Wildlife","floor":13,"turns":3},{"damage":3,"enemies":"Blue Slaver","floor":14,"turns":3},{"damage":23,"enemies":"Fading Forest","floor":16,"turns":11},{"damage":0,"enemies":"3 Byrds","floor":18,"turns":4},{"damage":5,"enemies":"Chosen","floor":19,"turns":4},{"damage":0,"enemies":"3 Cultists","floor":20,"turns":3},{"damage":5,"enemies":"Snecko","floor":22,"turns":3},{"damage":30,"enemies":"Book of Stabbing","floor":23,"turns":4},{"damage":8,"enemies":"Centurion and Healer","floor":25,"turns":3},{"damage":0,"enemies":"3 Cultists","floor":27,"turns":2},{"damage":11,"enemies":"Shelled Parasite and Fungi","floor":28,"turns":4},{"damage":9,"enemies":"Snecko","floor":29,"turns":4},{"damage":6,"enemies":"Centurion and Healer","floor":30,"turns":3},{"damage":18,"enemies":"Champ","floor":33,"turns":6},{"damage":8,"enemies":"3 Shapes","floor":35,"turns":4},{"damage":0,"enemies":"3 Darklings","floor":37,"turns":3},{"damage":27,"enemies":"Transient","floor":38,"turns":5},{"damage":56,"enemies":"Reptomancer","floor":40,"turns":3}],"seed_played":"-6524683307662035166","potions_obtained":[{"floor":7,"key":"BottledMiracle"},{"floor":12,"key":"LiquidMemories"},{"floor":14,"key":"Energy Potion"},{"floor":16,"key":"LifebloodPotion"},{"floor":25,"key":"Energy Potion"},{"floor":30,"key":"Regen Potion"},{"floor":33,"key":"ColorlessPotion"}],"is_trial":false,"path_per_floor":["M","?","M","?","$","R","M","M","T","$","R","M","M","M","R","B",null,"M","M","M","$","M","E","R","M","T","M","M","M","M","?","R","B",null,"M","?","M","M","AVR","E"],"character_chosen":"WATCHER","items_purchased":["EmptyBody","HandDrill"],"campfire_rested":2,"item_purchase_floors":[5,21],"current_hp_per_floor":[72,72,72,72,72,72,72,72,72,72,72,71,60,57,57,42,72,72,67,67,67,67,37,58,50,50,50,39,30,24,24,45,47,72,64,64,64,49,49,0,0],"gold":434,"neow_bonus":"THREE_ENEMY_KILL","is_daily":false,"chose_seed":false,"campfire_upgraded":3,"win_rate":0.0,"timestamp":1610519390,"path_taken":["M","?","?","?","$","R","M","M","T","$","R","M","M","M","R","BOSS","M","M","M","$","M","E","R","M","T","M","M","M","M","?","R","BOSS","M","?","M","M","AVR","E"],"items_purchased_type":["Card","Relic"],"build_version":"2020-12-22","purchased_purges":1,"victory":false,"max_hp_per_floor":[72,72,72,72,72,72,72,72,72,72,72,72,72,72,72,72,72,72,72,72,72,72,72,72,72,72,72,72,72,72,72,72,72,72,72,72,72,72,72,72,72],"card_choices":[{"not_picked":["Replay:Hum","Evaluate"],"picked":"Halt","floor":1},{"not_picked":["DeceiveReality","Nirvana"],"picked":"FlurryOfBlows","floor":2},{"not_picked":["SashWhip","EmptyMind"],"picked":"FearNoEvil","floor":3},{"not_picked":["BowlingBash","Protect"],"picked":"Tantrum","floor":7},{"not_picked":["Meditate","Halt","Conclude"],"picked":"SKIP","floor":8},{"not_picked":["EmptyFist","PathToVictory"],"picked":"FlurryOfBlows","floor":12},{"not_picked":["Replay:Hum","ReachHeaven","Replay:BluntJabs"],"picked":"SKIP","floor":13},{"not_picked":["CutThroughFate","DevaForm","WheelKick"],"picked":"SKIP","floor":14},{"not_picked":["Establishment","Replay:LoomingThreat"],"picked":"ConjureBlade","floor":16},{"not_picked":["Vengeance+1","Replay:BluntJabs+1"],"picked":"FlurryOfBlows","floor":18},{"not_picked":["Weave","InnerPeace"],"picked":"FlurryOfBlows","floor":19},{"not_picked":["Evaluate+1","Perseverance"],"picked":"Pray+1","floor":20},{"not_picked":["Protect+1","Replay:Anticipation"],"picked":"Replay:Battleflow","floor":22},{"not_picked":["Replay:Hum","ConjureBlade"],"picked":"Study","floor":23},{"not_picked":["Replay:BluntJabs","JustLucky","Nirvana"],"picked":"SKIP","floor":25},{"not_picked":["Replay:Anticipation+1","WindmillStrike","WreathOfFlame+1"],"picked":"SKIP","floor":27},{"not_picked":["Halt","BowlingBash+1","ThirdEye"],"picked":"SKIP","floor":28},{"not_picked":["FearNoEvil","EmptyFist","BattleHymn+1"],"picked":"SKIP","floor":29},{"not_picked":["WreathOfFlame","Replay:Anticipation"],"picked":"DeusExMachina","floor":30},{"not_picked":["Replay:AllIn","Ragnarok"],"picked":"Scrawl","floor":33},{"not_picked":["Replay:BluntJabs","ClearTheMind","FollowUp"],"picked":"SKIP","floor":35},{"not_picked":["Vengeance+1","Replay:Vibes+1","Consecrate+1"],"picked":"SKIP","floor":37},{"not_picked":["Nirvana","JustLucky"],"picked":"Scrawl","floor":38}],"player_experience":67239,"relics_obtained":[{"floor":2,"key":"hubris:Reverence"},{"floor":9,"key":"Toy Ornithopter"},{"floor":23,"key":"Bronze Scales"},{"floor":26,"key":"Vajra"}],"event_choices":[{"damage_healed":0,"gold_gain":0,"player_choice":"Ignored","damage_taken":0,"max_hp_gain":0,"max_hp_loss":0,"event_name":"The Mausoleum","floor":31,"gold_loss":0},{"damage_healed":0,"gold_gain":0,"player_choice":"Memory 1","damage_taken":0,"max_hp_gain":0,"max_hp_loss":0,"event_name":"SensoryStone","floor":36,"gold_loss":0}],"is_beta":false,"boss_relics":[{"not_picked":["Replay:Bronze Core","Ectoplasm"],"picked":"hubris:ScarierMask"},{"not_picked":["Replay:Grab Bag","Snecko Eye"],"picked":"Sozu"}],"items_purged_floors":[10],"is_endless":false,"potions_floor_spawned":[7,12,14,16,18,20,25,29,30,33,37],"killed_by":"Reptomancer","ascension_level":0}}