{"host":"3oax8yz66k5njorr","time":1610551197,"event":{"mods":["AchievementEnabler","BaseMod","Colored Map","Colored Powertips","DeckTracker","Minty Spire (QoL Compilation)","Rare Cards Sparkle"],"gold_per_floor":[119,139,158,174,188,201,229,245,272,54,54,54,54,73,73,174,174,188,198,53,70,81,107,107,118,166,166,185,185,212,228,228,228,228],"floor_reached":33,"language":"KOR","playtime":2635,"items_purged":["Strike_G"],"score":295,"play_id":"7242b6df-96c5-4abb-9ba2-892c15d64507","local_time":"20210114001957","is_ascension_mode":false,"campfire_choices":[{"floor":11,"key":"REST"},{"floor":15,"key":"REST"},{"data":"Night Terror","floor":27,"key":"SMITH"},{"floor":29,"key":"REST"},{"floor":32,"key":"REST"}],"circlet_count":0,"master_deck":["Strike_G+1","Strike_G+1","Strike_G+1","Strike_G+1","Defend_G+1","Defend_G+1","Defend_G+1","Defend_G+1","Defend_G+1","Survivor+1","Neutralize","Dagger Spray","Deadly Poison","Bane","Dagger Throw","Blur","Glass Knife","Adrenaline","Poisoned Stab","PiercingWail","Panacea","Cloak And Dagger","Night Terror+1","Crippling Poison","Footwork+1","Blade Dance+1","Reflex+1","Catalyst","Deadly Poison+1","Quick Slash+1","PiercingWail","Well Laid Plans+1"],"relics":["Ring of the Serpent","Bronze Scales","War Paint","Orichalcum","Bag of Marbles","Blood Vial","Dream Catcher","Lantern"],"acts_visited":["Exordium","TheCity"],"potions_floor_usage":[7,16,16,23,23,23,30,30],"damage_taken":[{"damage":0,"enemies":"2 Louse","floor":1,"turns":3},{"damage":5,"enemies":"Small Slimes","floor":2,"turns":3},{"damage":0,"enemies":"Cultist","floor":3,"turns":3},{"damage":5,"enemies":"Looter","floor":4,"turns":4},{"damage":4,"enemies":"Red Slaver","floor":5,"turns":3},{"damage":1,"enemies":"2 Fungi Beasts","floor":6,"turns":3},{"damage":34,"enemies":"Lagavulin","floor":7,"turns":7},{"damage":0,"enemies":"Blue Slaver","floor":8,"turns":3},{"damage":0,"enemies":"3 Louse","floor":14,"turns":2},{"damage":36,"enemies":"The Guardian","floor":16,"turns":7},{"damage":6,"enemies":"Shell Parasite","floor":18,"turns":5},{"damage":11,"enemies":"Spheric Guardian","floor":19,"turns":4},{"damage":2,"enemies":"Centurion and Healer","floor":21,"turns":5},{"damage":6,"enemies":"3 Cultists","floor":22,"turns":6},{"damage":8,"enemies":"Slavers","floor":23,"turns":6},{"damage":1,"enemies":"Snake Plant","floor":25,"turns":4},{"damage":16,"enemies":"Shelled Parasite and Fungi","floor":28,"turns":7},{"damage":16,"enemies":"Gremlin Leader","floor":30,"turns":6},{"damage":0,"enemies":"Cultist and Chosen","floor":31,"turns":6},{"damage":64,"enemies":"Automaton","floor":33,"turns":6}],"seed_played":"-8248060925751305681","potions_obtained":[{"floor":2,"key":"Dexterity Potion"},{"floor":3,"key":"Explosive Potion"},{"floor":4,"key":"PowerPotion"},{"floor":7,"key":"AttackPotion"},{"floor":14,"key":"BlessingOfTheForge"},{"floor":21,"key":"Block Potion"},{"floor":22,"key":"EssenceOfSteel"},{"floor":23,"key":"SpeedPotion"},{"floor":25,"key":"Energy Potion"}],"is_trial":false,"path_per_floor":["M","M","M","M","M","M","E","M","T","$","R","?","?","M","R","B",null,"M","M","$","M","M","E","?","M","T","R","M","R","E","M","R","B"],"character_chosen":"THE_SILENT","items_purchased":["PiercingWail","Panacea","Bag of Marbles"],"campfire_rested":4,"item_purchase_floors":[10,10,20],"current_hp_per_floor":[70,65,65,60,56,55,21,21,21,21,42,30,30,30,51,15,70,64,53,53,51,45,37,37,38,38,38,24,45,31,33,54,0,0],"gold":228,"neow_bonus":"THREE_CARDS","is_daily":false,"chose_seed":false,"campfire_upgraded":1,"win_rate":0.0,"timestamp":1610551197,"path_taken":["M","M","M","M","M","M","E","M","T","$","R","?","?","M","R","BOSS","M","M","$","M","M","E","?","M","T","R","M","R","E","M","R","BOSS"],"items_purchased_type":["Card","Card","Relic"],"build_version":"2020-12-22","purchased_purges":1,"victory":false,"max_hp_per_floor":[70,70,70,70,70,70,70,70,70,70,70,70,70,70,70,70,70,70,70,70,70,70,70,70,70,70,70,70,70,70,70,70,70,70],"card_choices":[{"not_picked":["Eviscerate","PiercingWail"],"picked":"Dagger Spray","floor":0},{"not_picked":["PiercingWail","Dodge and Roll"],"picked":"Deadly Poison","floor":1},{"not_picked":["Noxious Fumes","Accuracy"],"picked":"Bane","floor":2},{"not_picked":["Acrobatics","Heel Hook"],"picked":"Dagger Throw","floor":3},{"not_picked":["Deflect","Blade Dance"],"picked":"Blur","floor":4},{"not_picked":["Infinite Blades","Sucker Punch"],"picked":"Glass Knife","floor":5},{"not_picked":["Distraction","Caltrops","Acrobatics"],"picked":"SKIP","floor":6},{"not_picked":["Blur","Dash"],"picked":"Adrenaline","floor":7},{"not_picked":["Blade Dance","Acrobatics"],"picked":"Poisoned Stab","floor":8},{"not_picked":["Eviscerate","Deadly Poison"],"picked":"Cloak And Dagger","floor":14},{"not_picked":["Wraith Form v2","Unload"],"picked":"Night Terror","floor":16},{"not_picked":["Deflect","Cloak And Dagger","Heel Hook+1"],"picked":"SKIP","floor":18},{"not_picked":["Sucker Punch","Flying Knee"],"picked":"Crippling Poison","floor":19},{"not_picked":["Backstab","Dodge and Roll"],"picked":"Footwork+1","floor":21},{"not_picked":["Dagger Spray","Deflect"],"picked":"Blade Dance+1","floor":22},{"not_picked":["Sucker Punch","Poisoned Stab"],"picked":"Reflex+1","floor":23},{"not_picked":["Dash+1","Night Terror"],"picked":"Catalyst","floor":25},{"not_picked":["Poisoned Stab","Flying Knee"],"picked":"Deadly Poison+1","floor":28},{"not_picked":["Cloak And Dagger","Riddle With Holes"],"picked":"Quick Slash+1","floor":29},{"not_picked":["Skewer+1","Leg Sweep"],"picked":"PiercingWail","floor":30},{"not_picked":["Deflect+1","Riddle With Holes","Sucker Punch"],"picked":"SKIP","floor":31},{"not_picked":["Night Terror","Flechettes+1"],"picked":"Well Laid Plans+1","floor":32}],"player_experience":45039,"relics_obtained":[{"floor":7,"key":"Bronze Scales"},{"floor":9,"key":"War Paint"},{"floor":23,"key":"Blood Vial"},{"floor":26,"key":"Dream Catcher"},{"floor":30,"key":"Lantern"}],"event_choices":[{"damage_healed":0,"gold_gain":0,"player_choice":"Success","damage_taken":12,"relics_obtained":["Orichalcum"],"max_hp_gain":0,"max_hp_loss":0,"event_name":"Scrap Ooze","floor":12,"gold_loss":0},{"damage_healed":0,"gold_gain":0,"player_choice":"Ignored","damage_taken":0,"max_hp_gain":0,"max_hp_loss":0,"event_name":"Liars Game","floor":13,"gold_loss":0},{"damage_healed":0,"gold_gain":0,"player_choice":"Simplicity","damage_taken":0,"max_hp_gain":0,"max_hp_loss":0,"event_name":"Back to Basics","floor":24,"gold_loss":0,"cards_upgraded":["Strike_G","Strike_G","Strike_G","Strike_G","Defend_G","Defend_G","Defend_G","Defend_G"]}],"is_beta":false,"boss_relics":[{"not_picked":["Runic Dome","Philosopher\u0027s Stone"],"picked":"Ring of the Serpent"}],"items_purged_floors":[10],"is_endless":false,"potions_floor_spawned":[2,3,4,7,14,21,22,23,25],"killed_by":"Automaton","ascension_level":0}}