{"host":"7shwfndhsvekljlk","time":1610541150,"event":{"mods":["Act Like it!","Arknights The Spire","Aspiration","BaseMod","Downfall-Rebalance","Minty Spire (QoL Compilation)","Quick Restart","StSLib","The Bladedancer","The Construct","The Runesmith","WarShipGirlsR/战舰少女R mod","[地精首领爬塔]The Maniac","【遗物卡牌】REMEMod"],"gold_per_floor":[112,287,287,305,1,39,39,79,79,79,93,93,113,129,129,255,255,250,11,24,24,45,45,89,89,89,107,123,166,189,203,203,323,323,541,541,554,617,82,115,188,268,292,310,310,324,342,378,378,378],"floor_reached":51,"language":"ZHS","playtime":4336,"items_purged":["Injury"],"score":909,"play_id":"6e323627-e7bc-4635-a218-1dc8ed3bc2eb","local_time":"20210113203230","is_ascension_mode":false,"campfire_choices":[{"data":"maniac:ShiftingShadows","floor":7.0,"key":"SMITH"},{"data":"maniac:Collecting","floor":10.0,"key":"SMITH"},{"data":"maniac:ColdHeart","floor":12.0,"key":"SMITH"},{"floor":15.0,"key":"REST"},{"data":"maniac:AbyssShackle","floor":23.0,"key":"SMITH"},{"floor":25.0,"key":"REST"},{"floor":32.0,"key":"DIG"},{"data":"Doubt","floor":49,"key":"PURGE"}],"circlet_count":0,"master_deck":["maniac:Strike+1","maniac:Strike+1","maniac:Strike+1","maniac:Strike+1","maniac:Defend+1","maniac:Defend+1","maniac:Defend+1","maniac:Defend+1","maniac:BurnBlood+1","maniac:AbyssShackle+1","maniac:Reforge+1","maniac:ShiftingShadows+1","maniac:SeekerKnife+1","maniac:Collecting+1","maniac:ColdHeart+1","maniac:UntravelledPath+1","maniac:SpectralKnives+1","maniac:TwistedEddies+1","maniac:Reforge+1","maniac:Collecting+1","maniac:UntravelledPath+1","maniac:Collecting+1","maniac:DashForward+1","maniac:Retrospect+1","maniac:Exterminator+1","maniac:ShadowContact+1","maniac:Humiliation","maniac:Intimidate+1","sneckomod:UnknownRareSkill+1","maniac:BladeEnd+1"],"relics":["maniac:EnchantedAnvil","maniac:BrokenHorn","REME_ComplimentaryCards","NeowsBlessing","Golden Idol","Chemical X","Centennial Puzzle","The Courier","Boot","maniac:VisionEye","REME_PuzzleBoxRelic","construct:BoolHorns","DollysMirror","REME_HandOfSuture","Gambling Chip","Shovel","Bag of Marbles","HornCleat","Happy Flower","Ornamental Fan","Thread and Needle","Tiny Chest","Toy Ornithopter","maniac:MarkerPen","REME_DemonsWealth","construct:FoamFinger","FossilizedHelix","Prayer Wheel","Du-Vu Doll","WingedGreaves","Akabeko","Medical Kit","Ginger","Ancient Tea Set","Incense Burner","Peace Pipe","Kunai","Omamori","Gremlin Horn","Question Card","Pocketwatch"],"acts_visited":["Exordium","TheCity","TheBeyond"],"potions_floor_usage":[44,50],"damage_taken":[{"damage":0.0,"enemies":"Jaw Worm","floor":1.0,"turns":1.0},{"damage":0.0,"enemies":"Cultist","floor":4.0,"turns":1.0},{"damage":0.0,"enemies":"Lagavulin","floor":6.0,"turns":3.0},{"damage":43.0,"enemies":"Gremlin Nob","floor":8.0,"turns":6.0},{"damage":6.0,"enemies":"2 Louse","floor":11.0,"turns":2.0},{"damage":4.0,"enemies":"Looter","floor":13.0,"turns":3.0},{"damage":14.0,"enemies":"2 Fungi Beasts","floor":14.0,"turns":2.0},{"damage":65.0,"enemies":"Hexaghost","floor":16.0,"turns":9.0},{"damage":13.0,"enemies":"2 Thieves","floor":18.0,"turns":4.0},{"damage":6.0,"enemies":"Spheric Guardian","floor":20.0,"turns":1.0},{"damage":18.0,"enemies":"Snake Plant","floor":22.0,"turns":2.0},{"damage":39.0,"enemies":"Book of Stabbing","floor":24.0,"turns":4.0},{"damage":0.0,"enemies":"Centurion and Healer","floor":27.0,"turns":1.0},{"damage":7.0,"enemies":"Cultist and Chosen","floor":28.0,"turns":7.0},{"damage":0.0,"enemies":"REME_1_Revenger","floor":29.0,"turns":4.0},{"damage":0.0,"enemies":"Chosen and Byrds","floor":30.0,"turns":2.0},{"damage":0.0,"enemies":"Centurion and Healer","floor":31.0,"turns":2.0},{"damage":33.0,"enemies":"Champ","floor":33.0,"turns":12.0},{"damage":3.0,"enemies":"3 Shapes","floor":35.0,"turns":2.0},{"damage":0.0,"enemies":"3 Darklings","floor":37.0,"turns":3.0},{"damage":0,"enemies":"Mind Bloom Boss Battle","floor":38,"turns":9},{"damage":0,"enemies":"Nemesis","floor":40,"turns":4},{"damage":0,"enemies":"2 Orb Walkers","floor":41,"turns":3},{"damage":0,"enemies":"Sphere and 2 Shapes","floor":44,"turns":1},{"damage":0,"enemies":"Jaw Worm Horde","floor":46,"turns":4},{"damage":0,"enemies":"Transient","floor":47,"turns":5},{"damage":12,"enemies":"Giant Head","floor":48,"turns":6},{"damage":6,"enemies":"Awakened One","floor":50,"turns":9}],"seed_played":"2219055908287049075","potions_obtained":[{"floor":6.0,"key":"FairyPotion"},{"floor":8.0,"key":"FearPotion"},{"floor":11.0,"key":"SteroidPotion"},{"floor":13.0,"key":"PowerPotion"},{"floor":16.0,"key":"Energy Potion"},{"floor":20.0,"key":"EntropicBrew"},{"floor":27.0,"key":"EssenceOfSteel"},{"floor":33.0,"key":"DuplicationPotion"},{"floor":38,"key":"BlessingOfTheForge"},{"floor":40,"key":"Fire Potion"},{"floor":44,"key":"FearPotion"}],"is_trial":false,"path_per_floor":["M","?","?","M","$","E","R","E","T","R","M","R","M","M","R","B",null,"M","$","M","?","M","R","E","R","T","M","M","E","M","M","R","B",null,"M","?","M","?","$","E","?","T","T","M","?","M","M","E","R","B",null],"character_chosen":"THE_MANIAC","items_purchased":["Chemical X","Centennial Puzzle","DollysMirror","REME_HandOfSuture","Akabeko","Medical Kit","Ginger"],"campfire_rested":2,"item_purchase_floors":[5,5,19,19,39,39,39],"current_hp_per_floor":[80,80,80,80,80,80,80,37,37,37,31,31,35,23,47,12,80,75,75,69,69,51,51,12,36,36,36,29,29,29,29,29,6,80,77,76,76,76,76,76,76,76,76,76,76,76,76,64,64,63],"gold":378,"neow_bonus":"THREE_ENEMY_KILL","is_daily":false,"chose_seed":false,"campfire_upgraded":4,"win_rate":0.0,"timestamp":1610541150,"path_taken":["M","?","?","M","$","E","R","E","T","R","M","R","M","M","R","BOSS","M","$","M","?","M","R","E","R","T","M","M","E","M","M","R","BOSS","M","?","M","?","$","E","?","?","T","M","?","M","M","E","R","BOSS"],"items_purchased_type":["Relic","Relic","Relic","Relic","Relic","Relic","Relic"],"build_version":"2020-12-22","purchased_purges":1,"victory":true,"max_hp_per_floor":[80,80,80,80,80,80,80,80,80,80,80,80,80,80,80,80,80,80,80,80,80,80,80,80,80,80,80,80,80,80,80,80,80,80,80,76,76,76,76,76,76,76,76,76,76,76,76,76,76,76],"card_choices":[{"not_picked":["maniac:ListenToNone","maniac:ShelteringEdge"],"picked":"maniac:Reforge","floor":1.0},{"not_picked":["maniac:ShelteringEdge","maniac:ListenToNone"],"picked":"maniac:ShiftingShadows","floor":4.0},{"not_picked":["maniac:GlassScratch","maniac:ShelteringEdge"],"picked":"maniac:SeekerKnife","floor":6.0},{"not_picked":["maniac:Intimidate","maniac:Refine"],"picked":"maniac:Collecting","floor":8.0},{"not_picked":["maniac:WardAndDefend","maniac:ObscuredAttack"],"picked":"maniac:ColdHeart","floor":11.0},{"not_picked":["maniac:SeekerKnife","maniac:HammerStrike"],"picked":"maniac:UntravelledPath","floor":13.0},{"not_picked":["maniac:TorturousScreams","maniac:ShadowContact"],"picked":"maniac:SpectralKnives","floor":14.0},{"not_picked":["maniac:Simulacrum","maniac:Trap"],"picked":"maniac:TwistedEddies","floor":16.0},{"not_picked":["maniac:BladesInCloak+1","maniac:MeleeStrike"],"picked":"maniac:Reforge","floor":18.0},{"not_picked":["maniac:ListenToNone","maniac:ColdHeart"],"picked":"maniac:UntravelledPath+1","floor":20.0},{"not_picked":["maniac:MeleeStrike","maniac:FindAShortcut","maniac:WitnessTrueSorcery"],"picked":"SKIP","floor":22.0},{"not_picked":["maniac:MeleeStrike","maniac:UndyingDesire"],"picked":"maniac:DashForward","floor":24.0},{"not_picked":["maniac:BladeShoot","maniac:DashForward"],"picked":"maniac:Retrospect","floor":27.0},{"not_picked":["maniac:Confront","maniac:SpectralFlash+1"],"picked":"maniac:Exterminator+1","floor":28.0},{"not_picked":["maniac:Confront","maniac:PanickyParry+1","maniac:DashForward"],"picked":"SKIP","floor":29.0},{"not_picked":["maniac:Collecting","maniac:PanickyParry","maniac:Confront"],"picked":"SKIP","floor":30.0},{"not_picked":["maniac:ArmToTheTeeth+1","maniac:ShelteringEdge","maniac:FindAShortcut+1"],"picked":"SKIP","floor":31.0},{"not_picked":["maniac:Simulacrum","maniac:StormOfTime"],"picked":"maniac:ShadowContact","floor":33.0},{"not_picked":["maniac:ListenToNone","maniac:GlassScratch+1","maniac:BladeShoot+1"],"picked":"maniac:Humiliation","floor":35.0},{"not_picked":["maniac:ColdHeart+1","maniac:Blastwave","maniac:Humiliation"],"picked":"maniac:Intimidate+1","floor":37.0},{"not_picked":["sneckomod:UnknownClassMANIAC_BLUE_COLOR+1","sneckomod:Unknown0Cost+1","sneckomod:UnknownUncommonSkill+1"],"picked":"sneckomod:UnknownRareSkill+1","floor":38},{"not_picked":["maniac:SpectralKnives+1","maniac:MeleeStrike","maniac:WardAndDefend+1","blademaster:WrongfulFootwork"],"picked":"SKIP","floor":40},{"not_picked":["maniac:SeekerKnife","maniac:UntravelledPath","maniac:ListenToNone+1","blademaster:WrongfulFootwork"],"picked":"SKIP","floor":44},{"not_picked":["maniac:Retrospect+1","maniac:ShiftingShadows","maniac:SpectralKnives","Pain"],"picked":"SKIP","floor":44},{"not_picked":["maniac:BladesInCloak+1","maniac:BladeArtist","maniac:ShelteringEdge+1","maniac:Hasten+1","Pain"],"picked":"SKIP","floor":46},{"not_picked":["maniac:ReachVictory","maniac:ManipulatedFaith+1","maniac:Assassinate","maniac:ShiftingShadows+1","maniac:Guilty"],"picked":"SKIP","floor":46},{"not_picked":["maniac:ArmToTheTeeth","maniac:BladeShoot","maniac:BladeEnd+1","maniac:Infuriate+1","blademaster:WrongfulFootwork"],"picked":"SKIP","floor":47},{"not_picked":["maniac:PanickyParry","maniac:Refine","maniac:Confront","maniac:BladeShoot","maniac:Guilty"],"picked":"SKIP","floor":47},{"not_picked":["maniac:SpectralKnives+1","maniac:HammerStrike","maniac:HammerDown","Shame"],"picked":"maniac:BladeEnd+1","floor":48}],"player_experience":113148,"relics_obtained":[{"floor":6.0,"key":"The Courier"},{"floor":8.0,"key":"Boot"},{"floor":9.0,"key":"maniac:VisionEye"},{"floor":24.0,"key":"Bag of Marbles"},{"floor":26.0,"key":"HornCleat"},{"floor":29.0,"key":"Tiny Chest"},{"floor":32.0,"key":"Toy Ornithopter"},{"floor":38,"key":"WingedGreaves"},{"floor":40,"key":"Ancient Tea Set"},{"floor":41,"key":"Peace Pipe"},{"floor":42,"key":"Kunai"},{"floor":43,"key":"Omamori"},{"floor":48,"key":"Pocketwatch"}],"event_choices":[{"damage_healed":0.0,"max_hp_gain":0.0,"max_hp_loss":0.0,"gold_gain":175.0,"event_name":"Liars Game","player_choice":"AGREE","floor":2.0,"gold_loss":0.0,"damage_taken":0.0,"cards_obtained":["Doubt"]},{"damage_healed":0.0,"max_hp_gain":0.0,"max_hp_loss":0.0,"gold_gain":0.0,"event_name":"Golden Idol","player_choice":"Take Wound","floor":3.0,"gold_loss":0.0,"damage_taken":0.0,"relics_obtained":["Golden Idol"],"cards_obtained":["Injury"]},{"damage_healed":0.0,"max_hp_gain":0.0,"max_hp_loss":0.0,"gold_gain":0.0,"event_name":"Duplicator","player_choice":"Copied","floor":21.0,"gold_loss":0.0,"damage_taken":0.0,"cards_obtained":["maniac:Collecting"]},{"damage_healed":0.0,"max_hp_gain":0.0,"max_hp_loss":4.0,"gold_gain":0.0,"event_name":"Winding Halls","player_choice":"Max HP","floor":36.0,"gold_loss":0.0,"damage_taken":0.0},{"damage_healed":0,"gold_gain":0,"player_choice":"Fight","damage_taken":0,"max_hp_gain":0,"max_hp_loss":0,"event_name":"MindBloom","floor":38,"gold_loss":0},{"damage_healed":0,"gold_gain":0,"player_choice":"Fight","damage_taken":0,"max_hp_gain":0,"max_hp_loss":0,"event_name":"Mysterious Sphere","floor":41,"gold_loss":0},{"cards_removed":["maniac:Strike"],"damage_healed":0,"gold_gain":0,"player_choice":"Removed Attack","damage_taken":0,"max_hp_gain":0,"max_hp_loss":0,"event_name":"Falling","floor":45,"gold_loss":0}],"is_beta":false,"boss_relics":[{"not_picked":["construct:WeddingRing","SacredBark"],"picked":"maniac:EnchantedAnvil"},{"not_picked":["Runesmith:UraniumAnvil","Calling Bell"],"picked":"REME_DemonsWealth"}],"items_purged_floors":[39],"is_endless":false,"potions_floor_spawned":[6,8,11,13,16,20,27,28,30,33,38,40,44,46,47],"ascension_level":0}}