{"host":"i21o3ayfb6i2uabp","time":1610497301,"event":{"mods":["2.2 Compatiblity","A Magickal Journey","AchievementEnabler","Act Like it!","AlwaysNeverKeys","Aspiration","Bartender","BaseMod","Beaked The Cultist","Better Altar","Better Match","Better Note","Better Third Choice","Better-Laid Plans","BetterRewards","CCEM","CapriCore","ChefMod","Clawfect","Clockwork Mod","Colored Map","Colored Powertips","Conjunction","Conspire","DNKmod","Defuse TimeMaze Blight","Disable Question Mark Monsters","Displayed Cursed Tome","Energized Spire","Evolution","Fiend Mod","Fireblade Mod","Friendly Minions","GifTheSpireLib","Grow up Mod","Halation","Hallownest","Hermit","HexUI Lib","Hubris","Infinite Spire","Jorbs\u0027s Wanderer Trilogy","Key Reminder","Kratos Character Expansion","Lobotomy","LobotomyExtend","Mad Scientist","Marked Mod","Minty Spire (QoL Compilation)","Nova Terra(??·??)","Permanent Neow","Prisma Mod","QueenMod","Quick Restart","Railgun Mod","Rare Cards Sparkle","Relic Stats","Remilia_Scarlet Moed?????·?????3.3.5","Remove Card Discount Mod","Replay The Spire","Retaliation","RumiaBox-????????","SOS???????","Shade Mod","Small Relic Pack","Spicy Shops","Spikes Relics","StSLib","Stuff the Spire","SuperFastMode","The Alterego","The Cursed","The Druid","The Immortal","The Kombatant","The Marked","The Vixen","TheHeartMod","TheHero","TheVacant","TheWitcher","Trackpad","Transform Curses","Uncapped","vexMod"],"gold_per_floor":[1019,1038,1056,1074,800,830,840,840,892,917,949,971,998,1010,1022,1131,1809,1840,1868,1895,1573,1088,1088,1088,1102,1149,1242,1260,1282,1329,1359,1359,1468,1468,1495,1513,1538,690,690,690,690,690,714,714,734,734,760,798,798,805,805,805,294,346,408],"floor_reached":56,"language":"ENG","playtime":5042,"items_purged":[],"score":1440,"play_id":"6657ccc1-2bd1-4cc5-9d78-8aba3b77b216","local_time":"20210112162141","is_ascension_mode":false,"campfire_choices":[{"data":"Shade:SoulPierce","floor":15,"key":"SMITH"},{"data":"Shade:LichForm","floor":23,"key":"SMITH"},{"floor":32,"key":"RECALL"},{"data":"Reforge","floor":40,"key":"SMITH"},{"data":"Shade:TouchOfTheGrave","floor":44,"key":"SMITH"},{"data":"Shade:LichForm","floor":46,"key":"SMITH"},{"data":"Shade:GreaterAnimation","floor":49,"key":"SMITH"},{"data":"Shade:FleshToFlesh","floor":52,"key":"SMITH"}],"circlet_count":0,"master_deck":["Shade:Strike_Shade","Shade:Strike_Shade","Shade:Strike_Shade","Shade:Defend_Shade","Shade:Defend_Shade","Shade:Defend_Shade","Shade:Defend_Shade","Shade:AnimateDead","Shade:CarefulCut","Shade:DarkOfNight","Shade:Brains","Shade:FleshToFlesh","Shade:FuneraryArmor","Shade:StitchTogether","Reforge+1","Shade:Trample","Shade:SoulPierce+1","Shade:FleshOffering","Shade:WallOfFlesh","Shade:FleshToFlesh+1","Shade:Brains","Shade:WallOfFlesh","Shade:LichForm+1","Shade:FingerOfDeath","Shade:GreyBargain","Shade:GreaterAnimation+1","Shade:Bonestorm","infinitespire:Execution","Shade:Putrefaction","Shade:FreshBones","Shade:AncientSpear","Shade:SkeletonHug","Shade:SkeletonHug","Shade:LichForm+1","StuffTheSpire:GnomedCurse","Parasite","stsjorbsmod:Procrastination","Shade:FuneraryArmor","Shade:PoundOfFlesh","Shade:TouchOfTheGrave+1","ReplayUltimateDefense","Shade:FleshToFlesh","Shade:CoffinDance+1","Shade:FleshToFlesh+1","Shade:GraveStillness","Finesse","Shade:CoffinDance","Shade:CoffinDance+1"],"relics":["Shade:YorickSkull","EVO:Axolotl","BlackRope","halation:EternalFortune","MawBank","Hallownest:DreamNailRelic","vexMod:RockOfEvil","trackpad:PetRock","halation:IllGainedPizza","aspiration:HiddenCompartment","aspiration:VileToxins","Replay:Ancient Bell","StuffTheSpire:GrapeVine","infinitespire:CheckeredPen","trackpad:ToughGloves","trackpad:PocketGalaxy","Orichalcum","SpikesRelics:ToyHorsey","relicPack:OneForAll","CCEMRelics:SpiritsEdge","CCEMRelics:JestersCrown","Membership Card","hubris:SphereOfDissonance","halation:TwoAmDonut","vexMod:RetaliationKit"],"acts_visited":["Hallownest:Greenpath","TheCity","TheBeyond","TheEnding"],"potions_floor_usage":[],"damage_taken":[{"damage":0,"enemies":"Hallownest:2_Baldur","floor":1,"turns":3},{"damage":0,"enemies":"Hallownest:2_Tiktiks_and_1_Crawlid","floor":2,"turns":3},{"damage":0,"enemies":"2_ Uuma","floor":3,"turns":7},{"damage":0,"enemies":"Hallownest:Guard_and_Warrior","floor":4,"turns":10},{"damage":0,"enemies":"Hallownest:eliteVengeflyKing","floor":6,"turns":10},{"damage":0,"enemies":"Hallownest:monsterAspidMother","floor":7,"turns":7},{"damage":0,"enemies":"Hallownest:eliteCrystalGuardian","floor":10,"turns":6},{"damage":0,"enemies":"Hallownest:monsterMossCharger","floor":11,"turns":6},{"damage":0,"enemies":"Hallownest:2_Tiktiks_1_Baldur_1_Crawlid","floor":12,"turns":2},{"damage":0,"enemies":"Hallownest:Guard_and_Warrior","floor":13,"turns":6},{"damage":0,"enemies":"Hallownest:BossHornet","floor":16,"turns":11},{"damage":0,"enemies":"Spheric Guardian","floor":18,"turns":5},{"damage":23,"enemies":"conspire:FuzzyDice","floor":19,"turns":11},{"damage":0,"enemies":"conspire:HollyBat","floor":20,"turns":8},{"damage":9,"enemies":"Sentry and Sphere","floor":25,"turns":8},{"damage":12,"enemies":"Snecko","floor":28,"turns":8},{"damage":0,"enemies":"conspire:HollyBat","floor":29,"turns":8},{"damage":32,"enemies":"Book of Stabbing","floor":30,"turns":7},{"damage":0,"enemies":"Cultist and Chosen","floor":31,"turns":8},{"damage":35,"enemies":"Collector","floor":33,"turns":8},{"damage":0,"enemies":"3 Shapes","floor":35,"turns":5},{"damage":2,"enemies":"Orb Walker","floor":36,"turns":5},{"damage":25,"enemies":"Jaw Worm Horde","floor":37,"turns":7},{"damage":17,"enemies":"Spire Growth","floor":45,"turns":6},{"damage":3,"enemies":"Sphere and 2 Shapes","floor":47,"turns":7},{"damage":20,"enemies":"Giant Head","floor":48,"turns":7},{"damage":208,"enemies":"LordOfAnnihilation","floor":50,"turns":14},{"damage":129,"enemies":"Shield and Spear","floor":54,"turns":9},{"damage":42,"enemies":"The Heart","floor":55,"turns":7}],"seed_played":"1078792926761260913","potions_obtained":[{"floor":1,"key":"Elixir"},{"floor":2,"key":"Languid Potion"},{"floor":10,"key":"Adrenaline Potion"},{"floor":11,"key":"Fire Potion"},{"floor":19,"key":"PowerPotion"}],"is_trial":false,"path_per_floor":["M","M","M","M","$","E","M","?","T","E","M","M","M","?","R","B",null,"M","M","M","$","?","R","?","M","T","?","M","M","E","M","R","B",null,"M","M","M","$","?","R","AVR","?","T","R","M","R","M","E","R","B",null,"R","$","E","B",null],"character_chosen":"SHADE","items_purchased":["Shade:StitchTogether","Reforge","Shade:Trample","Shade:GreaterAnimation","trackpad:PetRock","Shade:Bonestorm","Shade:TouchOfTheGrave","trackpad:PocketGalaxy","Orichalcum","SpikesRelics:ToyHorsey","ReplayUltimateDefense","Membership Card","Shade:GraveStillness","hubris:SphereOfDissonance","halation:TwoAmDonut","Finesse","Shade:CoffinDance"],"campfire_rested":0,"item_purchase_floors":[5,5,5,21,21,21,38,38,38,38,38,53,53,53,53,53,53],"current_hp_per_floor":[120,130,140,150,160,170,180,193,203,213,223,233,243,253,263,273,283,293,283,303,313,323,333,343,351,361,371,376,396,374,394,404,386,459,469,477,469,479,489,499,509,539,549,559,552,562,569,562,572,374,632,642,652,533,518],"gold":408,"neow_bonus":"ONE_RANDOM_RARE_CARD","is_daily":false,"chose_seed":false,"campfire_upgraded":7,"win_rate":0.0,"timestamp":1610497301,"path_taken":["M","M","M","M","$","E","M","?","T","E","M","M","M","?","R","BOSS","M","M","M","$","?","R","?","M","T","?","M","M","E","M","R","BOSS","M","M","M","$","?","R","AVR","?","T","R","M","R","M","E","R","BOSS","R","$","E","BOSS"],"items_purchased_type":["Card","Card","Card","Card","Relic","Card","Card","Relic","Relic","Relic","Card","Relic","Card","Relic","Relic","Card","Card"],"build_version":"2020-12-22","purchased_purges":0,"victory":true,"max_hp_per_floor":[120,130,140,150,160,170,180,193,203,213,223,233,243,253,263,273,283,293,306,316,326,336,346,356,366,376,386,396,409,419,429,439,449,459,469,479,489,499,509,519,529,539,549,559,569,579,589,602,612,622,632,642,652,662,682],"relic_stats":{"counters":[29,201],"Orichalcum":[90],"MawBank":132,"obtain_stats":[{"Shade:YorickSkull":0,"trackpad:PetRock":21,"Hallownest:DreamNailRelic":14,"StuffTheSpire:GrapeVine":34,"EVO:Axolotl":0,"vexMod:RockOfEvil":17,"relicPack:OneForAll":39,"trackpad:ToughGloves":34,"trackpad:PocketGalaxy":38,"SpikesRelics:ToyHorsey":38,"vexMod:RetaliationKit":54,"CCEMRelics:JestersCrown":48,"aspiration:VileToxins":30,"halation:IllGainedPizza":26,"hubris:SphereOfDissonance":53,"Replay:Ancient Bell":34,"BlackRope":6,"infinitespire:CheckeredPen":34,"Orichalcum":38,"MawBank":10,"aspiration:HiddenCompartment":27,"CCEMRelics:SpiritsEdge":43,"keyreminder:keyreminder":6,"halation:EternalFortune":8,"Membership Card":53,"halation:TwoAmDonut":53},{"Shade:YorickSkull":0,"trackpad:PetRock":14,"Hallownest:DreamNailRelic":10,"StuffTheSpire:GrapeVine":20,"EVO:Axolotl":0,"vexMod:RockOfEvil":11,"relicPack:OneForAll":23,"trackpad:ToughGloves":20,"trackpad:PocketGalaxy":23,"SpikesRelics:ToyHorsey":23,"vexMod:RetaliationKit":28,"CCEMRelics:JestersCrown":26,"aspiration:VileToxins":18,"halation:IllGainedPizza":15,"hubris:SphereOfDissonance":27,"Replay:Ancient Bell":20,"BlackRope":5,"infinitespire:CheckeredPen":20,"Orichalcum":23,"MawBank":7,"aspiration:HiddenCompartment":15,"CCEMRelics:SpiritsEdge":23,"keyreminder:keyreminder":5,"halation:EternalFortune":6,"Membership Card":27,"halation:TwoAmDonut":27},{"Shade:YorickSkull":0,"trackpad:PetRock":90,"Hallownest:DreamNailRelic":57,"StuffTheSpire:GrapeVine":136,"EVO:Axolotl":0,"vexMod:RockOfEvil":67,"relicPack:OneForAll":151,"trackpad:ToughGloves":136,"trackpad:PocketGalaxy":151,"SpikesRelics:ToyHorsey":151,"vexMod:RetaliationKit":194,"CCEMRelics:JestersCrown":171,"aspiration:VileToxins":120,"halation:IllGainedPizza":97,"hubris:SphereOfDissonance":185,"Replay:Ancient Bell":136,"BlackRope":33,"infinitespire:CheckeredPen":136,"Orichalcum":151,"MawBank":45,"aspiration:HiddenCompartment":97,"CCEMRelics:SpiritsEdge":151,"keyreminder:keyreminder":33,"halation:EternalFortune":40,"Membership Card":185,"halation:TwoAmDonut":185}]},"card_choices":[{"not_picked":["Shade:FeralStrike","Shade:Trample"],"picked":"Shade:Brains","floor":1},{"not_picked":["Shade:Haruspicy","Shade:Brains"],"picked":"Shade:FleshToFlesh","floor":2},{"not_picked":["Shade:CoffinDance","Shade:OneIsEnough"],"picked":"Shade:FuneraryArmor","floor":3},{"not_picked":["Shade:CoffinDance","Shade:ClawBack"],"picked":"Shade:WallOfFlesh","floor":4},{"not_picked":["Shade:FingerOfDeath","Shade:FreshBones"],"picked":"Shade:SoulPierce","floor":6},{"not_picked":["Shade:Haruspicy","Shade:Frenzy"],"picked":"Shade:FleshOffering","floor":7},{"not_picked":["Shade:OneIsEnough","Shade:ClawBack"],"picked":"Shade:WallOfFlesh","floor":10},{"not_picked":["Shade:SpontaneousRitual","Shade:GreyBargain"],"picked":"Shade:FleshToFlesh","floor":11},{"not_picked":["Shade:SpectralStrikes","Shade:Haruspicy"],"picked":"Shade:Brains","floor":12},{"not_picked":["Shade:PotionOfRestlessness","Shade:Awaken"],"picked":"Shade:WallOfFlesh","floor":13},{"not_picked":["Shade:DarkOfNight","Shade:OminousRitual"],"picked":"Shade:LichForm","floor":16},{"not_picked":["Shade:Trample+1","Shade:ExtraLimbs"],"picked":"Shade:FingerOfDeath","floor":18},{"not_picked":["Shade:FingerOfDeath+1","Shade:FeralStrike"],"picked":"Shade:GreyBargain","floor":19},{"not_picked":["Shade:BoneShards","Shade:LyeBath+1"],"picked":"Shade:AuraOfUnlife+1","floor":20},{"not_picked":["infinitespire:FutureSight","infinitespire:Starlight"],"picked":"infinitespire:Execution","floor":22},{"not_picked":["Shade:CommandSoldier","Shade:PressTheAttack+1"],"picked":"Shade:Putrefaction","floor":25},{"not_picked":["Shade:Excise","Shade:FleshToFlesh"],"picked":"Shade:FreshBones","floor":27},{"not_picked":["Shade:GraveStillness","Shade:Brains"],"picked":"Shade:AncientSpear","floor":27},{"not_picked":["Shade:FeralStrike+1","Shade:Frenzy"],"picked":"Shade:SkeletonHug","floor":28},{"not_picked":["Shade:Bite_Shade","Shade:FeralStrike"],"picked":"Shade:SkeletonHug","floor":29},{"not_picked":["Shade:GraveStillness","Shade:FleshOffering+1"],"picked":"Shade:ExtraLimbs","floor":30},{"not_picked":["Shade:FleshOffering","Shade:Bonestorm"],"picked":"Shade:WallOfFlesh+1","floor":31},{"not_picked":["Shade:MadHubris","Shade:Putrefaction"],"picked":"Shade:LichForm","floor":33},{"not_picked":["Regret","SnafuTest:CurseSurrender"],"picked":"StuffTheSpire:GnomedCurse","floor":34},{"not_picked":["SnafuTest:CurseHeatDeath","Voices"],"picked":"Parasite","floor":34},{"not_picked":["Replay:Hysterical Blindness","Doubt"],"picked":"stsjorbsmod:Procrastination","floor":34},{"not_picked":["Shade:FingerOfDeath","Shade:Bonestorm+1"],"picked":"Shade:FuneraryArmor","floor":35},{"not_picked":["Shade:FleshOffering","Shade:ClawBack+1"],"picked":"Shade:StitchTogether","floor":36},{"not_picked":["Shade:PotionOfRestlessness","Shade:ClawBack"],"picked":"Shade:PoundOfFlesh","floor":37},{"not_picked":["Shade:MadHubris","Shade:TouchOfTheGrave"],"picked":"Shade:FleshToFlesh","floor":45},{"not_picked":["Shade:SoulToxin","Shade:FeralStrike+1"],"picked":"Shade:CoffinDance+1","floor":47},{"not_picked":["Shade:SpontaneousRitual","Shade:PoundOfFlesh"],"picked":"Shade:FleshToFlesh+1","floor":48},{"not_picked":["Shade:Premonition","Shade:FeralStrike"],"picked":"Shade:CoffinDance+1","floor":54}],"player_experience":200519,"relics_obtained":[{"floor":6,"key":"BlackRope"},{"floor":10,"key":"MawBank"},{"floor":19,"key":"halation:EternalFortune"},{"floor":26,"key":"halation:IllGainedPizza"},{"floor":27,"key":"aspiration:HiddenCompartment"},{"floor":29,"key":"halation:EternalFortune"},{"floor":30,"key":"aspiration:VileToxins"},{"floor":43,"key":"CCEMRelics:SpiritsEdge"},{"floor":48,"key":"halation:EternalFortune"},{"floor":48,"key":"CCEMRelics:JestersCrown"},{"floor":54,"key":"vexMod:RetaliationKit"}],"event_choices":[],"is_beta":false,"boss_relics":[{"not_picked":["halation:PlatinumPhoenix","Replay:Wanted Poster"],"picked":"vexMod:RockOfEvil"},{"not_picked":["aspiration:PoetsPen_weak","StuffTheSpire:ModemDavis"],"picked":"Replay:Ancient Bell"},{"not_picked":["StuffTheSpire:Barrel","ReplayTheSpireMod:Lightbulb"],"picked":"StuffTheSpire:GrapeVine"},{"not_picked":["Iron Hammer","hubris:PeanutButter"],"picked":"infinitespire:CheckeredPen"},{"not_picked":["Ginger","hubris:Potato"],"picked":"trackpad:ToughGloves"}],"items_purged_floors":[],"is_endless":false,"potions_floor_spawned":[1,2,10,11,13,19,28,31,33,35,36,45],"ascension_level":0}}