{"host":"1a3cjta80tad0aqj","time":1610539700,"event":{"mods":["2.2 Compatiblity","AchievementEnabler","BaseMod","Colored Map","DeckTracker","KOR Keyword Fix","Keyboard Shortcuts","Minty Spire (QoL Compilation)","Permanent Neow","Quick Restart","Random Character Button","StSLib","SuperFastMode","everything is the same but u backflip on backflip"],"gold_per_floor":[117,129,147,72,147,182,182,201,201,219,239,253,253,264,264,365,365,385,385,397,416,5,5,16,16,66,66,86,96,96,126,126,226,226,243,87,102,0,0,33,33,33,33,52,52,62,62,62],"floor_reached":47,"language":"KOR","playtime":2106,"items_purged":["Strike_G","Defend_G"],"score":529,"play_id":"79d77ec4-ab28-4b1e-bc93-55a2f4aa458b","local_time":"20210113210820","is_ascension_mode":true,"campfire_choices":[{"floor":7.0,"key":"REST"},{"floor":13.0,"key":"REST"},{"floor":15.0,"key":"REST"},{"floor":23.0,"key":"REST"},{"floor":25.0,"key":"REST"},{"floor":32,"key":"REST"},{"floor":41,"key":"REST"},{"floor":45,"key":"REST"}],"circlet_count":0,"master_deck":["Strike_G","Strike_G","Defend_G","Defend_G","Defend_G","Defend_G","Survivor","Neutralize","Bouncing Flask","Backstab","Dagger Spray","Dodge and Roll","Quick Slash","Predator","Leg Sweep","Backflip","Tools of the Trade","Dagger Throw","Footwork","PiercingWail","Deadly Poison","Glass Knife","Deadly Poison","Adrenaline","CurseOfTheBell","Tactician","Calculated Gamble","Bullet Time","Deadly Poison+1","Blur"],"relics":["Philosopher\u0027s Stone","Mercury Hourglass","Kunai","Empty Cage","Paper Crane","Regal Pillow","Ninja Scroll","Calling Bell","Dream Catcher","Darkstone Periapt","Thread and Needle","Sling","Red Mask","Akabeko","White Beast Statue","Shovel"],"acts_visited":["Exordium","TheCity","TheBeyond"],"potions_floor_usage":[31,33,37,40,40],"damage_taken":[{"damage":0.0,"enemies":"Small Slimes","floor":1.0,"turns":4.0},{"damage":0.0,"enemies":"Jaw Worm","floor":2.0,"turns":3.0},{"damage":0.0,"enemies":"Cultist","floor":3.0,"turns":3.0},{"damage":65.0,"enemies":"Gremlin Nob","floor":6.0,"turns":6.0},{"damage":7.0,"enemies":"Gremlin Gang","floor":8.0,"turns":2.0},{"damage":3.0,"enemies":"Lots of Slimes","floor":10.0,"turns":3.0},{"damage":0.0,"enemies":"3 Louse","floor":11.0,"turns":2.0},{"damage":0.0,"enemies":"Red Slaver","floor":12.0,"turns":3.0},{"damage":6.0,"enemies":"Looter","floor":14.0,"turns":2.0},{"damage":22.0,"enemies":"Hexaghost","floor":16.0,"turns":9.0},{"damage":0.0,"enemies":"Chosen","floor":18.0,"turns":5.0},{"damage":23.0,"enemies":"2 Thieves","floor":20.0,"turns":3.0},{"damage":10.0,"enemies":"Shelled Parasite and Fungi","floor":21.0,"turns":8.0},{"damage":10.0,"enemies":"Cultist and Chosen","floor":24.0,"turns":5.0},{"damage":14.0,"enemies":"Snake Plant","floor":28.0,"turns":4.0},{"damage":0.0,"enemies":"Snecko","floor":29.0,"turns":4.0},{"damage":41,"enemies":"Slavers","floor":31,"turns":5},{"damage":54,"enemies":"Champ","floor":33,"turns":16},{"damage":0,"enemies":"Orb Walker","floor":35,"turns":4},{"damage":31,"enemies":"3 Darklings","floor":37,"turns":6},{"damage":24,"enemies":"Reptomancer","floor":40,"turns":8},{"damage":38,"enemies":"Transient","floor":44,"turns":5},{"damage":15,"enemies":"Sphere and 2 Shapes","floor":46,"turns":6},{"damage":39,"enemies":"Spire Growth","floor":47,"turns":5}],"seed_played":"-7723174553458204215","potions_obtained":[{"floor":1.0,"key":"Regen Potion"},{"floor":3.0,"key":"ColorlessPotion"},{"floor":11.0,"key":"GamblersBrew"},{"floor":12.0,"key":"Poison Potion"},{"floor":16.0,"key":"Explosive Potion"},{"floor":18.0,"key":"Strength Potion"},{"floor":28.0,"key":"AttackPotion"},{"floor":31,"key":"CunningPotion"},{"floor":35,"key":"Explosive Potion"},{"floor":37,"key":"Poison Potion"},{"floor":44,"key":"Dexterity Potion"},{"floor":46,"key":"EssenceOfSteel"}],"is_trial":false,"path_per_floor":["M","M","M","$","?","E","R","M","T","M","M","M","R","M","R","B",null,"M","?","M","M","$","R","M","R","T","?","M","M","?","E","R","B",null,"M","$","M","?","?","E","R","T","T","M","R","M","M"],"character_chosen":"THE_SILENT","items_purchased":["Deadly Poison","Paper Crane","Sling"],"campfire_rested":8,"item_purchase_floors":[22,22,36],"current_hp_per_floor":[70,70,70,70,59,8,29,22,22,19,19,19,40,34,55,33,70,70,70,47,37,37,58,48,69,69,69,55,55,70,29,65,11,70,70,70,39,39,39,15,51,51,51,13,49,34,0,0],"gold":62,"neow_bonus":"BOSS_RELIC","is_daily":false,"chose_seed":false,"campfire_upgraded":0,"win_rate":0.0,"timestamp":1610539700,"path_taken":["M","M","M","$","?","E","R","M","T","M","M","M","R","M","R","BOSS","M","?","?","?","?","R","M","R","T","?","?","M","?","E","R","BOSS","M","$","M","?","?","E","R","?","T","M","R","M","M"],"items_purchased_type":["Card","Relic","Relic"],"build_version":"2020-12-22","purchased_purges":2,"victory":false,"max_hp_per_floor":[70,70,70,70,70,70,70,70,70,70,70,70,70,70,70,70,70,70,70,70,70,70,70,70,70,70,70,70,70,70,70,70,70,70,70,70,70,70,70,70,70,70,70,70,70,70,70,70],"card_choices":[{"not_picked":["Acrobatics","Skewer"],"picked":"Bouncing Flask","floor":1.0},{"not_picked":["Dagger Throw","Slice"],"picked":"Backstab","floor":2.0},{"not_picked":["Flying Knee","Acrobatics"],"picked":"Dagger Spray","floor":3.0},{"not_picked":["Accuracy","A Thousand Cuts"],"picked":"Dodge and Roll","floor":6.0},{"not_picked":["Bane","Flying Knee"],"picked":"Quick Slash","floor":8.0},{"not_picked":["Blur","Quick Slash"],"picked":"Predator","floor":10.0},{"not_picked":["Predator","Eviscerate"],"picked":"Leg Sweep","floor":11.0},{"not_picked":["Caltrops","Riddle With Holes"],"picked":"Backflip","floor":12.0},{"not_picked":["Choke","Underhanded Strike","Flying Knee"],"picked":"SKIP","floor":14.0},{"not_picked":["Night Terror","Unload"],"picked":"Tools of the Trade","floor":16.0},{"not_picked":["Sucker Punch","Cloak And Dagger"],"picked":"Dagger Throw","floor":18.0},{"not_picked":["Outmaneuver","Prepared+1"],"picked":"Footwork","floor":20.0},{"not_picked":["Underhanded Strike","Skewer"],"picked":"PiercingWail","floor":21.0},{"not_picked":["Dodge and Roll","PiercingWail"],"picked":"Glass Knife","floor":24.0},{"not_picked":["Prepared+1","Finisher","All Out Attack"],"picked":"SKIP","floor":28.0},{"not_picked":["Finisher","Flying Knee","Masterful Stab"],"picked":"SKIP","floor":29.0},{"not_picked":["Dodge and Roll","Leg Sweep","Caltrops"],"picked":"SKIP","floor":31},{"not_picked":["Storm of Steel","Wraith Form v2"],"picked":"Adrenaline","floor":33},{"not_picked":["Infinite Blades+1","Masterful Stab+1"],"picked":"Tactician","floor":35},{"not_picked":["Infinite Blades","Caltrops","Dagger Throw"],"picked":"SKIP","floor":37},{"not_picked":["Distraction","Dodge and Roll"],"picked":"Calculated Gamble","floor":40},{"not_picked":["Outmaneuver","Blade Dance+1"],"picked":"Bullet Time","floor":44},{"not_picked":["Slice","Blade Dance"],"picked":"Deadly Poison+1","floor":45},{"not_picked":["Skewer","Riddle With Holes+1"],"picked":"Blur","floor":46}],"player_experience":296391,"relics_obtained":[{"floor":6.0,"key":"Mercury Hourglass"},{"floor":9.0,"key":"Kunai"},{"floor":26.0,"key":"Regal Pillow"},{"floor":31,"key":"Ninja Scroll"},{"floor":34,"key":"Dream Catcher"},{"floor":34,"key":"Darkstone Periapt"},{"floor":34,"key":"Thread and Needle"},{"floor":40,"key":"Akabeko"},{"floor":42,"key":"White Beast Statue"},{"floor":43,"key":"Shovel"}],"event_choices":[{"damage_healed":0.0,"max_hp_gain":0.0,"max_hp_loss":0.0,"gold_gain":75.0,"event_name":"World of Goop","player_choice":"Gather Gold","floor":5.0,"gold_loss":0.0,"damage_taken":11.0},{"damage_healed":0.0,"max_hp_gain":0.0,"max_hp_loss":0.0,"gold_gain":0.0,"event_name":"Lab","player_choice":"Got Potions","floor":19.0,"gold_loss":0.0,"damage_taken":0.0},{"damage_healed":0.0,"max_hp_gain":0.0,"max_hp_loss":0.0,"gold_gain":0.0,"event_name":"Duplicator","player_choice":"Copied","floor":27.0,"gold_loss":0.0,"damage_taken":0.0,"cards_obtained":["Deadly Poison"]},{"damage_healed":23,"gold_gain":0,"player_choice":"Heal","damage_taken":0,"max_hp_gain":0,"max_hp_loss":0,"event_name":"The Library","floor":30,"gold_loss":0},{"damage_healed":0,"gold_gain":0,"player_choice":"Paid","damage_taken":0,"relics_obtained":["Red Mask"],"max_hp_gain":0,"max_hp_loss":0,"event_name":"Tomb of Lord Red Mask","floor":38,"gold_loss":102},{"damage_healed":0,"gold_gain":0,"player_choice":"Ignored","damage_taken":0,"max_hp_gain":0,"max_hp_loss":0,"event_name":"Mysterious Sphere","floor":39,"gold_loss":0}],"is_beta":false,"boss_relics":[{"not_picked":["WristBlade","Runic Pyramid"],"picked":"Empty Cage"},{"not_picked":["Velvet Choker","Coffee Dripper"],"picked":"Calling Bell"}],"items_purged_floors":[4,22],"is_endless":false,"potions_floor_spawned":[1,3,11,12,16,18,28,31,35,37,44,46],"killed_by":"Spire Growth","ascension_level":2}}