{"host":"ya062ahhhuj9au1o","time":1610550872,"event":{"mods":["BaseMod","Better Third Choice","Downfall","Filter the Spire","Hermit","Minty Spire (QoL Compilation)","Random Character Button","Robot Space Explorer","Somnambulant","StSLib","The Bug Knight","The Cursed","The Marked","The Servant 0.9.4"],"gold_per_floor":[110,126,51,51,51,51,79,79,105,105,115,131,131,131,131,236,236,247,258,258,258,274,274,288,388,388,65,65,65],"floor_reached":28,"language":"ENG","playtime":1568,"items_purged":["somnambulantmod: Defend_Somnambulant"],"score":335,"play_id":"70d600c3-4e1c-4e84-a6b3-d7107064079e","local_time":"20210113101432","is_ascension_mode":true,"campfire_choices":[{"data":"somnambulantmod: PrimingPunch","floor":6.0,"key":"SMITH"},{"floor":8.0,"key":"REST"},{"floor":10.0,"key":"REST"},{"floor":15,"key":"REST"},{"floor":23,"key":"REST"}],"circlet_count":0,"master_deck":["AscendersBane","somnambulantmod: SomnambulantStrike+1","somnambulantmod: SomnambulantStrike+1","somnambulantmod: SomnambulantStrike+1","somnambulantmod: SomnambulantStrike","somnambulantmod: Defend_Somnambulant+1","somnambulantmod: Defend_Somnambulant+1","somnambulantmod: QuickNap+1","somnambulantmod: PrimingPunch+1","somnambulantmod: Trauma+1","somnambulantmod: Wake","somnambulantmod: Repression","somnambulantmod: Stumble+1","somnambulantmod: GalaxyBrain","somnambulantmod: DarkeningMind","somnambulantmod: Blink","Mayhem"],"relics":["somnambulantmod: DreamJournal","White Beast Statue","Centennial Puzzle","Sozu","HollowMod:PaleOreRelic","Oddly Smooth Stone"],"acts_visited":["Exordium","TheCity"],"potions_floor_usage":[12,16,22],"damage_taken":[{"damage":1.0,"enemies":"Small Slimes","floor":1.0,"turns":5.0},{"damage":1.0,"enemies":"Cultist","floor":2.0,"turns":4.0},{"damage":39.0,"enemies":"3 Sentries","floor":7.0,"turns":8.0},{"damage":2.0,"enemies":"2 Louse","floor":11.0,"turns":2.0},{"damage":24,"enemies":"Large Slime","floor":12,"turns":5},{"damage":22,"enemies":"Slime Boss","floor":16,"turns":7},{"damage":4,"enemies":"Chosen","floor":18,"turns":3},{"damage":21,"enemies":"Shell Parasite","floor":19,"turns":6},{"damage":19,"enemies":"Snake Plant","floor":22,"turns":5},{"damage":10,"enemies":"Snecko","floor":24,"turns":6},{"damage":26,"enemies":"Book of Stabbing","floor":28,"turns":4}],"seed_played":"2827554748987396317","potions_obtained":[{"floor":1.0,"key":"Weak Potion"},{"floor":11,"key":"champ:CounterPotion"},{"floor":12,"key":"CultistPotion"},{"floor":16,"key":"LiquidMemories"}],"is_trial":false,"path_per_floor":["M","M","$","?","$","R","E","R","T","R","M","M","?","?","R","B",null,"M","M","?","?","M","R","M","?","T","$","E"],"character_chosen":"THE_SOMNAMBULANT","items_purchased":["Oddly Smooth Stone","Mayhem"],"campfire_rested":4,"item_purchase_floors":[27,27],"current_hp_per_floor":[62,61,61,61,61,61,22,42,42,63,61,37,30,17,39,17,56,52,31,31,31,12,34,24,24,24,24,0,0],"gold":65,"neow_bonus":"REMOVE_TWO","is_daily":false,"chose_seed":false,"campfire_upgraded":1,"win_rate":0.0,"timestamp":1610550872,"path_taken":["M","M","$","?","?","R","E","R","T","R","M","M","?","?","R","BOSS","M","M","?","?","M","R","?","?","T","$","E"],"items_purchased_type":["Relic","Card"],"build_version":"2020-12-22","purchased_purges":1,"victory":false,"max_hp_per_floor":[63,63,63,63,63,63,63,65,65,67,67,67,67,67,69,69,69,69,69,69,69,69,71,71,71,71,71,71,71],"card_choices":[{"not_picked":["somnambulantmod: BadIdea","somnambulantmod: Bruise"],"picked":"somnambulantmod: Trauma","floor":1.0},{"not_picked":["somnambulantmod: Sleepyhead","somnambulantmod: SnuggleUp"],"picked":"somnambulantmod: Wake","floor":2.0},{"not_picked":["somnambulantmod: MindWave","somnambulantmod: SleepParalysis","somnambulantmod: HeavyLids"],"picked":"SKIP","floor":7.0},{"not_picked":["somnambulantmod: TimeCompression","somnambulantmod: TrepanningBlow","somnambulantmod: Reject"],"picked":"SKIP","floor":11},{"not_picked":["somnambulantmod: ShimmeringVeil","somnambulantmod: RecurringDream"],"picked":"somnambulantmod: Repression","floor":12},{"not_picked":["somnambulantmod: Nosebleed","somnambulantmod: SnuggleUp"],"picked":"somnambulantmod: Stumble+1","floor":18},{"not_picked":["somnambulantmod: Stimulus","somnambulantmod: NightmareFuel","somnambulantmod: SickeningSwathe"],"picked":"SKIP","floor":19},{"not_picked":["somnambulantmod: MuscleMemory","somnambulantmod: DeeperSleep"],"picked":"somnambulantmod: DarkeningMind","floor":22},{"not_picked":["somnambulantmod: Repression","somnambulantmod: SnuggleUp+1"],"picked":"somnambulantmod: Blink","floor":24}],"player_experience":1793991,"relics_obtained":[{"floor":7.0,"key":"White Beast Statue"},{"floor":9.0,"key":"Centennial Puzzle"},{"floor":26,"key":"HollowMod:PaleOreRelic"}],"event_choices":[{"damage_healed":0.0,"max_hp_gain":0.0,"max_hp_loss":0.0,"gold_gain":0.0,"event_name":"Upgrade Shrine","player_choice":"Upgraded","floor":4.0,"gold_loss":0.0,"damage_taken":0.0,"cards_upgraded":["somnambulantmod: QuickNap"]},{"cards_removed":["somnambulantmod: Defend_Somnambulant"],"damage_healed":0,"gold_gain":0,"player_choice":"Card Removal","damage_taken":7,"max_hp_gain":0,"max_hp_loss":0,"event_name":"Golden Wing","floor":13,"gold_loss":0},{"damage_healed":30,"gold_gain":0,"player_choice":"Upgrade","damage_taken":13,"max_hp_gain":0,"max_hp_loss":67,"event_name":"betterThird:BetterShining","floor":14,"gold_loss":0,"cards_upgraded":["somnambulantmod: Trauma","somnambulantmod: Defend_Somnambulant"]},{"damage_healed":0,"gold_gain":0,"player_choice":"Ignored","damage_taken":0,"max_hp_gain":0,"max_hp_loss":0,"event_name":"Vampires","floor":20,"gold_loss":0},{"damage_healed":0,"gold_gain":0,"player_choice":"1 cards matched","damage_taken":0,"max_hp_gain":0,"max_hp_loss":0,"event_name":"Match and Keep!","floor":21,"gold_loss":0,"cards_obtained":["somnambulantmod: GalaxyBrain"]},{"damage_healed":0,"gold_gain":100,"player_choice":"Pray","damage_taken":0,"max_hp_gain":0,"max_hp_loss":0,"event_name":"Golden Shrine","floor":25,"gold_loss":0}],"is_beta":false,"boss_relics":[{"not_picked":["Cursed Key","Fusion Hammer"],"picked":"Sozu"}],"items_purged_floors":[3],"is_endless":false,"potions_floor_spawned":[1,11,12,16,18,19,22,24],"killed_by":"Book of Stabbing","ascension_level":11}}