{"host":"gkbzba1lun337f2q","time":1610499866,"event":{"mods":["2.2 Compatiblity","AchievementEnabler","Act Like it!","BaseMod","Better Altar","Better Match","Better Note","Better Sensory Stone","Better Skull","Better Third Choice","BetterRewards","Colored Map","Downfall","Duelist Mod","Elementarium","Gensokyo","Infinite Spire","Minty Spire (QoL Compilation)","StSLib","The Animator","The Dragon Tamer","The Senshi"],"gold_per_floor":[117,42,22,38,38,49,49,59,106,106,436,54,68,68,68,169,169,187,200,218,70,70,104,104,104,153,153,153,153,166,176,176,275,275,292,303,314,327,346,346,366,366,366,366,386,386,386,462,462,462,462],"floor_reached":50,"language":"ENG","playtime":4551,"items_purged":["theSenshi:SupersonicWaves"],"score":541,"play_id":"4b600eb5-a291-4df0-a823-531ed7287beb","local_time":"20210113010426","is_ascension_mode":false,"campfire_choices":[{"data":"theSenshi:MoonPrismPowerMakeUp","floor":7,"key":"SMITH"},{"data":"theSenshi:MoonPrincessHalation","floor":15,"key":"SMITH"},{"floor":27,"key":"REST"},{"data":"theSenshi:MoonCrisisMakeUp","floor":32,"key":"SMITH"},{"data":"theSenshi:SilverMoonCrystalPowerKiss","floor":40,"key":"SMITH"},{"data":"theSenshi:MoonHealingEscalation","floor":44,"key":"SMITH"},{"data":"theSenshi:InTheNameOfTheMoon","floor":46,"key":"SMITH"},{"data":"theSenshi:SailorVenusAssists","floor":49,"key":"SMITH"}],"circlet_count":0,"master_deck":["theSenshi:SailorKick","theSenshi:SailorKick","theSenshi:SailorBlock","theSenshi:SailorBlock","theSenshi:SailorBlock+1","theSenshi:RoseThrow","theSenshi:MoonPrismPowerMakeUp+1","theSenshi:MoonPrincessHalation+1","theSenshi:TallSilhouette+1","theSenshi:MoonHealingEscalation+1","theSenshi:TallSilhouette","theSenshi:SailorVenusAssists+1","theSenshi:SailorV+1","theSenshi:MoonPrincessHalation+1","theSenshi:SilverMoonCrystalPowerKiss+1","CurseOfTheBell","theSenshi:MoonCrisisMakeUp+1","theSenshi:SailorVenusAssists+1","theSenshi:InTheNameOfTheMoon+1","theSenshi:SailorStarFighterAssists","theSenshi:MoonTiaraMagic+1","theSenshi:SailorMercuryAssists+1","theSenshi:MoonTwilightFlash+1","theSenshi:WarriorOfTheMoon"],"relics":["theSenshi:TransformationBroochRelic","NeowsBlessing","Gensokyo:CelestialsFlawlessClothing","War Paint","theSenshi:CutieMoonRodRelic","Thread and Needle","Calling Bell","Blood Vial","InkBottle","Incense Burner","Shovel","Ancient Tea Set","Empty Cage","theSenshi:HolyGrailRelic","Pantograph"],"acts_visited":["Gensokyo:Gensokyo","Gensokyo:Gensokyoer","Gensokyo:Gensokyoest"],"potions_floor_usage":[19,24,33,33,33,41,50,50],"damage_taken":[{"damage":0,"enemies":"Gensokyo:3_Fairies","floor":1,"turns":2},{"damage":0,"enemies":"Gensokyo:Python","floor":4,"turns":2},{"damage":0,"enemies":"Gensokyo:Gryphon","floor":6,"turns":1},{"damage":1,"enemies":"Gensokyo:Kitsune","floor":8,"turns":3},{"damage":0,"enemies":"Gensokyo:Aya","floor":11,"turns":6},{"damage":0,"enemies":"Gensokyo:2_Rabbits","floor":13,"turns":5},{"damage":11,"enemies":"Gensokyo:Kokoro","floor":16,"turns":7},{"damage":15,"enemies":"Gensokyo:AngelMirror","floor":18,"turns":5},{"damage":10,"enemies":"Gensokyo:2_Gloops","floor":19,"turns":5},{"damage":8,"enemies":"Gensokyo:Wraith","floor":20,"turns":4},{"damage":5,"enemies":"Gensokyo:Koishi","floor":23,"turns":6},{"damage":17,"enemies":"Gensokyo:Chomper_and_Gloop","floor":24,"turns":5},{"damage":7,"enemies":"Gensokyo:Monolith_and_Dog","floor":30,"turns":5},{"damage":15,"enemies":"Gensokyo:Slime_Group","floor":31,"turns":6},{"damage":76,"enemies":"Gensokyo:Kaguya","floor":33,"turns":15},{"damage":16,"enemies":"Gensokyo:3_Boulders","floor":35,"turns":5},{"damage":0,"enemies":"Gensokyo:3_Bats","floor":36,"turns":5},{"damage":3,"enemies":"Gensokyo:Sharpion","floor":37,"turns":8},{"damage":0,"enemies":"Gensokyo:Dusk_and_Dawn","floor":38,"turns":4},{"damage":23,"enemies":"Gensokyo:SeedOfUnknown","floor":39,"turns":6},{"damage":18,"enemies":"Gensokyo:Sharpion","floor":41,"turns":5},{"damage":0,"enemies":"Gensokyo:Dusk_and_Dawn","floor":45,"turns":3},{"damage":232,"enemies":"Gensokyo:Scarlet_Devils","floor":50,"turns":10}],"seed_played":"-2801040682135248573","potions_obtained":[{"floor":4,"key":"Swift Potion"},{"floor":8,"key":"SmokeBomb"},{"floor":13,"key":"SmokeBomb"},{"floor":18,"key":"Fruit Juice"},{"floor":20,"key":"BlessingOfTheForge"},{"floor":31,"key":"LiquidMemories"},{"floor":36,"key":"Guardian:BlockOnCardUsePotion"},{"floor":37,"key":"Explosive Potion"},{"floor":41,"key":"PowerPotion"}],"is_trial":false,"path_per_floor":["M","?","COS","M","?","M","R","M","T","?","E","$","M","$","R","B",null,"M","M","M","$","?","E","M","?","T","R","?","?","M","M","R","B",null,"M","M","M","M","M","R","M","?","T","R","M","R","?","T","R","B"],"character_chosen":"THE_SENSHI","items_purchased":["Thread and Needle","theSenshi:InTheNameOfTheMoon"],"campfire_rested":1,"item_purchase_floors":[12,21],"current_hp_per_floor":[75,75,75,75,57,57,57,61,61,61,71,71,75,75,75,72,75,65,67,66,66,54,56,46,51,51,76,76,76,76,68,68,14,85,74,81,85,85,62,62,51,56,56,56,58,58,58,58,58,0,0],"gold":462,"neow_bonus":"THREE_ENEMY_KILL","is_daily":false,"chose_seed":false,"campfire_upgraded":7,"win_rate":0.0,"timestamp":1610499866,"path_taken":["M","?","COS","M","?","M","R","M","T","?","E","$","M","?","R","BOSS","M","M","M","$","?","E","?","?","T","R","?","?","M","?","R","BOSS","M","M","?","M","?","R","M","?","T","R","?","R","?","?","R","BOSS"],"items_purchased_type":["Relic","Card"],"build_version":"2020-12-22","purchased_purges":1,"victory":false,"max_hp_per_floor":[75,75,75,75,75,75,75,75,75,75,75,75,75,75,75,75,75,75,80,80,80,80,80,80,85,85,85,85,85,85,85,85,85,85,85,85,85,85,85,85,85,85,85,85,85,85,85,85,85,85,85],"card_choices":[{"not_picked":["theSenshi:LateForSchool","theSenshi:CrisisMakeUp"],"picked":"theSenshi:SupersonicWaves","floor":1},{"not_picked":["theSenshi:MoonKick+1","theSenshi:MoonPower+1"],"picked":"theSenshi:MoonPrincessHalation+1","floor":2},{"not_picked":["theSenshi:OdangoHead","theSenshi:SailorPlanetAttack"],"picked":"theSenshi:TallSilhouette","floor":4},{"not_picked":["theSenshi:SailorStarHealerAssists","theSenshi:MoonsReflection"],"picked":"theSenshi:MoonHealingEscalation","floor":6},{"not_picked":["theSenshi:Sidestep","theSenshi:MoonPrincessHalation"],"picked":"theSenshi:TallSilhouette","floor":8},{"not_picked":["theSenshi:MoonPower","theSenshi:SchoolBag"],"picked":"theSenshi:SailorVenusAssists","floor":10},{"not_picked":["theSenshi:MoonsReflection","theSenshi:KlutzyLuck"],"picked":"theSenshi:SailorV","floor":10},{"not_picked":["theSenshi:LunaSensingAllies","theSenshi:SailorPlanetAttack"],"picked":"theSenshi:MoonPrincessHalation","floor":11},{"not_picked":["theSenshi:UranusStrength","theSenshi:MoonCrystalPowerMakeUp","theSenshi:KlutzyLuck"],"picked":"SKIP","floor":13},{"not_picked":["theSenshi:LunaSensingAllies","theSenshi:JupitersPower"],"picked":"theSenshi:SilverMoonCrystalPowerKiss","floor":16},{"not_picked":["theSenshi:TallSilhouette","theSenshi:EncouragingSpeech","theSenshi:Sidestep"],"picked":"SKIP","floor":18},{"not_picked":["theSenshi:LateForSchool","theSenshi:SailorMarsAssists"],"picked":"theSenshi:MoonCrisisMakeUp","floor":19},{"not_picked":["theSenshi:MoonPower","theSenshi:TallSilhouette"],"picked":"theSenshi:SailorVenusAssists+1","floor":20},{"not_picked":["theSenshi:SailorMercuryAssists","theSenshi:SchoolBag","theSenshi:LunaWiseMentor"],"picked":"SKIP","floor":23},{"not_picked":["theSenshi:PlutosSolemnity","theSenshi:SchoolBag","theSenshi:MoonTiaraMagic"],"picked":"SKIP","floor":30},{"not_picked":["theSenshi:Sidestep","theSenshi:SupersonicWaves","theSenshi:MoonPower"],"picked":"SKIP","floor":31},{"not_picked":["theSenshi:MoonPunch","theSenshi:LunasBite+1","theSenshi:YouCanTalk+1"],"picked":"SKIP","floor":35},{"not_picked":["theSenshi:MoonTwilightFlash","theSenshi:SailorMercuryAssists"],"picked":"theSenshi:SailorStarFighterAssists","floor":36},{"not_picked":["theSenshi:TallSilhouette","theSenshi:SailorMarsAssists+1"],"picked":"theSenshi:MoonTiaraMagic+1","floor":37},{"not_picked":["theSenshi:SailorVenusAssists","theSenshi:MoonCosmicPowerMakeUp","theSenshi:MoonTiaraMagic"],"picked":"SKIP","floor":38},{"not_picked":["theSenshi:Sidestep","theSenshi:SailorNeptuneAssists+1"],"picked":"theSenshi:SailorMercuryAssists+1","floor":39},{"not_picked":["theSenshi:MoonCrystalPowerMakeUp","theSenshi:LunaSensingAllies"],"picked":"theSenshi:MoonTwilightFlash+1","floor":41},{"not_picked":["theSenshi:SchoolBag","theSenshi:MoonPunch+1","theSenshi:VenusGlamour"],"picked":"SKIP","floor":45}],"player_experience":101343,"relics_obtained":[{"floor":9,"key":"War Paint"},{"floor":11,"key":"theSenshi:CutieMoonRodRelic"},{"floor":17,"key":"Blood Vial"},{"floor":17,"key":"InkBottle"},{"floor":17,"key":"Incense Burner"},{"floor":23,"key":"Shovel"},{"floor":26,"key":"Ancient Tea Set"},{"floor":43,"key":"theSenshi:HolyGrailRelic"},{"floor":48,"key":"Pantograph"}],"event_choices":[{"damage_healed":0,"gold_gain":0,"player_choice":"2","damage_taken":0,"max_hp_gain":0,"max_hp_loss":0,"event_name":"betterMatch:BetterMatch","floor":2,"gold_loss":0,"cards_obtained":["betterMatch:CommonCard"]},{"damage_healed":0,"gold_gain":0,"player_choice":"UP ","damage_taken":14,"relics_obtained":[],"max_hp_gain":0,"max_hp_loss":0,"event_name":"betterSkull:BetterSkull","floor":22,"gold_loss":0,"cards_upgraded":["theSenshi:SailorV"]},{"damage_healed":5,"gold_gain":0,"player_choice":"LEAVE ","damage_taken":0,"relics_obtained":[],"max_hp_gain":0,"max_hp_loss":0,"event_name":"betterSkull:BetterSkull","floor":42,"gold_loss":0,"cards_upgraded":[]}],"is_beta":false,"boss_relics":[{"not_picked":["Pandora\u0027s Box","Runic Pyramid"],"picked":"Calling Bell"},{"not_picked":["Snecko Eye","Philosopher\u0027s Stone"],"picked":"Empty Cage"}],"items_purged_floors":[12],"is_endless":false,"potions_floor_spawned":[4,8,13,18,20,31,36,37,41],"killed_by":"Gensokyo:Scarlet_Devils","ascension_level":0}}