{"host":"3l94tha3a4jgu0q4","time":1610503277,"event":{"mods":["2.2 Compatiblity","AchievementEnabler","BaseMod","Colored Map","Colored Powertips","Highlight Path","Minty Spire (QoL Compilation)","Permanent Neow","StSLib","SuperFastMode","The IronCluck","slay the spire mod where everything is the same but ironclad has a cowboy hat"],"gold_per_floor":[116,134,134,152,170,204,40,67,67,94,94,94,94],"floor_reached":12,"language":"ENG","playtime":519,"items_purged":["Defend_P"],"score":176,"play_id":"68952bab-864b-4d29-bc56-6c5a55c329fe","local_time":"20210112180117","is_ascension_mode":true,"campfire_choices":[],"circlet_count":0,"master_deck":["AscendersBane","Strike_P","Strike_P","Defend_P","Defend_P","Eruption","Vigilance","Omniscience+1","EmptyMind+1","DeceiveReality+1","Tantrum","Consecrate","FlurryOfBlows","MentalFortress","TalkToTheHand","FlurryOfBlows","EmptyBody","ForeignInfluence"],"relics":["Astrolabe","Nunchaku","Mummified Hand","Ornamental Fan","Bottled Tornado","Orichalcum"],"acts_visited":[],"potions_floor_usage":[12],"damage_taken":[{"damage":0,"enemies":"Cultist","floor":1,"turns":6},{"damage":2,"enemies":"Small Slimes","floor":2,"turns":5},{"damage":0,"enemies":"2 Louse","floor":4,"turns":3},{"damage":22,"enemies":"Gremlin Gang","floor":5,"turns":4},{"damage":9,"enemies":"Lagavulin","floor":6,"turns":8},{"damage":13,"enemies":"3 Sentries","floor":8,"turns":5},{"damage":12,"enemies":"Gremlin Nob","floor":10,"turns":3},{"damage":3,"enemies":"Lagavulin","floor":12,"turns":2}],"seed_played":"-8056801262027346485","potions_obtained":[{"floor":4,"key":"BottledMiracle"},{"floor":8,"key":"Fire Potion"}],"is_trial":false,"path_per_floor":["M","M","?","M","M","E","$","E","T","E","?","E"],"character_chosen":"WATCHER","items_purchased":["FlurryOfBlows","EmptyBody"],"campfire_rested":0,"item_purchase_floors":[7,7],"current_hp_per_floor":[61,59,59,59,37,28,28,15,15,3,3,0,0],"gold":94,"neow_bonus":"BOSS_RELIC","is_daily":false,"chose_seed":false,"campfire_upgraded":0,"win_rate":0.0,"timestamp":1610503277,"path_taken":["M","?","?","?","M","E","$","E","T","E","?","E"],"items_purchased_type":["Card","Card"],"build_version":"2020-12-22","purchased_purges":1,"victory":false,"max_hp_per_floor":[68,68,68,68,68,68,68,68,68,68,68,68,68],"card_choices":[{"not_picked":["FlyingSleeves","Protect"],"picked":"Tantrum","floor":1},{"not_picked":["ClearTheMind","Protect"],"picked":"Consecrate","floor":2},{"not_picked":["ClearTheMind","Halt"],"picked":"FlurryOfBlows","floor":4},{"not_picked":["WindmillStrike","Protect"],"picked":"MentalFortress","floor":5},{"not_picked":["Study","CarveReality"],"picked":"TalkToTheHand","floor":6},{"not_picked":["Conclude","ThirdEye"],"picked":"ForeignInfluence","floor":8},{"not_picked":["JustLucky","BattleHymn","Wireheading"],"picked":"SKIP","floor":10}],"player_experience":1934017,"relics_obtained":[{"floor":3,"key":"Nunchaku"},{"floor":6,"key":"Mummified Hand"},{"floor":8,"key":"Ornamental Fan"},{"floor":10,"key":"Bottled Tornado"}],"event_choices":[{"damage_healed":0,"gold_gain":0,"player_choice":"Relic","damage_taken":0,"max_hp_gain":0,"max_hp_loss":0,"event_name":"Wheel of Change","floor":3,"gold_loss":0},{"damage_healed":0,"gold_gain":0,"player_choice":"Searched \u00271\u0027 times","damage_taken":0,"relics_obtained":["Orichalcum"],"max_hp_gain":0,"max_hp_loss":0,"event_name":"Dead Adventurer","floor":11,"gold_loss":0}],"is_beta":false,"boss_relics":[],"items_purged_floors":[7],"is_endless":false,"potions_floor_spawned":[4,8],"killed_by":"Lagavulin","ascension_level":16}}