{"host":"ds3v42j7tpaaz1mg","time":1610519786,"event":{"mods":["AchievementEnabler","Aspiration","BaseMod","Bestiary","Better Altar","Better Note","Better Sensory Stone","BetterRewards","Block Reminder","Colored Powertips","Conspire","Downfall","Energized Spire","Halation","Hermit","Highlight Path","Hubris","Infinite Spire","Jorbs\u0027s Wanderer Trilogy","Minty Spire (QoL Compilation)","Relic Stats","Replay The Spire","StSLib","The Elementalist","The Servant 0.9.4","vexMod"],"gold_per_floor":[112,112,122,134,9,9,342,342,342,342,342],"floor_reached":10,"language":"ENG","playtime":356,"items_purged":["Strike_R"],"score":96,"play_id":"8ac64751-019d-4fe5-8e01-5a5370edc161","local_time":"20210113013626","is_ascension_mode":true,"campfire_choices":[{"data":"Armaments","floor":6.0,"key":"SMITH"}],"circlet_count":0,"master_deck":["Strike_R","Strike_R","Strike_R","Strike_R","Defend_R","Defend_R","Defend_R","Defend_R","Bash","Eclipse","Shrug It Off","ReplayTheSpireMod:Stacked","Shrug It Off","Armaments+1","Cleave"],"relics":["Burning Blood","Orrery","PreservedInsect","NlothsMask","Old Coin","hubris:EvacipatedBox","Pantograph"],"acts_visited":["Exordium"],"potions_floor_usage":[],"damage_taken":[{"damage":10.0,"enemies":"Cultist","floor":1.0,"turns":4.0},{"damage":8.0,"enemies":"Small Slimes","floor":3.0,"turns":4.0},{"damage":3.0,"enemies":"2 Louse","floor":4.0,"turns":3.0},{"damage":25.0,"enemies":"Gremlin Nob","floor":7.0,"turns":4.0},{"damage":7,"enemies":"3 Sentries","floor":10,"turns":4}],"seed_played":"-909657944806335119","potions_obtained":[{"floor":1.0,"key":"Strength Potion"},{"floor":3.0,"key":"Languid Potion"}],"is_trial":false,"path_per_floor":["M","?","M","M","$","R","E","$","T","E"],"character_chosen":"IRONCLAD","items_purchased":["Orrery","PreservedInsect","AttackPotion","hubris:EvacipatedBox","Pantograph"],"campfire_rested":0,"item_purchase_floors":[0,0,5,8,8],"current_hp_per_floor":[58,58,56,59,59,59,40,5,5,0,0],"gold":342,"neow_bonus":"","is_daily":false,"chose_seed":false,"campfire_upgraded":1,"win_rate":0.0,"timestamp":1610519786,"path_taken":["M","?","M","?","$","R","E","?","T","E"],"items_purchased_type":["Relic","Relic","Potion","Relic","Relic"],"build_version":"2020-12-22","purchased_purges":1,"victory":false,"max_hp_per_floor":[80,80,80,80,80,80,80,80,80,80,80],"relic_stats":{"counters":[18,82],"Pantograph":25,"PreservedInsect":52,"obtain_stats":[{"ReplayFunnel":12,"NeowsBlessing":0,"Golden Idol":5,"Oddly Smooth Stone":7,"PreservedInsect":0,"Burning Blood":0,"hubris:EvacipatedBox":8,"Old Coin":7,"Dream Catcher":9,"Pantograph":13,"aspiration:WatcherSkillbook":17,"Orrery":0,"halation:PinkSoulGem":10,"NlothsMask":2},{"ReplayFunnel":6,"NeowsBlessing":0,"Golden Idol":4,"Oddly Smooth Stone":5,"PreservedInsect":13,"Burning Blood":0,"hubris:EvacipatedBox":17,"Old Coin":17,"Dream Catcher":5,"Pantograph":6,"aspiration:WatcherSkillbook":8,"Orrery":13,"halation:PinkSoulGem":5,"NlothsMask":14},{"ReplayFunnel":20,"NeowsBlessing":0,"Golden Idol":7,"Oddly Smooth Stone":12,"PreservedInsect":63,"Burning Blood":0,"hubris:EvacipatedBox":78,"Old Coin":78,"Dream Catcher":12,"Pantograph":20,"aspiration:WatcherSkillbook":44,"Orrery":63,"halation:PinkSoulGem":12,"NlothsMask":67}],"Burning Blood":87},"card_choices":[{"not_picked":["Pommel Strike","Heavy Blade"],"picked":"Eclipse","floor":0.0},{"not_picked":["Rage","Shockwave"],"picked":"Shrug It Off","floor":0.0},{"not_picked":["True Grit","ReplayReversal"],"picked":"ReplayTheSpireMod:Stacked","floor":0.0},{"not_picked":["hubris:CleavingFinish","Warcry"],"picked":"Shrug It Off","floor":0.0},{"not_picked":["Dual Wield","Perfected Strike"],"picked":"Armaments","floor":0.0},{"not_picked":["Pommel Strike","Run Through","Replay:Undeath\u0027s Touch"],"picked":"SKIP","floor":1.0},{"not_picked":["Seeing Red","Iron Wave","Twin Strike"],"picked":"SKIP","floor":3.0},{"not_picked":["Flex","Sever Soul","Sword Boomerang"],"picked":"SKIP","floor":4.0},{"not_picked":["Sword Boomerang","hubris:ReadiedAction"],"picked":"Cleave","floor":7.0}],"player_experience":618847,"relics_obtained":[{"floor":7.0,"key":"Old Coin"}],"event_choices":[{"damage_healed":0.0,"max_hp_gain":0.0,"max_hp_loss":0.0,"gold_gain":0.0,"event_name":"FaceTrader","player_choice":"Trade","floor":2.0,"gold_loss":0.0,"damage_taken":0.0,"relics_obtained":["NlothsMask"]}],"is_beta":false,"boss_relics":[],"items_purged_floors":[5],"is_endless":false,"potions_floor_spawned":[1,3],"killed_by":"3 Sentries","ascension_level":9}}