{"host":"2jftgrhdogeeegvp","time":1610518959,"event":{"mods":["Act Like it!","Arknights The Spire","BaseMod","Colored Map","Downfall","Gensokyo","Marisa£®ÏF”Í°°ƒß¿Ì…≥£©","Minty Spire (QoL Compilation)","READ ME - Guardian Mod","Reimu£®≤©¿ˆ¡È√Œ£©","StSLib","SuperFastMode","The Cursed","The Gatherer","The Mystic"],"gold_per_floor":[113,188,113,288,288,316,335,335,382,407,407,425,453,466,466,567,567,582,601,612,887,897,897,931,941,941,960,978,400,428,353,353,353,353],"floor_reached":33,"language":"ZHS","playtime":1988,"items_purged":["ats:Strike G","Regret"],"score":332,"play_id":"9e199eb4-00f0-4611-a7c4-fd1bbf9339c9","local_time":"20210112222239","is_ascension_mode":false,"campfire_choices":[{"floor":8.0,"key":"RECALL"},{"floor":11.0,"key":"REST"},{"floor":15.0,"key":"REST"},{"floor":23.0,"key":"REST"},{"floor":32.0,"key":"REST"}],"circlet_count":0,"master_deck":["ats:Strike C","ats:Strike S","ats:Strike V","ats:Armor Crushing Shot+1","ats:Defend","ats:Defend","ats:Defend","ats:Defend","ats:Emotion Absorption","ats:Burning Ground+1","ats:Magnetic Hammer","ats:Shell Defense","ats:Soul Absorption","ats:Hammer On","ats:Disruption Kick+1","ats:Closed Bolt Burst Fire","ats:Curse Doll","ats:Overload+1","ats:Ignite","ats:Healing Drone","ats:Automatic Cover+1","ats:Automatic Cover","ats:Chain Hook+1","expansioncontent:Corrupt","ats:Roar Of Ursus"],"relics":["ats:Sanity","NeowsBlessing","ats:Originium","Blood Vial","Boot","Oddly Smooth Stone","Happy Flower","Velvet Choker","FossilizedHelix","Akabeko","Whetstone","Centennial Puzzle"],"acts_visited":["Exordium","TheCity"],"potions_floor_usage":[33],"damage_taken":[{"damage":0.0,"enemies":"2 Louse","floor":1.0,"turns":1.0},{"damage":0.0,"enemies":"Lagavulin","floor":6.0,"turns":1.0},{"damage":0.0,"enemies":"Cultist","floor":7.0,"turns":1.0},{"damage":56.0,"enemies":"Gremlin Nob","floor":10.0,"turns":7.0},{"damage":3.0,"enemies":"Jaw Worm","floor":12.0,"turns":3.0},{"damage":24.0,"enemies":"Lagavulin","floor":13.0,"turns":8.0},{"damage":2.0,"enemies":"Red Slaver","floor":14.0,"turns":4.0},{"damage":50.0,"enemies":"The Guardian","floor":16.0,"turns":12.0},{"damage":4.0,"enemies":"Shell Parasite","floor":18.0,"turns":5.0},{"damage":16.0,"enemies":"Chosen","floor":19.0,"turns":7.0},{"damage":30.0,"enemies":"Snake Plant","floor":20.0,"turns":5.0},{"damage":18.0,"enemies":"3 Cultists","floor":22.0,"turns":7.0},{"damage":28.0,"enemies":"Slavers","floor":24.0,"turns":4.0},{"damage":24.0,"enemies":"Centurion and Healer","floor":25.0,"turns":6.0},{"damage":0.0,"enemies":"Snake Plant","floor":27.0,"turns":5.0},{"damage":5.0,"enemies":"Chosen and Byrds","floor":28.0,"turns":7.0},{"damage":15.0,"enemies":"Gremlin Leader","floor":30.0,"turns":8.0},{"damage":60,"enemies":"Automaton","floor":33,"turns":12}],"seed_played":"-3525110617494713756","potions_obtained":[{"floor":7.0,"key":"ZuzhouPotion:ReiMu"},{"floor":13.0,"key":"Ancient Potion"},{"floor":14.0,"key":"EntropicBrew"},{"floor":16.0,"key":"ats:Top Emergency Sanity Potion"},{"floor":20.0,"key":"hexamod:EctoCoolerPotion"},{"floor":22.0,"key":"ZuzhouPotion:ReiMu"},{"floor":25.0,"key":"LiquidMemories"},{"floor":28.0,"key":"SpeedPotion"}],"is_trial":false,"path_per_floor":["M","?","$","?","?","E","M","R","T","E","R","M","E","M","R","B",null,"M","M","M","?","M","R","E","M","T","M","M","$","E","?","R","B"],"character_chosen":"DOCTOR_CLASS","items_purchased":["Akabeko","Whetstone","expansioncontent:Corrupt"],"campfire_rested":4,"item_purchase_floors":[29,29,29],"current_hp_per_floor":[72,61,61,61,61,61,63,63,63,9,30,29,13,13,34,19,72,71,59,34,34,21,42,18,5,5,13,13,13,9,9,30,0,0],"gold":353,"neow_bonus":"THREE_ENEMY_KILL","is_daily":false,"chose_seed":false,"campfire_upgraded":0,"win_rate":0.0,"timestamp":1610518959,"path_taken":["M","?","$","?","?","E","M","R","T","E","R","M","E","M","R","BOSS","M","?","M","?","?","R","E","?","T","M","M","$","E","?","R","BOSS"],"items_purchased_type":["Relic","Relic","Card"],"build_version":"2020-12-22","purchased_purges":2,"victory":false,"max_hp_per_floor":[72,72,72,72,72,72,72,72,72,72,72,72,72,72,72,72,72,72,72,72,72,72,72,72,72,72,72,72,72,72,72,72,72,72],"card_choices":[{"not_picked":["ats:Childhood Dance","ats:Apocalypse"],"picked":"ats:Burning Ground","floor":1.0},{"not_picked":["ats:LN2 Cannon","ats:Explosion Area Strengthen","ats:Assault Order"],"picked":"SKIP","floor":6.0},{"not_picked":["ats:Red Shift","ats:Poison Spread"],"picked":"ats:Magnetic Hammer","floor":7.0},{"not_picked":["ats:Assault Order","ats:Soul Rend"],"picked":"ats:Shell Defense","floor":10.0},{"not_picked":["ats:Flame Of Heaven","ats:Blood Oath"],"picked":"ats:Soul Absorption","floor":12.0},{"not_picked":["ats:Explosion Area Strengthen","ats:Magnetic Hammer","ats:Healing Drone"],"picked":"SKIP","floor":13.0},{"not_picked":["ats:Soul Absorption","ats:Rapid Magazine"],"picked":"ats:Hammer On","floor":14.0},{"not_picked":["ats:Roar Of Ursus","ats:Wolf Pack"],"picked":"ats:Disruption Kick","floor":16.0},{"not_picked":["ats:Cat Scratch","ats:Flexible Camouflage+1"],"picked":"ats:Closed Bolt Burst Fire","floor":18.0},{"not_picked":["ats:Apocalypse","ats:Revitalization"],"picked":"ats:Curse Doll","floor":19.0},{"not_picked":["ats:Hammer On+1","ats:Flexible Camouflage"],"picked":"ats:Overload+1","floor":20.0},{"not_picked":["ats:Disruption Kick","ats:Poison Spread+1"],"picked":"ats:Ignite","floor":22.0},{"not_picked":["ats:Assault Order","ats:Cat Scratch"],"picked":"ats:Healing Drone","floor":24.0},{"not_picked":["ats:Counter Healing Mode","ats:Chain Hook"],"picked":"ats:Automatic Cover+1","floor":25.0},{"not_picked":["ats:Steam Pump","ats:Curse Doll"],"picked":"ats:Automatic Cover","floor":27.0},{"not_picked":["ats:Revitalization","ats:Powerful Strike"],"picked":"ats:Chain Hook+1","floor":28.0},{"not_picked":["ats:Rapid Magazine","ats:LN2 Cannon"],"picked":"ats:Roar Of Ursus","floor":30.0}],"player_experience":410236,"relics_obtained":[{"floor":6.0,"key":"ats:Originium"},{"floor":6.0,"key":"Blood Vial"},{"floor":9.0,"key":"Boot"},{"floor":10.0,"key":"ats:Originium"},{"floor":10.0,"key":"Oddly Smooth Stone"},{"floor":13.0,"key":"ats:Originium"},{"floor":13.0,"key":"Happy Flower"},{"floor":24.0,"key":"FossilizedHelix"},{"floor":30.0,"key":"Centennial Puzzle"}],"event_choices":[{"damage_healed":0.0,"max_hp_gain":0.0,"max_hp_loss":0.0,"gold_gain":75.0,"event_name":"World of Goop","player_choice":"Gather Gold","floor":2.0,"gold_loss":0.0,"damage_taken":11.0},{"damage_healed":0.0,"max_hp_gain":0.0,"max_hp_loss":0.0,"gold_gain":175.0,"event_name":"Liars Game","player_choice":"AGREE","floor":4.0,"gold_loss":0.0,"damage_taken":0.0,"cards_obtained":["Doubt"]},{"damage_healed":0.0,"max_hp_gain":0.0,"max_hp_loss":0.0,"gold_gain":0.0,"event_name":"Upgrade Shrine","player_choice":"Upgraded","floor":5.0,"gold_loss":0.0,"damage_taken":0.0,"cards_upgraded":["ats:Burning Ground"]},{"damage_healed":0.0,"max_hp_gain":0.0,"max_hp_loss":0.0,"gold_gain":275.0,"event_name":"Golden Shrine","player_choice":"Desecrate","floor":21.0,"gold_loss":0.0,"damage_taken":0.0,"cards_obtained":["Regret"]},{"cards_removed":["Doubt"],"damage_healed":0.0,"max_hp_gain":0.0,"max_hp_loss":0.0,"gold_gain":0.0,"event_name":"Beggar","player_choice":"Gave Gold","floor":31.0,"gold_loss":75.0,"damage_taken":0.0}],"is_beta":false,"boss_relics":[{"not_picked":["Snecko Eye","Black Star"],"picked":"Velvet Choker"}],"items_purged_floors":[3,29],"is_endless":false,"potions_floor_spawned":[7,13,14,16,20,22,25,28],"killed_by":"Automaton","ascension_level":0}}