{"host":"w11d5xug8ost5klq","time":1610503861,"event":{"mods":["100% Spire Juice","2.2 Compatiblity","BaseMod","Better Third Choice","Emptier Cage","Highlight Path","Minty Spire (QoL Compilation)","Quick Restart","Spicy Shops","StSLib"],"gold_per_floor":[115,134,14,32,44,44,71,71,95,95,111,138,18,28,28,126,6,19,44,62,73,73,73,52,52,52,65,65,65,65],"floor_reached":29,"language":"ENG","playtime":1054,"items_purged":[],"score":247,"play_id":"69dd28ff-3cbe-4578-9cfe-8078c92d78c2","local_time":"20210112201101","is_ascension_mode":true,"campfire_choices":[{"data":"Moonworks:TreasureThief","floor":6,"key":"SMITH"},{"floor":8,"key":"REST"},{"floor":15,"key":"REST"},{"data":"Moonworks:CloudOfSeagulls","floor":23,"key":"SMITH"},{"data":"Moonworks:RagingMadness","floor":25,"key":"SMITH"},{"floor":28,"key":"REST"}],"circlet_count":0,"master_deck":["Moonworks:Strike","Moonworks:Strike","Moonworks:Strike","Moonworks:Defend","Moonworks:Defend","Moonworks:Defend","Moonworks:Defend","Moonworks:Ambush","Moonworks:LongDistanceShot","Moonworks:LuckyCharm","Moonworks:EvilSpyWorkPreparation","Moonworks:IndiscriminateFireSupport","Moonworks:TreasureThief+1","Moonworks:FullSpeedAlicianrone","Moonworks:Bloodlust","Moonworks:SakisCookie","Moonworks:RocketCannon","Moonworks:CloudOfSeagulls+1","Moonworks:RagingMadness+1","Moonworks:SakisCookie","Necronomicurse"],"relics":["Moonworks:SBBomb","Moonworks:Homemark","Anchor","MealTicket","Lantern","FaceOfCleric","Ancient Tea Set","Necronomicon","Sundial"],"acts_visited":["Exordium","TheCity"],"potions_floor_usage":[7,16,27],"damage_taken":[{"damage":1,"enemies":"Cultist","floor":1,"turns":3},{"damage":0,"enemies":"Small Slimes","floor":2,"turns":4},{"damage":0,"enemies":"2 Louse","floor":4,"turns":2},{"damage":14,"enemies":"Exordium Thugs","floor":5,"turns":2},{"damage":16,"enemies":"Gremlin Nob","floor":7,"turns":3},{"damage":2,"enemies":"Red Slaver","floor":11,"turns":3},{"damage":16,"enemies":"Lagavulin","floor":12,"turns":5},{"damage":4,"enemies":"Exordium Wildlife","floor":14,"turns":2},{"damage":29,"enemies":"Slime Boss","floor":16,"turns":9},{"damage":21,"enemies":"Spheric Guardian","floor":18,"turns":4},{"damage":4,"enemies":"2 Thieves","floor":20,"turns":3},{"damage":27,"enemies":"Snecko","floor":21,"turns":4},{"damage":37,"enemies":"3 Cultists","floor":27,"turns":4},{"damage":24,"enemies":"Gremlin Leader","floor":29,"turns":3}],"seed_played":"-2622486248930147960","potions_obtained":[{"floor":0,"key":"GamblersBrew"},{"floor":0,"key":"Ancient Potion"},{"floor":0,"key":"SmokeBomb"},{"floor":5,"key":"DistilledChaos"},{"floor":11,"key":"PowerPotion"},{"floor":14,"key":"DistilledChaos"},{"floor":21,"key":"EssenceOfSteel"}],"is_trial":false,"path_per_floor":["M","M","?","M","M","R","E","R","T","?","M","E","?","M","R","B",null,"M","T","M","M","?","R","?","R","T","M","R","E"],"character_chosen":"THE_STARBREAKER","items_purchased":[],"campfire_rested":3,"item_purchase_floors":[],"current_hp_per_floor":[59,59,52,52,38,38,22,40,40,40,38,22,22,27,45,33,62,53,53,54,42,26,26,26,26,26,4,23,0,0],"gold":65,"neow_bonus":"THREE_SMALL_POTIONS","is_daily":false,"chose_seed":false,"campfire_upgraded":3,"win_rate":0.0,"timestamp":1610503861,"path_taken":["M","M","?","M","M","R","E","R","T","?","?","E","?","?","R","BOSS","M","?","?","M","?","R","?","R","T","M","R","E"],"items_purchased_type":[],"build_version":"2020-12-22","purchased_purges":0,"victory":false,"max_hp_per_floor":[60,60,60,60,60,60,60,60,60,60,60,60,60,61,61,62,62,63,63,64,65,65,65,65,65,65,66,66,66,66],"card_choices":[{"not_picked":["Moonworks:WindyEnchantment","Moonworks:BackdoorTrade"],"picked":"Moonworks:LuckyCharm","floor":1},{"not_picked":["Moonworks:Assault","Moonworks:DeployBits"],"picked":"Moonworks:EvilSpyWorkPreparation","floor":2},{"not_picked":["Moonworks:BigMagnum","Moonworks:Assault"],"picked":"Moonworks:IndiscriminateFireSupport","floor":4},{"not_picked":["Moonworks:IndiscriminateFireSupport","Moonworks:LulusLuckyEgg"],"picked":"Moonworks:TreasureThief","floor":5},{"not_picked":["Moonworks:BigMagnum","Moonworks:EvilSpyWorkPreparation"],"picked":"Moonworks:EvilMastermind","floor":7},{"not_picked":["Moonworks:Assault","Moonworks:IndiscriminateFireSupport"],"picked":"Moonworks:FullSpeedAlicianrone","floor":11},{"not_picked":["Moonworks:TreasureThief","Moonworks:ReflectiveShell"],"picked":"Moonworks:Bloodlust","floor":12},{"not_picked":["Moonworks:IndiscriminateFireSupport","Moonworks:Assault"],"picked":"Moonworks:SakisCookie","floor":14},{"not_picked":["Moonworks:SubspaceTunnel","Moonworks:WeAreWaruda"],"picked":"Moonworks:RocketCannon","floor":16},{"not_picked":["Moonworks:JonathanRush","Moonworks:Dinner"],"picked":"Moonworks:CloudOfSeagulls","floor":18},{"not_picked":["Moonworks:ExtendedPhotonRifle","Moonworks:ScrambledEve"],"picked":"Moonworks:RagingMadness","floor":20},{"not_picked":["Moonworks:LulusLuckyEgg","Moonworks:EvilSpyWorkPreparation"],"picked":"Moonworks:SakisCookie","floor":21},{"not_picked":["Moonworks:ReproductionOfRecords","Moonworks:SakisCookie","Moonworks:DeployBits"],"picked":"SKIP","floor":27}],"player_experience":93094,"relics_obtained":[{"floor":7,"key":"Anchor"},{"floor":9,"key":"MealTicket"},{"floor":12,"key":"Lantern"},{"floor":19,"key":"Ancient Tea Set"},{"floor":22,"key":"Necronomicon"},{"floor":26,"key":"Sundial"}],"event_choices":[{"cards_removed":["Moonworks:Strike"],"damage_healed":0,"gold_gain":0,"player_choice":"Card Removal","damage_taken":7,"max_hp_gain":0,"max_hp_loss":0,"event_name":"Golden Wing","floor":3,"gold_loss":0},{"cards_removed":["Moonworks:EvilMastermind"],"damage_healed":0,"gold_gain":0,"player_choice":"Purged","damage_taken":0,"max_hp_gain":0,"max_hp_loss":0,"event_name":"Purifier","floor":10,"gold_loss":0},{"damage_healed":0,"gold_gain":0,"player_choice":"Trade","damage_taken":0,"relics_obtained":["FaceOfCleric"],"max_hp_gain":0,"max_hp_loss":0,"event_name":"FaceTrader","floor":13,"gold_loss":0},{"damage_healed":0,"gold_gain":0,"player_choice":"Obtained Book","damage_taken":16,"max_hp_gain":0,"max_hp_loss":0,"event_name":"Cursed Tome","floor":22,"gold_loss":0},{"damage_healed":0,"gold_gain":99,"player_choice":"Steal","damage_taken":0,"max_hp_gain":0,"max_hp_loss":0,"event_name":"betterThird:BetterNest","floor":24,"gold_loss":0}],"is_beta":false,"boss_relics":[{"not_picked":["Tiny House","Calling Bell"],"picked":"Moonworks:SBBomb"}],"items_purged_floors":[],"is_endless":false,"potions_floor_spawned":[4,5,11,14,21],"killed_by":"Gremlin Leader","ascension_level":1}}