{"host":"bxdue9bkfm2khp2x","time":1610528053,"event":{"mods":["ATMod(阿瑾Mod)","Arknights The Spire","Aspiration","BaseMod","Better Vampires","Challenge The Spire","Colored Map","Colored Powertips","Conspire","Decade(王小明)","Dota2Spire","Highlight Path","Minty Spire (QoL Compilation)","MostiFishMod","Remilia（蕾米莉亚）","Replay The Spire","RumiaBox-露米娅的神秘盒子","Ryuuou龙王","Spicy Shops","StSLib","Td1madao Mod","The Alterego","The Bug Knight","The Cursed","The Servant 0.9.4","WarShipGirlsR/战舰少女R mod","noobMod","vexMod","【功能Mod】混沌之环修复补丁","【遗物卡牌】REMEMod","篝火指南"],"gold_per_floor":[117,42,60,60,77,77,77,88,142,217,227,227,227,227],"floor_reached":13,"language":"ZHS","playtime":668,"items_purged":["Secret Weapon"],"score":113,"play_id":"d89725b2-0d62-4702-9911-67d428234b7a","local_time":"20210113165413","is_ascension_mode":true,"campfire_choices":[{"data":"rmod:expedition","floor":6,"key":"SMITH"},{"data":"rmod:expedition+2","floor":12,"key":"SMITH"}],"circlet_count":0,"master_deck":["AscendersBane","rmod:strick","rmod:strick","rmod:strick","rmod:strick","rmod:defend","rmod:defend","rmod:defend","rmod:defend","rmod:basicallowance+1","rmod:maingunfire","rmod:firesupport","rmod:expedition+3","rmod:intelligenceanalysis","rmod:lonelyqueen"],"relics":["rmod:firstchargereward","DaveBox","REME_ComplimentaryCards","ice","AT_ATBox","DaCapo","SynthV:TestCard","Dota2Spire:ArmletOfMordiggian"],"acts_visited":["Exordium"],"potions_floor_usage":[11,13],"damage_taken":[{"damage":0,"enemies":"Cultist","floor":1,"turns":3},{"damage":6,"enemies":"Jaw Worm","floor":3,"turns":3},{"damage":0,"enemies":"conspire:RoseBush","floor":5,"turns":3},{"damage":4,"enemies":"Exordium Wildlife","floor":8,"turns":5},{"damage":22,"enemies":"3 Louse","floor":11,"turns":2},{"damage":21,"enemies":"3 Sentries","floor":13,"turns":8}],"seed_played":"-8231116835439760455","potions_obtained":[{"floor":1,"key":"Energy Potion"},{"floor":11,"key":"Fire Potion"}],"is_trial":false,"path_per_floor":["M","$","M","?","M","R","?","M","T","?","M","R","E"],"character_chosen":"PRAEFECT","items_purchased":[],"campfire_rested":0,"item_purchase_floors":[],"current_hp_per_floor":[68,68,62,62,62,62,62,58,58,47,25,25,4,4],"gold":227,"neow_bonus":"UPGRADE_CARD","is_daily":false,"chose_seed":false,"campfire_upgraded":2,"win_rate":0.0,"timestamp":1610528053,"path_taken":["M","$","?","?","M","R","?","?","T","?","M","R","E"],"items_purchased_type":[],"build_version":"2020-12-22","purchased_purges":1,"victory":false,"max_hp_per_floor":[75,75,75,75,75,75,75,75,75,75,75,75,75,75],"card_choices":[{"not_picked":["rmod:wasp","rmod:combined","rmod:sl"],"picked":"SKIP","floor":1},{"not_picked":["rmod:gendarmerie","rmod:goodfighter","rmod:circuitoustactics","rmod:unsinkable"],"picked":"rmod:firesupport","floor":3},{"not_picked":["rmod:generalist","rmod:circuitoustactics","rmod:fletcherpendant","rmod:steelsupply"],"picked":"rmod:expedition","floor":5},{"not_picked":["rmod:fuelsupply","rmod:expedition","rmod:maintain","rmod:sl"],"picked":"rmod:intelligenceanalysis","floor":8},{"not_picked":["rmod:intelligenceanalysis","rmod:royalracing","rmod:luckystar","rmod:aviationdawn"],"picked":"rmod:lonelyqueen","floor":11}],"player_experience":1241771,"relics_obtained":[{"floor":1,"key":"SynthV:TestCard"},{"floor":9,"key":"Dota2Spire:ArmletOfMordiggian"}],"event_choices":[{"damage_healed":0,"gold_gain":0,"player_choice":"Ignored","damage_taken":0,"max_hp_gain":0,"max_hp_loss":0,"event_name":"Liars Game","floor":4,"gold_loss":0},{"damage_healed":0,"gold_gain":0,"player_choice":"Upgraded","damage_taken":0,"max_hp_gain":0,"max_hp_loss":0,"event_name":"Upgrade Shrine","floor":7,"gold_loss":0,"cards_upgraded":["rmod:expedition"]},{"damage_healed":0,"gold_gain":75,"player_choice":"Gather Gold","damage_taken":11,"max_hp_gain":0,"max_hp_loss":0,"event_name":"World of Goop","floor":10,"gold_loss":0}],"is_beta":false,"boss_relics":[],"items_purged_floors":[2],"is_endless":false,"potions_floor_spawned":[1,11],"killed_by":"3 Sentries","ascension_level":10}}