{"host":"5wznv0010959mrmz","time":1610510705,"event":{"mods":["BaseMod","Highlight Path","Minty Spire (QoL Compilation)","Relic Stats"],"gold_per_floor":[114,126,51,51,51,85,98,98,98,98,98],"floor_reached":10,"language":"ENG","playtime":338,"items_purged":[],"score":132,"play_id":"658aa09b-64e4-4030-adc1-cca40f8e1e40","local_time":"20210112220505","is_ascension_mode":true,"campfire_choices":[{"data":"Dagger Spray","floor":8,"key":"SMITH"}],"circlet_count":0,"master_deck":["AscendersBane","Strike_G","Strike_G","Strike_G","Strike_G","Defend_G","Defend_G+1","Defend_G+1","Defend_G","Defend_G","Survivor","Neutralize","Blade Dance","Dagger Spray+1","Injury","Footwork","Backstab"],"relics":["Ring of the Snake","War Paint","Golden Idol","Paper Crane","Lantern"],"acts_visited":["Exordium"],"potions_floor_usage":[6,10,10],"damage_taken":[{"damage":0,"enemies":"Small Slimes","floor":1,"turns":3},{"damage":0,"enemies":"Jaw Worm","floor":2,"turns":4},{"damage":12,"enemies":"3 Sentries","floor":6,"turns":6},{"damage":0,"enemies":"2 Louse","floor":7,"turns":4},{"damage":22,"enemies":"Lagavulin","floor":10,"turns":9}],"seed_played":"236262428620161577","potions_obtained":[{"floor":1,"key":"SkillPotion"},{"floor":2,"key":"Strength Potion"},{"floor":7,"key":"SkillPotion"}],"is_trial":false,"path_per_floor":["M","M","?","?","?","E","M","R","T","E"],"character_chosen":"THE_SILENT","items_purchased":[],"campfire_rested":0,"item_purchase_floors":[],"current_hp_per_floor":[59,59,59,59,33,21,21,21,21,0,0],"gold":98,"neow_bonus":"RANDOM_COMMON_RELIC","is_daily":false,"chose_seed":false,"campfire_upgraded":1,"win_rate":0.0,"timestamp":1610510705,"path_taken":["M","M","?","?","?","E","M","R","T","E"],"items_purchased_type":[],"build_version":"2020-12-22","purchased_purges":0,"victory":false,"max_hp_per_floor":[66,66,66,66,66,66,66,66,66,66,66],"relic_stats":{"counters":[5,26],"Golden Idol":10,"War Paint":["Defend_G","Defend_G"],"obtain_stats":[{"Lantern":6,"Golden Idol":4,"War Paint":0,"Paper Crane":5,"Ring of the Snake":0},{"Lantern":3,"Golden Idol":2,"War Paint":0,"Paper Crane":2,"Ring of the Snake":0},{"Lantern":13,"Golden Idol":7,"War Paint":0,"Paper Crane":7,"Ring of the Snake":0}],"Ring of the Snake":[10]},"card_choices":[{"not_picked":["Escape Plan","Deflect"],"picked":"Blade Dance","floor":1},{"not_picked":["Underhanded Strike","Quick Slash"],"picked":"Dagger Spray","floor":2},{"not_picked":["Cloak And Dagger","Choke"],"picked":"Footwork","floor":6},{"not_picked":["Backflip","Skewer"],"picked":"Backstab","floor":7}],"player_experience":451646,"relics_obtained":[{"floor":6,"key":"Lantern"}],"event_choices":[{"cards_removed":["Strike_G"],"damage_healed":0,"gold_gain":0,"player_choice":"Card Removal","damage_taken":0,"max_hp_gain":0,"max_hp_loss":0,"event_name":"The Cleric","floor":3,"gold_loss":75},{"damage_healed":0,"gold_gain":0,"player_choice":"Take Wound","damage_taken":0,"relics_obtained":["Golden Idol"],"max_hp_gain":0,"max_hp_loss":0,"event_name":"Golden Idol","floor":4,"gold_loss":0,"cards_obtained":["Injury"]},{"damage_healed":0,"gold_gain":0,"player_choice":"Success","damage_taken":26,"relics_obtained":["Paper Crane"],"max_hp_gain":0,"max_hp_loss":0,"event_name":"Scrap Ooze","floor":5,"gold_loss":0}],"is_beta":false,"boss_relics":[],"items_purged_floors":[],"is_endless":false,"potions_floor_spawned":[1,2,7],"killed_by":"Lagavulin","ascension_level":20}}