{"host":"zekcc3vicrep0och","time":1610542227,"event":{"mods":["AchievementEnabler","BaseMod","Colored Map","Colored Powertips","Displayed Cursed Tome","Highlight Path","Minty Spire (QoL Compilation)","Quick Restart","Relic Stats","StSLib","The Cursed"],"gold_per_floor":[119,138,138,157,157,190,190,206,206,239,257,257,278,301,301,394,394,412,412,412,412],"floor_reached":20,"language":"ENG","playtime":943,"items_purged":[],"score":363,"play_id":"eddb4809-11c6-475b-9f09-3d7d46e8552f","local_time":"20210113155027","is_ascension_mode":true,"campfire_choices":[{"data":"Bash","floor":7.0,"key":"SMITH"},{"data":"Inflame","floor":15.0,"key":"SMITH"}],"circlet_count":0,"master_deck":["AscendersBane","Strike_R","Strike_R","Strike_R","Strike_R","Defend_R","Defend_R","Defend_R","Defend_R","Bash+1","Iron Wave","Inflame+1","Dropkick","Heavy Blade","Intimidate","Metallicize+1","Shrug It Off","Immolate","Armaments"],"relics":["Burning Blood","The Courier","Ornamental Fan","Frozen Egg 2","Golden Idol","SlaversCollar","Question Card"],"acts_visited":["Exordium","TheCity"],"potions_floor_usage":[],"damage_taken":[{"damage":3.0,"enemies":"2 Louse","floor":1.0,"turns":4.0},{"damage":2.0,"enemies":"Cultist","floor":2.0,"turns":4.0},{"damage":0.0,"enemies":"Small Slimes","floor":4.0,"turns":4.0},{"damage":8.0,"enemies":"Gremlin Nob","floor":6.0,"turns":3.0},{"damage":8.0,"enemies":"2 Fungi Beasts","floor":8.0,"turns":4.0},{"damage":46.0,"enemies":"3 Sentries","floor":10.0,"turns":10.0},{"damage":0.0,"enemies":"Lots of Slimes","floor":11.0,"turns":3.0},{"damage":2.0,"enemies":"Exordium Thugs","floor":13.0,"turns":5.0},{"damage":4.0,"enemies":"Exordium Wildlife","floor":14.0,"turns":4.0},{"damage":37.0,"enemies":"The Guardian","floor":16.0,"turns":16.0},{"damage":37,"enemies":"Shell Parasite","floor":18,"turns":5},{"damage":21,"enemies":"Chosen","floor":20,"turns":4}],"seed_played":"-15538221925602071","potions_obtained":[{"floor":2.0,"key":"SteroidPotion"},{"floor":10.0,"key":"ColorlessPotion"},{"floor":11.0,"key":"SneckoOil"},{"floor":14.0,"key":"BlessingOfTheForge"},{"floor":18,"key":"SteroidPotion"}],"is_trial":false,"path_per_floor":["M","M","?","M","?","E","R","M","T","E","M","?","M","M","R","B",null,"M","?","M"],"character_chosen":"IRONCLAD","items_purchased":[],"campfire_rested":0,"item_purchase_floors":[],"current_hp_per_floor":[78,82,82,82,82,80,80,78,78,38,44,44,48,50,50,19,60,29,29,8,8],"gold":412,"neow_bonus":"TEN_PERCENT_HP_BONUS","is_daily":false,"chose_seed":false,"campfire_upgraded":2,"win_rate":0.0,"timestamp":1610542227,"path_taken":["M","M","?","?","?","E","R","M","T","E","M","?","M","M","R","BOSS","M","?","M"],"items_purchased_type":[],"build_version":"2020-12-22","purchased_purges":0,"victory":false,"max_hp_per_floor":[82,82,82,82,82,82,82,82,82,82,82,74,74,74,74,74,74,74,74,74,74],"relic_stats":{"counters":[12,66],"Ornamental Fan":[24],"Golden Idol":32,"Question Card":0,"obtain_stats":[{"SlaversCollar":17,"Ornamental Fan":9,"Golden Idol":12,"The Courier":6,"Frozen Egg 2":10,"Question Card":19,"Burning Blood":0},{"SlaversCollar":10,"Ornamental Fan":5,"Golden Idol":7,"The Courier":4,"Frozen Egg 2":6,"Question Card":11,"Burning Blood":0},{"SlaversCollar":57,"Ornamental Fan":19,"Golden Idol":32,"The Courier":15,"Frozen Egg 2":29,"Question Card":62,"Burning Blood":0}],"Burning Blood":60},"card_choices":[{"not_picked":["Dual Wield","Warcry"],"picked":"Iron Wave","floor":1.0},{"not_picked":["Entrench","Clash"],"picked":"Inflame","floor":2.0},{"not_picked":["Searing Blow","Clothesline"],"picked":"Dropkick","floor":4.0},{"not_picked":["Rupture","Wild Strike"],"picked":"Heavy Blade","floor":6.0},{"not_picked":["Combust","Clothesline"],"picked":"Intimidate","floor":8.0},{"not_picked":["Infernal Blade","Intimidate","Searing Blow"],"picked":"SKIP","floor":10.0},{"not_picked":["Cleave","Combust+1"],"picked":"Metallicize+1","floor":11.0},{"not_picked":["Dropkick","Reckless Charge"],"picked":"Shrug It Off","floor":13.0},{"not_picked":["Evolve+1","Hemokinesis"],"picked":"Flex","floor":14.0},{"not_picked":["Barricade+1","Limit Break"],"picked":"Immolate","floor":16.0},{"not_picked":["Power Through","Disarm"],"picked":"Armaments","floor":18}],"player_experience":526246,"relics_obtained":[{"floor":6.0,"key":"The Courier"},{"floor":9.0,"key":"Ornamental Fan"},{"floor":10.0,"key":"Frozen Egg 2"}],"event_choices":[{"cards_removed":["Strike_R"],"damage_healed":0.0,"max_hp_gain":0.0,"max_hp_loss":0.0,"gold_gain":0.0,"event_name":"Wheel of Change","player_choice":"Card Removal","floor":3.0,"gold_loss":0.0,"damage_taken":0.0},{"damage_healed":0.0,"max_hp_gain":0.0,"max_hp_loss":0.0,"gold_gain":0.0,"event_name":"The Cleric","player_choice":"Leave","floor":5.0,"gold_loss":0.0,"damage_taken":0.0},{"damage_healed":0.0,"max_hp_gain":0.0,"max_hp_loss":8.0,"gold_gain":0.0,"event_name":"Golden Idol","player_choice":"Lose Max HP","floor":12.0,"gold_loss":0.0,"damage_taken":0.0,"relics_obtained":["Golden Idol"]},{"cards_removed":["Flex"],"damage_healed":0,"gold_gain":0,"player_choice":"Gave Card","damage_taken":0,"relics_obtained":["Question Card"],"max_hp_gain":0,"max_hp_loss":0,"event_name":"WeMeetAgain","floor":19,"gold_loss":0}],"is_beta":false,"boss_relics":[{"not_picked":["Black Blood","Fusion Hammer"],"picked":"SlaversCollar"}],"items_purged_floors":[],"is_endless":false,"potions_floor_spawned":[2,10,11,14,18],"killed_by":"Chosen","ascension_level":19}}