{"host":"11728qvdvolffudn","time":1610553088,"event":{"mods":["BaseMod","Block Reminder","Colored Powertips","Curses Come First","Custom Start","Displayed Cursed Tome","Highlight Path","Minty Spire (QoL Compilation)","Permanent Neow","Quick Restart","Rare Cards Sparkle","Relic Stats","StSLib"],"gold_per_floor":[111,123,123,98,172,172,172,172,172,207,224,241,163,179,179,179,179],"floor_reached":16,"language":"ENG","playtime":856,"items_purged":[],"score":100,"play_id":"0da1e63d-88a3-4b61-9c2c-71e138e52993","local_time":"20210113155128","is_ascension_mode":false,"campfire_choices":[{"data":"Hyperbeam","floor":6,"key":"SMITH"},{"data":"Zap","floor":8,"key":"SMITH"},{"data":"Defragment","floor":15,"key":"SMITH"}],"circlet_count":0,"master_deck":["Strike_B","Strike_B","Strike_B","Strike_B","Defend_B","Defend_B","Defend_B","Defend_B","Zap+1","Dualcast","Hyperbeam+1","Go for the Eyes","Steam","Loop","Defragment","Defragment+1"],"relics":["Cracked Core","NlothsMask","Eternal Feather"],"acts_visited":["Exordium"],"potions_floor_usage":[10,16,16],"damage_taken":[{"damage":0.0,"enemies":"2 Louse","floor":1.0,"turns":1.0},{"damage":0,"enemies":"Cultist","floor":2,"turns":3},{"damage":28,"enemies":"Lagavulin","floor":10,"turns":10},{"damage":0,"enemies":"Jaw Worm","floor":11,"turns":3},{"damage":3,"enemies":"Red Slaver","floor":12,"turns":3},{"damage":5,"enemies":"Large Slime","floor":14,"turns":4},{"damage":53,"enemies":"Slime Boss","floor":16,"turns":7}],"seed_played":"-5305155632454942982","potions_obtained":[{"floor":1,"key":"Weak Potion"},{"floor":12,"key":"Block Potion"},{"floor":14,"key":"BlessingOfTheForge"}],"is_trial":false,"path_per_floor":["M","M","?","$","?","R","$","R","T","E","M","M","$","M","R","B"],"character_chosen":"DEFECT","items_purchased":["Steam","Defragment"],"campfire_rested":0,"item_purchase_floors":[4,13],"current_hp_per_floor":[75,75,75,75,75,75,75,75,75,47,47,44,44,39,48,0,0],"gold":179,"neow_bonus":"ONE_RANDOM_RARE_CARD","is_daily":false,"chose_seed":false,"campfire_upgraded":3,"win_rate":0.0,"timestamp":1610553088,"path_taken":["M","M","?","?","?","R","$","R","T","E","M","M","$","M","R","BOSS"],"items_purchased_type":["Card","Card"],"build_version":"2020-12-22","purchased_purges":0,"victory":false,"max_hp_per_floor":[75,75,75,75,75,75,75,75,75,75,75,75,75,75,75,75,75],"relic_stats":{"counters":[7,31],"Eternal Feather":9,"obtain_stats":[{"Eternal Feather":10,"Cracked Core":0,"NlothsMask":3},{"Eternal Feather":3,"Cracked Core":0,"NlothsMask":2},{"Eternal Feather":14,"Cracked Core":0,"NlothsMask":4}]},"card_choices":[{"not_picked":["Darkness","Rebound"],"picked":"Go for the Eyes","floor":1},{"not_picked":["Reprogram","Tempest","Streamline"],"picked":"SKIP","floor":2},{"not_picked":["Beam Cell","Buffer"],"picked":"Loop","floor":10},{"not_picked":["Cold Snap","Stack","Undo"],"picked":"SKIP","floor":11},{"not_picked":["Loop","Recycle"],"picked":"Defragment","floor":12},{"not_picked":["Gash","Static Discharge","Streamline"],"picked":"SKIP","floor":14}],"player_experience":112882,"relics_obtained":[{"floor":10,"key":"Eternal Feather"}],"event_choices":[{"damage_healed":0,"gold_gain":0,"player_choice":"Trade","damage_taken":0,"relics_obtained":["NlothsMask"],"max_hp_gain":0,"max_hp_loss":0,"event_name":"FaceTrader","floor":3,"gold_loss":0},{"damage_healed":0,"gold_gain":74,"player_choice":"Gained Gold","damage_taken":0,"max_hp_gain":0,"max_hp_loss":0,"event_name":"Golden Wing","floor":5,"gold_loss":0}],"is_beta":false,"boss_relics":[],"items_purged_floors":[],"is_endless":false,"potions_floor_spawned":[1,12,14],"killed_by":"Slime Boss","ascension_level":0}}