{"host":"grli52lbdph2722t","time":1610554980,"event":{"mods":["AchievementEnabler","BaseMod","Downfall","Minty Spire (QoL Compilation)","Quick Restart","StSLib"],"gold_per_floor":[0,15,29,45,55,55,81,139,39,68,82,113,128,157,177,177,177,177],"floor_reached":16,"language":"ENG","playtime":848,"items_purged":[],"score":252,"play_id":"c3b2a6c9-7ecf-471f-afea-2baa02e89ea0","local_time":"20210113172300","is_ascension_mode":true,"campfire_choices":[{"data":"Guardian:GatlingBeam","floor":1,"key":"SMITH"},{"data":"Guardian:TimeCapacitor","floor":6,"key":"SMITH"},{"floor":9,"key":"REST"}],"circlet_count":0,"master_deck":["Guardian:Strike_Guardian","Guardian:Strike_Guardian","Guardian:Strike_Guardian","Guardian:Defend_Guardian","Guardian:Defend_Guardian","Guardian:Defend_Guardian","Guardian:CurlUp","Guardian:TwinSlam","Guardian:PrimingBeam","Guardian:GatlingBeam+1","Guardian:ShieldCharger","Guardian:FuturePlans","Guardian:TimeCapacitor+1","Guardian:Gem_Yellow","Guardian:TimeSifter","Guardian:HyperBeam_Guardian","Guardian:Gem_White","Guardian:Clone"],"relics":["Guardian:ModeShifter","Boot","downfall:HeartBlessingBlue","Akabeko","Bird Faced Urn","Bottled Lightning"],"acts_visited":["Exordium"],"potions_floor_usage":[8,14,14,16,16],"damage_taken":[{"damage":6,"enemies":"Cultist","floor":2,"turns":3},{"damage":12,"enemies":"Jaw Worm","floor":3,"turns":3},{"damage":5,"enemies":"Small Slimes","floor":4,"turns":5},{"damage":12,"enemies":"3 Louse","floor":5,"turns":4},{"damage":20,"enemies":"3 Sentries","floor":8,"turns":8},{"damage":25,"enemies":"3 Sentries","floor":10,"turns":10},{"damage":3,"enemies":"Blue Slaver","floor":11,"turns":4},{"damage":0,"enemies":"Lagavulin","floor":12,"turns":5},{"damage":18,"enemies":"Large Slime","floor":13,"turns":4},{"damage":0,"enemies":"Gremlin Nob","floor":14,"turns":2},{"damage":0,"enemies":"Exordium Wildlife","floor":15,"turns":2},{"damage":42,"enemies":"downfall:Watcher","floor":16,"turns":7}],"seed_played":"6965759682070007209","potions_obtained":[{"floor":2,"key":"BlessingOfTheForge"},{"floor":5,"key":"Weak Potion"},{"floor":11,"key":"FearPotion"},{"floor":13,"key":"DistilledChaos"},{"floor":15,"key":"Strength Potion"}],"is_trial":false,"path_per_floor":["R","M","M","M","M","R","T","?","R","E","M","E","M","E","M","B"],"character_chosen":"GUARDIAN","items_purchased":[],"campfire_rested":1,"item_purchase_floors":[],"current_hp_per_floor":[72,66,54,49,37,37,37,17,54,29,26,26,10,12,14,0,0,0],"gold":177,"neow_bonus":"TRANSFORM_TWO_CARDS","is_daily":false,"chose_seed":false,"campfire_upgraded":2,"win_rate":0.0,"timestamp":1610554980,"path_taken":["R","M","M","M","M","R","T","?","R","E","M","E","M","E","M","BOSS"],"items_purchased_type":[],"build_version":"2020-12-22","purchased_purges":0,"victory":false,"max_hp_per_floor":[80,80,80,80,80,80,80,80,90,90,90,90,90,90,90,90,90,90],"card_choices":[{"not_picked":["Guardian:GuardianWhirl","Guardian:Incinerate"],"picked":"Guardian:ShieldCharger","floor":2},{"not_picked":["Guardian:ChargeUp","Guardian:Recover"],"picked":"Guardian:FuturePlans","floor":3},{"not_picked":["Guardian:Gem_Cyan","Guardian:Reroute"],"picked":"Guardian:Gem_Fragmented","floor":4},{"not_picked":["Guardian:FloatingOrbs","Guardian:ShieldSpikes"],"picked":"Guardian:TimeCapacitor","floor":5},{"not_picked":["Guardian:GuardianWhirl","Guardian:Gem_Fragmented"],"picked":"Guardian:Gem_White","floor":8},{"not_picked":["Guardian:Gem_Red","Guardian:Incinerate"],"picked":"Guardian:Gem_Yellow","floor":10},{"not_picked":["Guardian:TemporalStrike","Guardian:Gem_White"],"picked":"Guardian:TimeSifter","floor":11},{"not_picked":["Guardian:Suspension","Guardian:Gem_Crimson"],"picked":"Guardian:HyperBeam_Guardian","floor":12},{"not_picked":["Guardian:Gem_Fragmented","Guardian:Gem_Green"],"picked":"Guardian:Gem_White","floor":13},{"not_picked":["Guardian:PrimingBeam","Guardian:Reroute","Guardian:Incinerate"],"picked":"SKIP","floor":14},{"not_picked":["Guardian:PrismaticBeam","Guardian:CrystalBeam"],"picked":"Guardian:Clone","floor":15}],"player_experience":4984786,"relics_obtained":[{"floor":8,"key":"Boot"},{"floor":10,"key":"Akabeko"},{"floor":12,"key":"Bird Faced Urn"},{"floor":14,"key":"Bottled Lightning"}],"event_choices":[],"is_beta":false,"boss_relics":[],"items_purged_floors":[],"is_endless":false,"potions_floor_spawned":[2,5,11,13,15],"killed_by":"downfall:Watcher","ascension_level":9}}