{"host":"ty2cix8xj6r3ad26","time":1610575300,"event":{"mods":["AchievementEnabler","BaseMod","BetterRewards","Koishi","Minty Spire (QoL Compilation)","Remilia??????","Replay The Spire","StSLib","SuperFastMode","The Runesmith"],"gold_per_floor":[113,113,133,146,156,185,185,60,60,80,80,107,107,207,207,308,308,325,325,175,175,193,218,218,218,218,233,413,413,10,35,35,136,136,147,159,176,176,176,176,204,214,291,324,149,149,51,97,97,97],"floor_reached":51,"language":"ENG","playtime":4993,"items_purged":["Runesmith:Strike_RS","Runesmith:Defend_RS","Runesmith:Strike_RS","Runesmith:Defend_RS","Writhe"],"score":1024,"play_id":"39372a4a-e37f-46d9-bf6d-5229644318ed","local_time":"20210114000140","is_ascension_mode":false,"campfire_choices":[{"data":"Runesmith:Permafrost","floor":7,"key":"SMITH"},{"data":"Runesmith:Firestorm","floor":7,"key":"SMITH"},{"data":"Runesmith:CraftFirestone","floor":11,"key":"SMITH"},{"data":"Runesmith:DuctTape","floor":11,"key":"SMITH"},{"data":"Runesmith:LithiumIon","floor":13,"key":"SMITH"},{"data":"Runesmith:Grindstone","floor":13,"key":"SMITH"},{"data":"Runesmith:CraftIncendium","floor":15,"key":"SMITH"},{"data":"Runesmith:CraftProtectio","floor":15,"key":"SMITH"},{"data":"Runesmith:Duplicate","floor":24,"key":"SMITH"},{"data":"Runesmith:Fortify","floor":24,"key":"SMITH"},{"data":"Runesmith:CraftIndustria","floor":29,"key":"SMITH"},{"data":"Runesmith:PerfectChisel","floor":29,"key":"SMITH"},{"floor":32,"key":"REST"},{"floor":40,"key":"RECALL"},{"data":"Runesmith:GrandSlam","floor":49,"key":"SMITH"},{"data":"Runesmith:Repurpose","floor":49,"key":"SMITH"}],"circlet_count":0,"master_deck":["Runesmith:CraftFirestone+1","Runesmith:Fortify+1","Runesmith:Firestorm+1","Runesmith:Grindstone+1","Runesmith:CraftIncendium+1","Runesmith:LithiumIon+1","Runesmith:PerfectChisel","Runesmith:PerfectChisel+1","Runesmith:Permafrost+1","Runesmith:CraftProtectio+1","Runesmith:DuctTape+1","Runesmith:CraftIndustria+1","Runesmith:CreatorForm+1","Runesmith:ChaoticBlast+1","Runesmith:Duplicate+1","Runesmith:Augment+1","Runesmith:GrandSlam+1","Runesmith:PoweredAnvil+1","Flash of Steel","Madness","Madness","Runesmith:Repurpose+1"],"relics":["Runesmith:BrokenRuby","TungstenRod","Blue Candle","Replay:Arrowhead","Durian","Boot","Astrolabe","PreservedInsect","Potion Belt","Blood Vial","Replay:Rubber Ducky","Pet Ghost","Cursed Key","Bottled Flame","Prayer Wheel","Torii"],"acts_visited":["Exordium","TheCity","TheBeyond","TheEnding"],"potions_floor_usage":[12,18,23,30,31,33,41,44,48,48,48,50],"damage_taken":[{"damage":2,"enemies":"Small Slimes","floor":1,"turns":3},{"damage":0,"enemies":"Cultist","floor":3,"turns":4},{"damage":0,"enemies":"2 Louse","floor":4,"turns":3},{"damage":0,"enemies":"Gremlin Gang","floor":5,"turns":4},{"damage":7,"enemies":"3 Sentries","floor":6,"turns":7},{"damage":0,"enemies":"Large Slime","floor":10,"turns":4},{"damage":2,"enemies":"Lagavulin","floor":12,"turns":6},{"damage":4,"enemies":"Hexaghost","floor":16,"turns":8},{"damage":7,"enemies":"2 Thieves","floor":18,"turns":4},{"damage":0,"enemies":"Spheric Guardian","floor":22,"turns":3},{"damage":16,"enemies":"Book of Stabbing","floor":23,"turns":4},{"damage":11,"enemies":"Snake Plant","floor":27,"turns":4},{"damage":7,"enemies":"Gremlin Leader","floor":31,"turns":4},{"damage":28,"enemies":"Collector","floor":33,"turns":6},{"damage":4,"enemies":"3 Darklings","floor":35,"turns":3},{"damage":0,"enemies":"Orb Walker","floor":36,"turns":3},{"damage":0,"enemies":"Maw","floor":37,"turns":6},{"damage":0,"enemies":"R_Hoarder","floor":41,"turns":6},{"damage":2,"enemies":"4 Shapes","floor":42,"turns":5},{"damage":1,"enemies":"Nemesis","floor":44,"turns":5},{"damage":16,"enemies":"2 Orb Walkers","floor":48,"turns":6},{"damage":26,"enemies":"Donu and Deca","floor":50,"turns":9}],"seed_played":"2139667545809032741","potions_obtained":[{"floor":1,"key":"BlessingOfTheForge"},{"floor":4,"key":"Milkshake"},{"floor":10,"key":"AttackPotion"},{"floor":12,"key":"Adrenaline Potion"},{"floor":18,"key":"Fire Potion"},{"floor":19,"key":"DistilledChaos"},{"floor":19,"key":"CultistPotion"},{"floor":23,"key":"Venom Potion"},{"floor":35,"key":"FearPotion"},{"floor":41,"key":"Swift Potion"},{"floor":42,"key":"Languid Potion"}],"is_trial":false,"path_per_floor":["M","?","M","M","M","E","R","$","T","M","R","E","R","?","R","B",null,"M","?","$","?","M","E","R","$","T","M","?","R","$","E","R","B",null,"M","M","M","?","?","R","E","M","T","E","$","?","$","?","R","B",null],"character_chosen":"RUNESMITH_CLASS","items_purchased":["Runesmith:Firestorm","Runesmith:Grindstone","Runesmith:CraftIncendium","Runesmith:LithiumIon","Runesmith:PerfectChisel","Blood Vial","Replay:Rubber Ducky","Fruit Juice","Dexterity Potion","Weak Potion"],"campfire_rested":1,"item_purchase_floors":[0,0,0,0,0,30,30,30,47,47],"current_hp_per_floor":[36,36,36,36,36,29,29,29,34,34,34,32,32,32,32,28,75,68,68,68,68,68,52,52,52,52,41,25,25,30,25,49,23,80,76,78,80,80,80,80,80,78,78,79,79,70,70,56,56,32],"gold":97,"neow_bonus":"","is_daily":false,"chose_seed":false,"campfire_upgraded":14,"win_rate":0.0,"timestamp":1610575300,"path_taken":["M","?","M","?","M","E","R","$","T","?","R","E","R","?","R","BOSS","M","?","?","?","?","E","R","?","T","M","?","R","$","E","R","BOSS","M","M","?","?","?","R","E","?","T","E","?","?","$","?","R","BOSS"],"items_purchased_type":["Card","Card","Card","Card","Card","Relic","Relic","Potion","Potion","Potion"],"build_version":"2020-12-22","purchased_purges":5,"victory":true,"max_hp_per_floor":[70,70,70,70,70,70,70,70,75,75,75,75,75,75,75,75,75,75,75,75,75,75,75,75,75,75,75,75,75,80,80,80,80,80,80,80,80,80,80,80,80,80,80,80,80,80,80,80,80,80],"card_choices":[{"not_picked":["Runesmith:Overpower","Runesmith:HeatExchange"],"picked":"Runesmith:Permafrost","floor":1},{"not_picked":["Runesmith:Superposition","Runesmith:Discharge","Runesmith:ChiselStab"],"picked":"SKIP","floor":3},{"not_picked":["Runesmith:EarthShield","Runesmith:Overpower"],"picked":"Runesmith:CraftProtectio","floor":4},{"not_picked":["Runesmith:Repurpose","Runesmith:Permafrost","Runesmith:Prism"],"picked":"SKIP","floor":5},{"not_picked":["Runesmith:StaticCage","Runesmith:EarthShield","Runesmith:MakeshiftArmor"],"picked":"SKIP","floor":6},{"not_picked":["Runesmith:StaticCage","Runesmith:MakeshiftArmor"],"picked":"Runesmith:DuctTape","floor":10},{"not_picked":["Runesmith:ShiftingStrike","Runesmith:StaticCage","Runesmith:UnlimitedPower"],"picked":"SKIP","floor":12},{"not_picked":["Runesmith:LightningRod","Runesmith:MetallurgicalResearch"],"picked":"Runesmith:CraftIndustria","floor":16},{"not_picked":["Runesmith:ShiftingStrike","Runesmith:StaticCage+1","Runesmith:RuneHurl"],"picked":"SKIP","floor":18},{"not_picked":["Runesmith:Reinforce","Runesmith:HammerThrow","Runesmith:EnergizedChisel+1"],"picked":"SKIP","floor":22},{"not_picked":["Runesmith:Prism","Runesmith:UnstableHammer+1"],"picked":"Runesmith:Duplicate","floor":23},{"not_picked":["Runesmith:MakeshiftArmor","Runesmith:HeatExchange","Runesmith:ShiftingStrike"],"picked":"SKIP","floor":27},{"not_picked":["Runesmith:CraftProtectio+1","Runesmith:HammerTime"],"picked":"Runesmith:Augment+1","floor":31},{"not_picked":["Runesmith:ReplicatingBarrier","Runesmith:LastStand"],"picked":"Runesmith:GrandSlam","floor":33},{"not_picked":["Runesmith:Overpower","Runesmith:HeatExchange+1","Runesmith:Prism"],"picked":"SKIP","floor":35},{"not_picked":["Runesmith:EnergizedChisel","Runesmith:ShiftingStrike+1"],"picked":"Runesmith:PoweredAnvil+1","floor":36},{"not_picked":["Runesmith:Repurpose+1","Runesmith:ShiftingStrike+1","Runesmith:EnergizedChisel+1"],"picked":"SKIP","floor":37},{"not_picked":["Poisoned Strike","Transmutation"],"picked":"Flash of Steel","floor":39},{"not_picked":["Runesmith:CraftProtectio","Runesmith:Empowerment+1","Runesmith:HeatedChisel+1"],"picked":"SKIP","floor":41},{"not_picked":["Runesmith:ChiselStab+1","Runesmith:StaticCage","Runesmith:RunicBlueprint"],"picked":"SKIP","floor":42},{"not_picked":["Runesmith:DuctTape","Runesmith:Attraction+1","Runesmith:HammerThrow"],"picked":"SKIP","floor":44},{"not_picked":["Runesmith:DoubleUp","Runesmith:EarthShield+1"],"picked":"Runesmith:Repurpose","floor":48}],"player_experience":490142,"relics_obtained":[{"floor":6,"key":"Replay:Arrowhead"},{"floor":9,"key":"Durian"},{"floor":12,"key":"Boot"},{"floor":23,"key":"PreservedInsect"},{"floor":26,"key":"Potion Belt"},{"floor":31,"key":"Pet Ghost"},{"floor":41,"key":"Bottled Flame"},{"floor":44,"key":"Prayer Wheel"},{"floor":48,"key":"Torii"}],"event_choices":[{"damage_healed":0,"gold_gain":0,"player_choice":"Gave Potion","damage_taken":0,"relics_obtained":["Blue Candle"],"max_hp_gain":0,"max_hp_loss":0,"event_name":"WeMeetAgain","floor":2,"gold_loss":0},{"damage_healed":0,"gold_gain":100,"player_choice":"Pray","damage_taken":0,"max_hp_gain":0,"max_hp_loss":0,"event_name":"Golden Shrine","floor":14,"gold_loss":0},{"damage_healed":0,"gold_gain":0,"player_choice":"Got Potions","damage_taken":0,"max_hp_gain":0,"max_hp_loss":0,"event_name":"Lab","floor":19,"gold_loss":0},{"cards_removed":["Runesmith:Defend_RS"],"damage_healed":0,"gold_gain":0,"player_choice":"Purged","damage_taken":0,"max_hp_gain":0,"max_hp_loss":0,"event_name":"Purifier","floor":21,"gold_loss":0},{"damage_healed":0,"gold_gain":180,"player_choice":"GOLD GOLD ","damage_taken":19,"max_hp_gain":0,"max_hp_loss":0,"event_name":"Knowing Skull","floor":28,"potions_obtained":[],"gold_loss":0,"cards_obtained":[]},{"cards_removed":["Runesmith:Discharge"],"damage_healed":0,"gold_gain":0,"player_choice":"Removed Attack","damage_taken":0,"max_hp_gain":0,"max_hp_loss":0,"event_name":"Falling","floor":38,"gold_loss":0},{"damage_healed":0,"gold_gain":0,"player_choice":"Memory 1","damage_taken":0,"max_hp_gain":0,"max_hp_loss":0,"event_name":"SensoryStone","floor":39,"gold_loss":0},{"damage_healed":0,"gold_gain":0,"player_choice":"Embrace Madness","damage_taken":10,"max_hp_gain":0,"max_hp_loss":0,"event_name":"Winding Halls","floor":46,"gold_loss":0,"cards_obtained":["Madness","Madness"]},{"damage_healed":0,"gold_gain":0,"player_choice":"Fight","damage_taken":0,"max_hp_gain":0,"max_hp_loss":0,"event_name":"Mysterious Sphere","floor":48,"gold_loss":0}],"is_beta":false,"boss_relics":[{"not_picked":["Snecko Heart","Abe\u0027s Treasure"],"picked":"Astrolabe"},{"not_picked":["Replay:Ancient Bell","Empty Cage"],"picked":"Cursed Key"}],"items_purged_floors":[0,0,8,20,45],"is_endless":false,"potions_floor_spawned":[1,4,10,12,18,23,35,41,42],"ascension_level":0}}