{"host":"oehe2dxjvdgux73m","time":1610519714,"event":{"mods":["AchievementEnabler","BaseMod","Colored Map","Colored Powertips","DeckTracker","Keyboard Shortcuts","Minty Spire (QoL Compilation)","Permanent Neow","Quick Restart","StSLib","SuperFastMode"],"gold_per_floor":[15,26,26,26,46,46,75,137,164,178,178,178,188,219,219,322,322,338,338,363,382,382,382],"floor_reached":22,"language":"KOR","playtime":657,"items_purged":[],"score":278,"play_id":"31eb9245-d302-4549-9090-e37aec97d663","local_time":"20210113153514","is_ascension_mode":true,"campfire_choices":[{"data":"Immolate","floor":6.0,"key":"SMITH"},{"data":"Evolve","floor":15.0,"key":"SMITH"}],"circlet_count":0,"master_deck":["Strike_R","Strike_R+1","Strike_R+1","Defend_R","Defend_R","Defend_R","Defend_R","Bash","Cleave","Spot Weakness","Thunderclap","Immolate+1","Burning Pact","Flame Barrier","True Grit","Evolve+1","Barricade","Entrench","Infernal Blade+1","Shrug It Off"],"relics":["Burning Blood","Centennial Puzzle","Whetstone","Juzu Bracelet","Bag of Marbles","Snecko Eye","Red Mask"],"acts_visited":["Exordium","TheCity"],"potions_floor_usage":[20],"damage_taken":[{"damage":0.0,"enemies":"Small Slimes","floor":1.0,"turns":3.0},{"damage":8.0,"enemies":"2 Louse","floor":2.0,"turns":3.0},{"damage":14.0,"enemies":"Jaw Worm","floor":3.0,"turns":3.0},{"damage":0.0,"enemies":"Gremlin Gang","floor":5.0,"turns":1.0},{"damage":32.0,"enemies":"Lagavulin","floor":7.0,"turns":5.0},{"damage":40.0,"enemies":"Lagavulin Event","floor":8.0,"turns":5.0},{"damage":5.0,"enemies":"Blue Slaver","floor":10.0,"turns":5.0},{"damage":0.0,"enemies":"Gremlin Nob","floor":11.0,"turns":1.0},{"damage":0.0,"enemies":"Large Slime","floor":13.0,"turns":3.0},{"damage":18.0,"enemies":"Lagavulin","floor":14.0,"turns":7.0},{"damage":27.0,"enemies":"Slime Boss","floor":16.0,"turns":8.0},{"damage":0.0,"enemies":"2 Thieves","floor":18.0,"turns":1.0},{"damage":49,"enemies":"Masked Bandits","floor":20,"turns":4},{"damage":0,"enemies":"3 Byrds","floor":21,"turns":2},{"damage":25,"enemies":"Sentry and Sphere","floor":22,"turns":3}],"seed_played":"-842334309433838597","potions_obtained":[{"floor":2.0,"key":"SmokeBomb"},{"floor":5.0,"key":"FearPotion"},{"floor":8.0,"key":"LiquidBronze"},{"floor":13.0,"key":"BlessingOfTheForge"},{"floor":14.0,"key":"BloodPotion"},{"floor":16.0,"key":"LiquidBronze"},{"floor":21,"key":"SmokeBomb"}],"is_trial":false,"path_per_floor":["M","M","M","?","M","R","E","?","T","M","E","?","M","E","R","B",null,"M","?","?","M","M"],"character_chosen":"IRONCLAD","items_purchased":[],"campfire_rested":0,"item_purchase_floors":[],"current_hp_per_floor":[78,76,68,68,74,74,48,14,14,15,21,21,27,15,15,10,63,69,61,18,24,0,0],"gold":382,"neow_bonus":"TRANSFORM_TWO_CARDS","is_daily":false,"chose_seed":false,"campfire_upgraded":2,"win_rate":0.0,"timestamp":1610519714,"path_taken":["M","M","M","?","M","R","E","?","T","M","E","?","M","E","R","BOSS","M","?","?","M","M"],"items_purchased_type":[],"build_version":"2020-12-22","purchased_purges":0,"victory":false,"max_hp_per_floor":[80,80,80,80,80,80,80,80,80,80,80,80,80,80,80,80,80,80,80,80,80,80,80],"card_choices":[{"not_picked":["Headbutt","Clothesline"],"picked":"Thunderclap","floor":1.0},{"not_picked":["Sword Boomerang","Warcry"],"picked":"Immolate","floor":2.0},{"not_picked":["Pommel Strike","Thunderclap","Perfected Strike"],"picked":"SKIP","floor":3.0},{"not_picked":["Pummel","Spot Weakness","Clothesline"],"picked":"SKIP","floor":5.0},{"not_picked":["Flex","Brutality"],"picked":"Burning Pact","floor":7.0},{"not_picked":["Pummel","Armaments"],"picked":"Flame Barrier","floor":8.0},{"not_picked":["Headbutt","Twin Strike"],"picked":"True Grit","floor":10.0},{"not_picked":["Rupture","Sword Boomerang"],"picked":"Evolve","floor":13.0},{"not_picked":["Uppercut","Iron Wave","Headbutt"],"picked":"SKIP","floor":14.0},{"not_picked":["Demon Form","Bludgeon"],"picked":"Barricade","floor":16.0},{"not_picked":["Combust","Iron Wave"],"picked":"Entrench","floor":18.0},{"not_picked":["Iron Wave+1","Heavy Blade"],"picked":"Infernal Blade+1","floor":20},{"not_picked":["Pummel+1","Heavy Blade+1"],"picked":"Shrug It Off","floor":21}],"player_experience":147067,"relics_obtained":[{"floor":7.0,"key":"Centennial Puzzle"},{"floor":8.0,"key":"Whetstone"},{"floor":9.0,"key":"Juzu Bracelet"},{"floor":14.0,"key":"Bag of Marbles"},{"floor":20,"key":"Red Mask"}],"event_choices":[{"damage_healed":0.0,"max_hp_gain":0.0,"max_hp_loss":0.0,"gold_gain":0.0,"event_name":"Golden Idol","player_choice":"Ignored","floor":4.0,"gold_loss":0.0,"damage_taken":0.0},{"damage_healed":0.0,"max_hp_gain":0.0,"max_hp_loss":0.0,"gold_gain":0.0,"event_name":"Dead Adventurer","player_choice":"Searched \u00271\u0027 times","floor":8.0,"gold_loss":0.0,"damage_taken":0.0},{"damage_healed":0.0,"max_hp_gain":0.0,"max_hp_loss":0.0,"gold_gain":0.0,"event_name":"Shining Light","player_choice":"Ignored","floor":12.0,"gold_loss":0.0,"damage_taken":0.0},{"damage_healed":0.0,"max_hp_gain":0.0,"max_hp_loss":0.0,"gold_gain":0.0,"event_name":"Wheel of Change","player_choice":"Damaged","floor":19.0,"gold_loss":0.0,"damage_taken":8.0},{"damage_healed":0,"gold_gain":0,"player_choice":"Fought Bandits","damage_taken":0,"max_hp_gain":0,"max_hp_loss":0,"event_name":"Masked Bandits","floor":20,"gold_loss":0}],"is_beta":false,"boss_relics":[{"not_picked":["Philosopher\u0027s Stone","Velvet Choker"],"picked":"Snecko Eye"}],"items_purged_floors":[],"is_endless":false,"potions_floor_spawned":[2,5,8,13,14,16,21],"killed_by":"Sentry and Sphere","ascension_level":7}}