{"host":"8kweeulvvasqx820","time":1610496935,"event":{"mods":["Aspiration","BaseMod","Better Altar","Better Match","Better Note","Better Sensory Stone","Better Skull","Better Third Choice","BetterRewards","Colored Map","Conspire","Displayed Cursed Tome","Downfall","Hubris","Infinite Spire","Jorbs\u0027s Wanderer Trilogy","Minty Spire (QoL Compilation)","Relic Stats","Replay The Spire","Spicy Shops","StSLib","SuperFastMode","Swap Starting Deck Mod","The Construct","The Marked","The Servant 0.9.4","everything is the same but u backflip on backflip","slay the spire mod where everything is the same but ironclad has a cowboy hat"],"gold_per_floor":[116,127,127,60,60,60,95,95,95,300,329,329,348,368,368,464,464,482,497,516,516,516],"floor_reached":21,"language":"ENG","playtime":1249,"items_purged":["Strike_G"],"score":353,"play_id":"d7709815-edf9-4a3d-ae2e-f400214bdea3","local_time":"20210112191535","is_ascension_mode":true,"campfire_choices":[{"data":"ReplayTheSpireMod:Black Plague","floor":6,"key":"SMITH"},{"data":"Dash","floor":8,"key":"SMITH"},{"data":"Catalyst","floor":15,"key":"SMITH"}],"circlet_count":0,"master_deck":["conspire:GhostlyStrike","conspire:GhostlyStrike","conspire:GhostlyStrike","conspire:GhostlyStrike","conspire:GhostlyDefend","conspire:GhostlyDefend","conspire:GhostlyDefend","conspire:GhostlyDefend","conspire:GhostlyDefend","Survivor","Neutralize","Poisoned Stab","Hidden Blade","Quick Slash","ReplayTheSpireMod:Black Plague+1","Dash+1","ReplayTheSpireMod:The Works","Backflip","Languid","Crippling Poison","Catalyst+1","Wraith Form v2","AbeCurse","PiercingWail","Flying Knee","Backflip"],"relics":["Ring of the Snake","TwistedFunnel","Replay:Kaleidoscope","Black Star","InkBottle","Lantern","ReplayFunnel","MealTicket","Vajra","Abe\u0027s Treasure"],"acts_visited":["Exordium","TheCity"],"potions_floor_usage":[],"damage_taken":[{"damage":1,"enemies":"Jaw Worm","floor":1,"turns":4},{"damage":0,"enemies":"2 Louse","floor":2,"turns":2},{"damage":17,"enemies":"Gremlin Nob","floor":7,"turns":4},{"damage":13,"enemies":"3 Sentries","floor":11,"turns":6},{"damage":0,"enemies":"Small Slimes","floor":13,"turns":2},{"damage":0,"enemies":"Red Slaver","floor":14,"turns":2},{"damage":5,"enemies":"Fading Forest","floor":16,"turns":11},{"damage":0,"enemies":"3 Byrds","floor":18,"turns":3},{"damage":12,"enemies":"2 Thieves","floor":19,"turns":4},{"damage":0,"enemies":"Centurion and Healer","floor":20,"turns":5},{"damage":67,"enemies":"hubris:Merchant","floor":21,"turns":5}],"seed_played":"8262983186443250298","potions_obtained":[{"floor":13,"key":"Regen Potion"},{"floor":14,"key":"FearPotion"},{"floor":16,"key":"SpeedPotion"},{"floor":20,"key":"SteroidPotion"}],"is_trial":false,"path_per_floor":["M","M","?","$","?","R","E","R","T","?","E","?","M","M","R","B",null,"M","M","M","$"],"character_chosen":"THE_SILENT","items_purchased":["TwistedFunnel","Poisoned Stab","Dash"],"campfire_rested":0,"item_purchase_floors":[0,0,4],"current_hp_per_floor":[55,55,39,39,39,39,22,22,22,22,9,9,9,9,9,14,67,67,55,55,0,0],"gold":516,"neow_bonus":"","is_daily":false,"chose_seed":false,"campfire_upgraded":3,"win_rate":0.0,"timestamp":1610496935,"path_taken":["M","M","?","$","?","R","E","R","T","?","E","?","M","M","R","BOSS","M","M","M","$"],"items_purchased_type":["Relic","Card","Card"],"build_version":"2020-12-22","purchased_purges":1,"victory":false,"max_hp_per_floor":[70,70,70,70,70,70,70,70,70,70,70,67,67,67,67,67,67,67,67,67,67,67],"relic_stats":{"counters":[49,292],"MealTicket":46,"Black Star":2,"obtain_stats":[{"TwistedFunnel":0,"ReplayFunnel":9,"Iron Core":7,"Lantern":7,"SacredBark":34,"Vajra":11,"infinitespire:Cubic Diamond":17,"Bag of Preparation":0,"hubris:SlimyHat":43,"hubris:EmptyBottle":0,"Boot":36,"Burning Blood":0,"Replay:Rubber Ducky":10,"Blood Vial":14,"Replay:Wanted Poster":17,"Dream Catcher":25,"Lizard Tail":0,"hubris:Icosahedron":2,"Chameleon Ring":12,"Strawberry":28,"MealTicket":11,"InkBottle":7,"Ring of the Snake":0,"conspire:Dentures":26,"construct:RocketBooster":42,"Golden Idol":11,"PreservedInsect":3,"Replay:Kaleidoscope":0,"hubris:Towel":12,"Paper Crane":23,"Question Card":11,"infinitespire:EvilPickle":33,"infinitespire:DarkRift":17,"Durian":0,"Black Star":0,"aspiration:RitualDagger":19,"Membership Card":0,"Grinning Jar":8,"hubris:AncientText":39,"Abe\u0027s Treasure":17,"hubris:Reverence":29},{"TwistedFunnel":38,"ReplayFunnel":41,"Iron Core":2,"Lantern":41,"SacredBark":31,"Vajra":42,"infinitespire:Cubic Diamond":7,"Bag of Preparation":14,"hubris:SlimyHat":34,"hubris:EmptyBottle":14,"Boot":32,"Burning Blood":0,"Replay:Rubber Ducky":4,"Blood Vial":22,"Replay:Wanted Poster":23,"Dream Catcher":12,"Lizard Tail":14,"hubris:Icosahedron":15,"Chameleon Ring":20,"Strawberry":13,"MealTicket":42,"InkBottle":41,"Ring of the Snake":0,"conspire:Dentures":28,"construct:RocketBooster":34,"Golden Idol":19,"PreservedInsect":15,"Replay:Kaleidoscope":38,"hubris:Towel":4,"Paper Crane":28,"Question Card":4,"infinitespire:EvilPickle":31,"infinitespire:DarkRift":7,"Durian":14,"Black Star":38,"aspiration:RitualDagger":8,"Membership Card":14,"Grinning Jar":3,"hubris:AncientText":32,"Abe\u0027s Treasure":45,"hubris:Reverence":13},{"TwistedFunnel":244,"ReplayFunnel":254,"Iron Core":6,"Lantern":254,"SacredBark":188,"Vajra":260,"infinitespire:Cubic Diamond":34,"Bag of Preparation":97,"hubris:SlimyHat":211,"hubris:EmptyBottle":97,"Boot":196,"Burning Blood":0,"Replay:Rubber Ducky":18,"Blood Vial":127,"Replay:Wanted Poster":138,"Dream Catcher":75,"Lizard Tail":97,"hubris:Icosahedron":100,"Chameleon Ring":120,"Strawberry":82,"MealTicket":260,"InkBottle":254,"Ring of the Snake":0,"conspire:Dentures":166,"construct:RocketBooster":211,"Golden Idol":113,"PreservedInsect":100,"Replay:Kaleidoscope":244,"hubris:Towel":18,"Paper Crane":166,"Question Card":18,"infinitespire:EvilPickle":188,"infinitespire:DarkRift":34,"Durian":97,"Black Star":244,"aspiration:RitualDagger":45,"Membership Card":97,"Grinning Jar":12,"hubris:AncientText":196,"Abe\u0027s Treasure":275,"hubris:Reverence":82}],"InkBottle":[14],"Ring of the Snake":[70]},"card_choices":[{"not_picked":["Replay:Poison Smokescreen","Calculated Gamble"],"picked":"Hidden Blade","floor":1},{"not_picked":["Riddle With Holes","Caltrops"],"picked":"Quick Slash","floor":2},{"not_picked":["infinitespire:Gouge","infinitespire:DeathsTouch"],"picked":"ReplayTheSpireMod:Black Plague","floor":3},{"not_picked":["Phantasmal Killer","Slice","Prepared"],"picked":"SKIP","floor":7},{"not_picked":["Acrobatics","hubris:SlightOfHand"],"picked":"ReplayTheSpireMod:The Works","floor":10},{"not_picked":["Underhanded Strike","Malaise"],"picked":"Backflip","floor":11},{"not_picked":["Sneak Up","Finisher"],"picked":"Crippling Poison","floor":13},{"not_picked":["PiercingWail","Poisoned Stab"],"picked":"Catalyst","floor":14},{"not_picked":["aspiration:Lunge","Night Terror"],"picked":"Wraith Form v2","floor":16},{"not_picked":["Dodge and Roll","Toxin Wave"],"picked":"PiercingWail","floor":18},{"not_picked":["Poisoned Stab","Dagger Spray"],"picked":"Flying Knee","floor":19},{"not_picked":["Expertise","Slice"],"picked":"Backflip","floor":20}],"player_experience":85591,"relics_obtained":[{"floor":7,"key":"InkBottle"},{"floor":7,"key":"Lantern"},{"floor":9,"key":"ReplayFunnel"},{"floor":11,"key":"MealTicket"},{"floor":11,"key":"Vajra"}],"event_choices":[{"damage_healed":0,"gold_gain":0,"player_choice":"Agree","damage_taken":0,"max_hp_gain":0,"max_hp_loss":0,"event_name":"conspire:LoneGhost","floor":5,"gold_loss":0},{"damage_healed":0,"gold_gain":0,"cards_transformed":["Parasite"],"player_choice":"Transformed","damage_taken":0,"max_hp_gain":0,"max_hp_loss":0,"event_name":"Transmorgrifier","floor":12,"gold_loss":0,"cards_obtained":["Languid"]}],"is_beta":false,"boss_relics":[{"not_picked":["construct:ClawGrip","conspire:SeveredTorchhead"],"picked":"Abe\u0027s Treasure"}],"items_purged_floors":[0],"is_endless":false,"potions_floor_spawned":[13,14,16,20],"killed_by":"hubris:Merchant","ascension_level":1}}