{"host":"03a85bwj0a5skoit","time":1610535571,"event":{"mods":["BaseMod","Block Reminder","Minty Spire (QoL Compilation)","Relic Stats","StSLib"],"gold_per_floor":[113,130,148,223,9,78,78,112,135,195,32,86,86,162,162,241,241,256,256,301,32,51,51,84,94,121,121,38,102,129,129,129,129,129],"floor_reached":33,"language":"ENG","playtime":1335,"items_purged":["Strike_B","Strike_B"],"score":606,"play_id":"2695c283-063e-4b6e-b1bb-2ecfe47dcfcb","local_time":"20210113212931","is_ascension_mode":true,"campfire_choices":[{"data":"HandOfGreed","floor":7,"key":"SMITH"},{"data":"Capacitor","floor":13,"key":"SMITH"},{"data":"Leap","floor":15,"key":"SMITH"},{"data":"Rainbow","floor":23,"key":"SMITH"},{"data":"Amplify","floor":27,"key":"SMITH"},{"floor":32,"key":"REST"}],"circlet_count":0,"master_deck":["AscendersBane","Strike_B","Defend_B","Defend_B","Defend_B","Defend_B","Zap","Dualcast","Cold Snap","Go for the Eyes","Self Repair","HandOfGreed+1","Cold Snap","Rainbow","Ball Lightning","Leap+1","Capacitor+1","Storm","Rainbow+1","Amplify+1","Compile Driver+1","Force Field","Conserve Battery+1","Double Energy","Machine Learning","Defragment","Hologram+1"],"relics":["Philosopher\u0027s Stone","Akabeko","Tiny Chest","Omamori","DataDisk","Odd Mushroom","Calling Bell","MealTicket","Ornamental Fan","Torii","PreservedInsect","Bag of Preparation","Centennial Puzzle","Dream Catcher","Toxic Egg 2"],"acts_visited":["Exordium","TheCity"],"potions_floor_usage":[6,12,16,24,24],"damage_taken":[{"damage":13,"enemies":"Jaw Worm","floor":1,"turns":3},{"damage":0,"enemies":"Small Slimes","floor":2,"turns":4},{"damage":5,"enemies":"Cultist","floor":3,"turns":4},{"damage":17,"enemies":"3 Sentries","floor":6,"turns":6},{"damage":32,"enemies":"Gremlin Nob","floor":8,"turns":4},{"damage":1,"enemies":"Lots of Slimes","floor":10,"turns":8},{"damage":9,"enemies":"Lagavulin","floor":12,"turns":5},{"damage":17,"enemies":"The Mushroom Lair","floor":14,"turns":5},{"damage":9,"enemies":"Hexaghost","floor":16,"turns":8},{"damage":19,"enemies":"Chosen","floor":18,"turns":4},{"damage":13,"enemies":"2 Thieves","floor":20,"turns":4},{"damage":24,"enemies":"Chosen and Byrds","floor":22,"turns":8},{"damage":13,"enemies":"Gremlin Leader","floor":24,"turns":6},{"damage":10,"enemies":"Snake Plant","floor":25,"turns":4},{"damage":24,"enemies":"Shelled Parasite and Fungi","floor":29,"turns":6},{"damage":27,"enemies":"Slavers","floor":30,"turns":7},{"damage":47,"enemies":"Champ","floor":33,"turns":13}],"seed_played":"6259502602421968846","potions_obtained":[{"floor":1,"key":"FairyPotion"},{"floor":2,"key":"ColorlessPotion"},{"floor":10,"key":"BlessingOfTheForge"},{"floor":12,"key":"Weak Potion"},{"floor":18,"key":"FocusPotion"},{"floor":20,"key":"Explosive Potion"}],"is_trial":false,"path_per_floor":["M","M","M","?","$","E","R","E","T","M","$","E","R","?","R","B",null,"M","?","M","$","M","R","E","M","T","R","$","M","E","T","R","B"],"character_chosen":"DEFECT","items_purchased":["HandOfGreed","Cold Snap","Capacitor","PreservedInsect","Defragment"],"campfire_rested":1,"item_purchase_floors":[5,5,11,21,28],"current_hp_per_floor":[51,51,46,35,35,25,25,28,28,34,34,32,32,22,22,20,58,46,46,40,55,38,38,32,29,29,29,44,34,14,14,35,0,0],"gold":129,"neow_bonus":"BOSS_RELIC","is_daily":false,"chose_seed":false,"campfire_upgraded":5,"win_rate":0.0,"timestamp":1610535571,"path_taken":["M","M","M","?","$","E","R","E","T","M","$","E","R","?","R","BOSS","M","?","?","$","M","R","E","M","T","R","$","M","E","?","R","BOSS"],"items_purchased_type":["Card","Card","Card","Relic","Card"],"build_version":"2020-12-22","purchased_purges":2,"victory":false,"max_hp_per_floor":[71,71,71,71,71,71,71,71,71,71,71,71,71,71,71,71,71,71,71,71,71,71,71,71,71,71,71,71,71,71,71,71,71,71],"relic_stats":{"Centennial Puzzle":[9],"Dream Catcher":1,"Torii":18,"counters":[17,99],"Ornamental Fan":[24],"Tiny Chest":1,"MealTicket":30,"PreservedInsect":92,"Bag of Preparation":[8],"obtain_stats":[{"Torii":17,"PreservedInsect":21,"Omamori":9,"Bag of Preparation":24,"Odd Mushroom":14,"Akabeko":6,"Calling Bell":17,"DataDisk":12,"Centennial Puzzle":26,"Dream Catcher":30,"Ornamental Fan":17,"Philosopher\u0027s Stone":0,"Tiny Chest":8,"MealTicket":17,"Toxic Egg 2":31,"Cracked Core":0},{"Torii":9,"PreservedInsect":11,"Omamori":5,"Bag of Preparation":13,"Odd Mushroom":8,"Akabeko":4,"Calling Bell":9,"DataDisk":7,"Centennial Puzzle":14,"Dream Catcher":16,"Ornamental Fan":9,"Philosopher\u0027s Stone":0,"Tiny Chest":5,"MealTicket":9,"Toxic Egg 2":16,"Cracked Core":0},{"Torii":47,"PreservedInsect":55,"Omamori":21,"Bag of Preparation":69,"Odd Mushroom":39,"Akabeko":17,"Calling Bell":47,"DataDisk":34,"Centennial Puzzle":73,"Dream Catcher":86,"Ornamental Fan":47,"Philosopher\u0027s Stone":0,"Tiny Chest":21,"MealTicket":47,"Toxic Egg 2":86,"Cracked Core":0}]},"card_choices":[{"not_picked":["Barrage","Storm"],"picked":"Cold Snap","floor":1},{"not_picked":["Turbo","Redo"],"picked":"Go for the Eyes","floor":2},{"not_picked":["Steam","Sunder"],"picked":"Self Repair","floor":3},{"not_picked":["Redo","Coolheaded"],"picked":"Rainbow","floor":6},{"not_picked":["Go for the Eyes","Stack"],"picked":"Ball Lightning","floor":8},{"not_picked":["Rebound","Scrape"],"picked":"Leap","floor":10},{"not_picked":["Force Field","Cold Snap"],"picked":"Storm","floor":12},{"not_picked":["Cold Snap","Redo"],"picked":"Rainbow","floor":14},{"not_picked":["Buffer","Creative AI"],"picked":"Amplify","floor":16},{"not_picked":["Streamline","Coolheaded"],"picked":"Compile Driver+1","floor":18},{"not_picked":["Auto Shields","Leap"],"picked":"Force Field","floor":20},{"not_picked":["Go for the Eyes","Hologram"],"picked":"Conserve Battery+1","floor":22},{"not_picked":["Conserve Battery","Compile Driver"],"picked":"Double Energy","floor":24},{"not_picked":["Ball Lightning","Turbo+1"],"picked":"Machine Learning","floor":25},{"not_picked":["Barrage","Force Field"],"picked":"Hologram+1","floor":29},{"not_picked":["Cold Snap","Sunder","Stack"],"picked":"SKIP","floor":30}],"player_experience":2331307,"relics_obtained":[{"floor":6,"key":"Akabeko"},{"floor":8,"key":"Tiny Chest"},{"floor":9,"key":"Omamori"},{"floor":12,"key":"DataDisk"},{"floor":14,"key":"Odd Mushroom"},{"floor":17,"key":"MealTicket"},{"floor":17,"key":"Ornamental Fan"},{"floor":17,"key":"Torii"},{"floor":24,"key":"Bag of Preparation"},{"floor":26,"key":"Centennial Puzzle"},{"floor":30,"key":"Dream Catcher"},{"floor":31,"key":"Toxic Egg 2"}],"event_choices":[{"damage_healed":0,"gold_gain":75,"player_choice":"Gather Gold","damage_taken":11,"max_hp_gain":0,"max_hp_loss":0,"event_name":"World of Goop","floor":4,"gold_loss":0},{"damage_healed":0,"gold_gain":0,"player_choice":"Fought Mushrooms","damage_taken":0,"max_hp_gain":0,"max_hp_loss":0,"event_name":"Mushrooms","floor":14,"gold_loss":0},{"cards_removed":["Strike_B"],"damage_healed":0,"gold_gain":0,"player_choice":"Card Removal","damage_taken":0,"max_hp_gain":0,"max_hp_loss":0,"event_name":"Wheel of Change","floor":19,"gold_loss":0}],"is_beta":false,"boss_relics":[{"not_picked":["SlaversCollar","Sozu"],"picked":"Calling Bell"}],"items_purged_floors":[11,21],"is_endless":false,"potions_floor_spawned":[1,2,10,12,18,20,22],"killed_by":"Champ","ascension_level":20}}