{"host":"6jrnojxwearbrjzo","time":1610563935,"event":{"mods":["BaseMod","Colored Map","Conspire","Highlight Path","Minty Spire (QoL Compilation)","Quick Restart","Replay The Spire","Shop Mod","Spicy Shops","StSLib","The Servant 0.9.4"],"gold_per_floor":[112,112,112,126,67,67,94,113,113,113,131,141,316,316,316,316,316],"floor_reached":16,"language":"ZHS","playtime":342,"items_purged":[],"score":131,"play_id":"274c171b-94b7-4ff8-a911-6e8430126288","local_time":"20210114025215","is_ascension_mode":true,"campfire_choices":[{"data":"Gash","floor":6,"key":"SMITH"},{"floor":15,"key":"REST"}],"circlet_count":0,"master_deck":["Strike_B","Strike_B","Strike_B","Strike_B","Defend_B","Defend_B+1","Defend_B","Zap","Dualcast","Gash+1","Doubt","White Noise","Pride","Panic Button","Fusion","Heatsinks","Doubt"],"relics":["Cracked Core","NeowsBlessing","Ring of Panic","Ring of Fury","Replay:Mystery Machine","ReplayTheSpireMod:Shallot","Gremlin Food","Replay:Rubber Ducky"],"acts_visited":["Exordium"],"potions_floor_usage":[16,16],"damage_taken":[{"damage":0,"enemies":"Jaw Worm","floor":1,"turns":1},{"damage":0,"enemies":"2 Louse","floor":4,"turns":1},{"damage":0,"enemies":"Lagavulin","floor":7,"turns":1},{"damage":4,"enemies":"Cultist","floor":8,"turns":3},{"damage":0,"enemies":"3 Louse","floor":11,"turns":4},{"damage":14,"enemies":"Exordium Wildlife","floor":12,"turns":4},{"damage":58,"enemies":"Hexaghost","floor":16,"turns":9}],"seed_played":"3429366061559117007","potions_obtained":[{"floor":4,"key":"PowerPotion"},{"floor":11,"key":"LiquidBronze"}],"is_trial":false,"path_per_floor":["M","?","?","M","$","R","E","M","T","?","M","M","?","?","R","B"],"character_chosen":"DEFECT","items_purchased":["Replay:Mystery Machine"],"campfire_rested":1,"item_purchase_floors":[5],"current_hp_per_floor":[75,68,68,68,68,68,68,64,64,57,57,43,43,36,58,0,0],"gold":316,"neow_bonus":"THREE_ENEMY_KILL","is_daily":false,"chose_seed":false,"campfire_upgraded":1,"win_rate":0.0,"timestamp":1610563935,"path_taken":["M","?","?","M","$","R","E","M","T","?","?","M","?","?","R","BOSS"],"items_purchased_type":["Relic"],"build_version":"2020-12-22","purchased_purges":0,"victory":false,"max_hp_per_floor":[75,75,75,75,75,75,75,75,75,75,75,75,75,75,75,75,75],"card_choices":[{"not_picked":["Barrage","Sunder"],"picked":"Gash","floor":1},{"not_picked":["Barrage","conspire:Rain"],"picked":"White Noise","floor":4},{"not_picked":["Scrape","Leap","Barrage"],"picked":"SKIP","floor":7},{"not_picked":["Glacier","Force Field"],"picked":"Panic Button","floor":8},{"not_picked":["Compile Driver","Redo"],"picked":"Fusion","floor":11},{"not_picked":["Ball Lightning","Turbo"],"picked":"Heatsinks","floor":12}],"player_experience":69748,"relics_obtained":[{"floor":3,"key":"Ring of Panic"},{"floor":3,"key":"Ring of Fury"},{"floor":7,"key":"ReplayTheSpireMod:Shallot"},{"floor":9,"key":"Gremlin Food"}],"event_choices":[{"cards_removed":["Defend_B"],"damage_healed":0,"gold_gain":0,"player_choice":"Card Removal","damage_taken":7,"max_hp_gain":0,"max_hp_loss":0,"event_name":"Golden Wing","floor":2,"gold_loss":0},{"damage_healed":0,"gold_gain":0,"player_choice":"Damaged","damage_taken":7,"max_hp_gain":0,"max_hp_loss":0,"event_name":"Wheel of Change","floor":10,"gold_loss":0},{"damage_healed":0,"gold_gain":175,"player_choice":"AGREE","damage_taken":0,"max_hp_gain":0,"max_hp_loss":0,"event_name":"Liars Game","floor":13,"gold_loss":0,"cards_obtained":["Doubt"]},{"damage_healed":0,"gold_gain":0,"player_choice":"Success","damage_taken":7,"relics_obtained":["Replay:Rubber Ducky"],"max_hp_gain":0,"max_hp_loss":0,"event_name":"Scrap Ooze","floor":14,"gold_loss":0}],"is_beta":false,"boss_relics":[],"items_purged_floors":[],"is_endless":false,"potions_floor_spawned":[4,11],"killed_by":"Hexaghost","ascension_level":1}}