{"host":"nlowmoq7gy18n72d","time":1610562291,"event":{"mods":["BaseMod","Colored Powertips","Conspire","Downfall","Hermit","Highlight Path","Infinite Spire","Jorbs\u0027s Wanderer Trilogy","Minty Spire (QoL Compilation)","Replay The Spire","StSLib","The Cursed"],"gold_per_floor":[99,115,115,100,114,114,114,124,150,163,163,192,42,27,46,147,147,147,166,166,166,166,25,25,25,75,60,73,102,114,114,114,114],"floor_reached":31,"language":"ENG","playtime":1135,"items_purged":["Guardian:Strike_Guardian+1"],"score":274,"play_id":"9354c0ff-1957-4bbe-a504-b0eec4822162","local_time":"20210113212451","is_ascension_mode":true,"campfire_choices":[{"data":"Guardian:CurlUp","floor":1,"key":"SMITH"},{"data":"Guardian:RevengeProtocol","floor":6,"key":"SMITH"},{"floor":11,"key":"RECALL"},{"data":"Guardian:DonusPower","floor":13,"key":"SMITH"},{"data":"Guardian:RevengeProtocol","floor":25,"key":"SMITH"}],"circlet_count":0,"master_deck":["Guardian:Defend_Guardian+1","Guardian:Defend_Guardian+1","Guardian:Defend_Guardian+1","Guardian:Defend_Guardian+1","Guardian:CurlUp+1","Guardian:TwinSlam","Guardian:RevengeProtocol+1","Guardian:WalkerClaw+1","Guardian:ShieldSpikes","Guardian:DonusPower+1","Guardian:PiercingHide","Guardian:ChargeUp","Guardian:VentSteam","Guardian:RevengeProtocol+1","Guardian:BronzeArmor","Delirium","Guardian:FuturePlans+1","Guardian:ChargeCore","Guardian:DecasProtection","Guardian:ChargeCore","Guardian:Planning","Guardian:AncientConstruct","Guardian:TemporalStrike"],"relics":["Guardian:ModeShifter","Chameleon Ring","Bag of Preparation","Whetstone","downfall:HeartBlessingRed","downfall:HeartBlessingGreen","Empty Cage","ReplayTheSpireMod:Ring of Collecting","Ring of Searing","Ring of Fury","Replay:Bottled Eggs"],"acts_visited":["Exordium","TheCity"],"potions_floor_usage":[12,16,16],"damage_taken":[{"damage":5,"enemies":"Jaw Worm","floor":2,"turns":2},{"damage":1,"enemies":"downfall:FleeingMerchant","floor":4,"turns":4},{"damage":0,"enemies":"Cultist","floor":5,"turns":3},{"damage":0,"enemies":"2 Louse","floor":8,"turns":4},{"damage":14,"enemies":"3 Sentries","floor":9,"turns":6},{"damage":0,"enemies":"2 Fungi Beasts","floor":10,"turns":4},{"damage":12,"enemies":"Gremlin Nob","floor":12,"turns":4},{"damage":0,"enemies":"downfall:FleeingMerchant","floor":14,"turns":4},{"damage":6,"enemies":"Exordium Thugs","floor":15,"turns":3},{"damage":18,"enemies":"downfall:Silent","floor":16,"turns":8},{"damage":16,"enemies":"Spheric Guardian","floor":19,"turns":4},{"damage":8,"enemies":"downfall:FleeingMerchant","floor":23,"turns":4},{"damage":9,"enemies":"downfall:FleeingMerchant","floor":27,"turns":4},{"damage":4,"enemies":"Chosen and Byrds","floor":28,"turns":4},{"damage":24,"enemies":"Slavers","floor":29,"turns":5},{"damage":17,"enemies":"Snake Plant","floor":30,"turns":3},{"damage":4,"enemies":"Centurion and Healer","floor":31,"turns":1}],"seed_played":"-6862780559371558724","potions_obtained":[{"floor":8,"key":"FearPotion"},{"floor":9,"key":"sneckomod:MuddlingPotion"},{"floor":15,"key":"BlessingOfTheForge"},{"floor":18,"key":"CultistPotion"},{"floor":28,"key":"Toxic Potion"}],"is_trial":false,"path_per_floor":["R","M","?","$","M","R","T","M","E","M","R","E","R","$","M","B",null,"R","M","?","PTL","PTL","$","?","R","T","$","M","E","M","M"],"character_chosen":"GUARDIAN","items_purchased":["Guardian:ChargeCore"],"campfire_rested":0,"item_purchase_floors":[23],"current_hp_per_floor":[80,75,75,74,74,74,74,74,60,60,60,48,48,48,42,24,80,80,64,64,64,64,56,56,56,56,47,43,19,2,0,0,0],"gold":114,"neow_bonus":"ONE_RANDOM_RARE_CARD","is_daily":false,"chose_seed":false,"campfire_upgraded":4,"win_rate":0.0,"timestamp":1610562291,"path_taken":["R","M","?","$","M","R","T","M","E","?","R","E","R","?","M","BOSS","R","M","?","PTL","PTL","$","?","R","T","?","M","E","?","M"],"items_purchased_type":["Card"],"build_version":"2020-12-22","purchased_purges":1,"victory":false,"max_hp_per_floor":[80,80,80,80,80,80,80,80,80,80,80,80,80,80,80,80,80,80,80,80,80,80,80,80,80,80,80,80,80,80,80,80,80],"card_choices":[{"not_picked":["Guardian:PrimingBeam","Guardian:CrystalBeam"],"picked":"Guardian:WalkerClaw","floor":2},{"not_picked":["Guardian:StasisField","Guardian:HyperBeam_Guardian"],"picked":"Guardian:ShieldSpikes","floor":4},{"not_picked":["Guardian:EvasiveProtocol","Guardian:PiercingHide"],"picked":"Guardian:DonusPower","floor":5},{"not_picked":["Guardian:ShieldCharger","Guardian:Recover"],"picked":"Guardian:Gem_Green","floor":8},{"not_picked":["Guardian:VentSteam","Guardian:PrimingBeam"],"picked":"Guardian:PiercingHide","floor":9},{"not_picked":["Guardian:RollAttack","Guardian:TimeCapacitor","Guardian:TimeBomb"],"picked":"SKIP","floor":10},{"not_picked":["Guardian:Harden","Guardian:PiercingHide"],"picked":"Guardian:ChargeUp","floor":12},{"not_picked":["Guardian:Recover","Guardian:DonusPower"],"picked":"Guardian:Gem_Red","floor":14},{"not_picked":["Guardian:RollAttack","Guardian:Gem_Red"],"picked":"Guardian:VentSteam","floor":15},{"not_picked":["Guardian:GemFire","Guardian:StasisEngine"],"picked":"Guardian:RevengeProtocol","floor":16},{"not_picked":["Guardian:Suspension","Guardian:WalkerClaw"],"picked":"Guardian:BronzeArmor","floor":19},{"not_picked":["Guardian:Emergency+1","Guardian:TemporalShield"],"picked":"Guardian:FuturePlans+1","floor":23},{"not_picked":["Guardian:TimeBomb","Guardian:CrystalBeam"],"picked":"Guardian:ChargeCore","floor":27},{"not_picked":["Guardian:CrystalBeam","Guardian:Gem_Green"],"picked":"Guardian:Planning","floor":28},{"not_picked":["Guardian:PiercingHide","Guardian:Gem_Green"],"picked":"Guardian:AncientConstruct","floor":29},{"not_picked":["Guardian:GuardianWhirl+1","Guardian:TemporalShield+1"],"picked":"Guardian:TemporalStrike","floor":30}],"player_experience":646369,"relics_obtained":[{"floor":7,"key":"Chameleon Ring"},{"floor":9,"key":"Bag of Preparation"},{"floor":12,"key":"Whetstone"},{"floor":20,"key":"ReplayTheSpireMod:Ring of Collecting"},{"floor":20,"key":"Ring of Searing"},{"floor":26,"key":"Ring of Fury"},{"floor":29,"key":"Replay:Bottled Eggs"}],"event_choices":[{"cards_removed":["Guardian:Strike_Guardian"],"damage_healed":0,"gold_gain":0,"player_choice":"Offered Basic","damage_taken":0,"max_hp_gain":0,"max_hp_loss":0,"event_name":"Bonfire Elementals","floor":3,"gold_loss":0},{"damage_healed":0,"gold_gain":0,"player_choice":"Read","damage_taken":0,"max_hp_gain":0,"max_hp_loss":0,"event_name":"The Library","floor":24,"gold_loss":0,"cards_obtained":["Guardian:DecasProtection"]}],"is_beta":false,"boss_relics":[{"not_picked":["Pandora\u0027s Box","Ring of Chaos"],"picked":"Empty Cage"}],"items_purged_floors":[23],"is_endless":false,"potions_floor_spawned":[8,9,15,28],"killed_by":"Centurion and Healer","ascension_level":1}}