{"host":"Planeswalker","time":1610579749,"event":{"mods":["BaseMod","Downfall","Friendly Minions","GifTheSpireLib","Hermit","Lobotomy","Minty Spire (QoL Compilation)","Replay The Spire","SOS???????","Shop Mod","StSLib","The Bladedancer","The Cursed","The Hierophant","The Mystic","The Necromancer"],"gold_per_floor":[112,123,123,175,189,223,193,12,12,12,12,12,12,24,24,120,220,230,230,0,0,0,0,18,18,18,18,18,18],"floor_reached":28,"language":"ENG","playtime":1818,"items_purged":[],"score":262,"play_id":"2086bc3f-3b23-4f07-a2cf-5a74f6536f0e","local_time":"20210113161549","is_ascension_mode":false,"campfire_choices":[{"floor":11,"key":"REST"},{"floor":13,"key":"REST"},{"floor":15,"key":"REST"},{"data":"TheCursedMod:Hemoplague","floor":23,"key":"SMITH"},{"data":"TheCursedMod:AntiAging","floor":23,"key":"SMITH"},{"floor":27,"key":"REST"}],"circlet_count":0,"master_deck":["TheCursedMod:Defend_TheCursed","TheCursedMod:Defend_TheCursed","TheCursedMod:Defend_TheCursed","TheCursedMod:CursedWand","TheCursedMod:CleanUpWorkshop+1","TheCursedMod:Dregs","BigBadWolf","TheCursedMod:AntiAging+1","Bloodbath","TheCursedMod:CursedAmulet","Regret","Scorched","TheCursedMod:CircleOfCorruption","MHz","TheCursedMod:SurpriseAttack","WallGazer","TheCursedMod:Hemoplague+1","TheCursedMod:FleshFromBone","VoidDream","TheCursedMod:CursedBlade","NakedNest","TheCursedMod:NeowsMight","Clumsy","Hallucinations","FairyFestival","TheCursedMod:CursedStaff","TheCursedMod:AbyssShockwave","RitualDagger","TheCursedMod:HellfireBreathing","SpiderBud"],"relics":["TheCursedMod:BlackMagic101","CogitoBucket","Replay:Arrowhead","Replay:Baseball","Ginger","Membership Card","Question Card","AspirationHeart","Replay:Grab Bag","ReplayTheSpireMod:Onyx Gauntlets","Replay:Wanted Poster","Kintsugi","MutagenicStrength","Matryoshka","TheCursedMod:Tack","Lantern","Replay:Bottled Snecko"],"acts_visited":["Exordium","TheCity"],"potions_floor_usage":[],"damage_taken":[{"damage":4,"enemies":"Cultist","floor":1,"turns":4},{"damage":8,"enemies":"Small Slimes","floor":2,"turns":8},{"damage":2,"enemies":"Jaw Worm","floor":5,"turns":6},{"damage":40,"enemies":"Replay:BlueRogue","floor":6,"turns":8},{"damage":20,"enemies":"Looter","floor":7,"turns":4},{"damage":41,"enemies":"Large Slime","floor":14,"turns":5},{"damage":61,"enemies":"The Guardian","floor":16,"turns":11},{"damage":24,"enemies":"3 Byrds","floor":18,"turns":4},{"damage":52,"enemies":"Chosen","floor":24,"turns":5},{"damage":84,"enemies":"Gremlin Leader","floor":28,"turns":3}],"seed_played":"-82238713143703536","potions_obtained":[{"floor":6,"key":"SmokeBomb"},{"floor":14,"key":"Elixir"},{"floor":16,"key":"DistilledChaos"},{"floor":24,"key":"Toxic Potion"},{"floor":25,"key":"Milkshake"}],"is_trial":false,"path_per_floor":["M","M","?","T","M","E","M","$","T","?","R","$","R","M","R","B",null,"M","?","$","?","$","R","M","?","T","R","E"],"character_chosen":"THE_CURSED","items_purchased":["Membership Card","TheCursedMod:FleshFromBone","Matryoshka","TheCursedMod:Tack","TheCursedMod:AbyssShockwave"],"campfire_rested":4,"item_purchase_floors":[8,8,20,20,20],"current_hp_per_floor":[71,65,65,65,65,29,14,14,14,14,38,38,62,35,63,7,97,75,75,75,69,69,69,26,26,26,57,0,0],"gold":18,"neow_bonus":"","is_daily":false,"chose_seed":false,"campfire_upgraded":2,"win_rate":0.0,"timestamp":1610579749,"path_taken":["M","?","?","?","M","E","M","$","T","?","R","$","R","M","R","BOSS","M","?","$","?","$","R","M","?","T","R","E"],"items_purchased_type":["Relic","Card","Relic","Relic","Card"],"build_version":"2020-11-17","purchased_purges":0,"victory":false,"max_hp_per_floor":[75,77,77,77,77,79,83,83,83,83,83,83,83,95,95,97,97,99,99,99,99,99,99,105,105,105,105,105,105],"card_choices":[{"not_picked":["BlackSwan","MHz"],"picked":"BigBadWolf","floor":1},{"not_picked":["TheCursedMod:LuckyCharm","TheCursedMod:FleshFromBone"],"picked":"TheCursedMod:AntiAging","floor":1},{"not_picked":["LittleHelper","MHz"],"picked":"Bloodbath","floor":2},{"not_picked":["TheCursedMod:SpitefulPray","TheCursedMod:FleshFromBone"],"picked":"TheCursedMod:CursedAmulet","floor":2},{"not_picked":["PunishingBird","HappyTeddy"],"picked":"Scorched","floor":5},{"not_picked":["TheCursedMod:CursedShiv","TheCursedMod:ManaBullet"],"picked":"TheCursedMod:CircleOfCorruption","floor":5},{"not_picked":["Wellcheers","MeatLantern"],"picked":"MHz","floor":6},{"not_picked":["TheCursedMod:VitalStrike","TheCursedMod:SmokeScreen"],"picked":"TheCursedMod:SurpriseAttack","floor":6},{"not_picked":["FairyFestival","NakedNest"],"picked":"WallGazer","floor":7},{"not_picked":["TheCursedMod:Stretching","TheCursedMod:TroublousMinions"],"picked":"TheCursedMod:Hemoplague","floor":7},{"not_picked":["UniverseFragment","GreedKing"],"picked":"VoidDream","floor":14},{"not_picked":["TheCursedMod:SmokeScreen","TheCursedMod:SurpriseAttack","TheCursedMod:Wield"],"picked":"TheCursedMod:CursedBlade","floor":14},{"not_picked":["Murderer","UniverseFragment"],"picked":"NakedNest","floor":16},{"not_picked":["TheCursedMod:DemonSword","TheCursedMod:ForbiddenAlchemy","TheCursedMod:ShockAndAwe"],"picked":"TheCursedMod:NeowsMight","floor":16},{"not_picked":["ShyLook","Wellcheers"],"picked":"FairyFestival","floor":18},{"not_picked":["TheCursedMod:TacticalStrike","TheCursedMod:CursedMace","TheCursedMod:Stigma"],"picked":"TheCursedMod:CursedStaff","floor":18},{"not_picked":["TheCursedMod:LuckyCharm","TheCursedMod:CircleOfFocus+1","TheCursedMod:CircleOfCorruption"],"picked":"TheCursedMod:HellfireBreathing","floor":24},{"not_picked":["OldLady","UniverseFragment"],"picked":"SpiderBud","floor":24}],"player_experience":1676,"relics_obtained":[{"floor":4,"key":"Replay:Baseball"},{"floor":6,"key":"Ginger"},{"floor":9,"key":"Question Card"},{"floor":26,"key":"Lantern"},{"floor":26,"key":"Replay:Bottled Snecko"}],"event_choices":[{"damage_healed":0,"gold_gain":0,"player_choice":"Box","damage_taken":0,"relics_obtained":["Replay:Arrowhead"],"max_hp_gain":0,"max_hp_loss":0,"event_name":"Big Fish","floor":3,"gold_loss":0,"cards_obtained":["Regret"]},{"damage_healed":0,"gold_gain":0,"player_choice":"Inject Mutagens","damage_taken":0,"relics_obtained":["MutagenicStrength"],"max_hp_gain":0,"max_hp_loss":0,"event_name":"Drug Dealer","floor":19,"gold_loss":0},{"damage_healed":0,"gold_gain":0,"player_choice":"Joined the Cult","damage_taken":6,"max_hp_gain":0,"max_hp_loss":0,"event_name":"Nest","floor":21,"gold_loss":0,"cards_obtained":["RitualDagger"]},{"damage_healed":0,"gold_gain":0,"player_choice":"Got Potions","damage_taken":0,"max_hp_gain":0,"max_hp_loss":0,"event_name":"Lab","floor":25,"gold_loss":0}],"is_beta":true,"boss_relics":[{"not_picked":["Runic Dome","Busted Crown"],"picked":"Replay:Grab Bag"},{"not_picked":["Coffee Dripper","Ectoplasm"],"picked":"ReplayTheSpireMod:Onyx Gauntlets"},{"not_picked":["ChewingGum","Cursed Key"],"picked":"Replay:Wanted Poster"},{"not_picked":["Ring of Chaos","Replay:Drink Me"],"picked":"Kintsugi"}],"items_purged_floors":[],"is_endless":false,"potions_floor_spawned":[6,14,16,24],"killed_by":"Gremlin Leader","ascension_level":0}}