{"host":"1q1wpq6df472foxy","time":1610528253,"event":{"mods":["BaseMod","DeckTracker","Highlight Path","Minty Spire (QoL Compilation)","Quick Restart","StSLib","SuperFastMode"],"gold_per_floor":[111,211,101,119,130,155,155,165,165,165,165,16,32,46,46,150,150,170,170,170,70,70,70,104,304,304,329,329,313,313,325,325,420,420,438,457,332,343,361,361,389,389,415,443,142,192,205,225,225,225],"floor_reached":51,"language":"KOR","playtime":1421,"items_purged":["Strike_R","Strike_R","Defend_R","Defend_R"],"score":884,"play_id":"bbeff664-dafa-4a32-9ed2-074f50330a35","local_time":"20210113175733","is_ascension_mode":true,"campfire_choices":[{"floor":7,"key":"REST"},{"floor":10,"key":"REST"},{"data":"Limit Break","floor":15,"key":"SMITH"},{"floor":23,"key":"REST"},{"data":"Spot Weakness","floor":28,"key":"SMITH"},{"data":"Inflame","floor":32,"key":"SMITH"},{"data":"Heavy Blade","floor":40,"key":"SMITH"},{"data":"Ghostly","floor":49,"key":"SMITH"}],"circlet_count":0,"master_deck":["Defend_R","Bash","Whirlwind","Spot Weakness+1","Flex","Reaper","Limit Break+1","Ghostly","Ghostly+1","Ghostly+1","Ghostly","Ghostly+1","Inflame+1","Power Through+1","Flame Barrier+1","Dropkick+1","Whirlwind+1","Heavy Blade+1","Dark Shackles"],"relics":["Burning Blood","NeowsBlessing","Gremlin Horn","HornCleat","Velvet Choker","Oddly Smooth Stone","Regal Pillow","Sundial","Astrolabe","TungstenRod","War Paint","StoneCalendar","Pen Nib","Gambling Chip"],"acts_visited":["Exordium","TheCity","TheBeyond"],"potions_floor_usage":[16,16,33,50,50],"damage_taken":[{"damage":0,"enemies":"Jaw Worm","floor":1,"turns":1},{"damage":0,"enemies":"Cultist","floor":4,"turns":1},{"damage":0,"enemies":"Small Slimes","floor":5,"turns":1},{"damage":54,"enemies":"Lagavulin","floor":6,"turns":8},{"damage":10,"enemies":"Looter","floor":8,"turns":2},{"damage":6,"enemies":"2 Fungi Beasts","floor":13,"turns":2},{"damage":17,"enemies":"Exordium Thugs","floor":14,"turns":6},{"damage":110,"enemies":"Slime Boss","floor":16,"turns":11},{"damage":6,"enemies":"3 Byrds","floor":18,"turns":4},{"damage":32,"enemies":"Slavers","floor":24,"turns":4},{"damage":56,"enemies":"Gremlin Leader","floor":27,"turns":6},{"damage":20,"enemies":"2 Thieves","floor":29,"turns":4},{"damage":4,"enemies":"Cultist and Chosen","floor":31,"turns":5},{"damage":1,"enemies":"Collector","floor":33,"turns":5},{"damage":0,"enemies":"3 Darklings","floor":35,"turns":5},{"damage":3,"enemies":"Orb Walker","floor":36,"turns":5},{"damage":27,"enemies":"Maw","floor":38,"turns":8},{"damage":35,"enemies":"4 Shapes","floor":39,"turns":6},{"damage":29,"enemies":"Nemesis","floor":41,"turns":7},{"damage":37,"enemies":"Giant Head","floor":44,"turns":7},{"damage":4,"enemies":"Mind Bloom Boss Battle","floor":46,"turns":6},{"damage":0,"enemies":"Transient","floor":47,"turns":5},{"damage":0,"enemies":"3 Darklings","floor":48,"turns":2},{"damage":0,"enemies":"Awakened One","floor":50,"turns":4}],"seed_played":"567516539274245184","potions_obtained":[{"floor":4,"key":"BloodPotion"},{"floor":8,"key":"DistilledChaos"},{"floor":13,"key":"Swift Potion"},{"floor":24,"key":"DistilledChaos"},{"floor":31,"key":"FairyPotion"},{"floor":35,"key":"DuplicationPotion"}],"is_trial":false,"path_per_floor":["M","?","$","M","M","E","R","M","T","R","?","$","M","M","R","B",null,"M","?","?","$","?","R","E","?","T","E","R","M","?","M","R","B",null,"M","M","$","M","M","R","E","?","T","E","$","?","M","M","R","B",null],"character_chosen":"IRONCLAD","items_purchased":["Spot Weakness","Reaper","Pen Nib"],"campfire_rested":3,"item_purchase_floors":[3,12,45],"current_hp_per_floor":[80,80,80,80,80,32,56,52,52,76,80,80,80,70,70,30,80,80,65,65,65,65,85,85,85,85,52,52,46,42,42,42,42,42,42,42,42,21,32,32,42,42,42,41,41,42,42,42,42,42],"gold":225,"neow_bonus":"THREE_ENEMY_KILL","is_daily":false,"chose_seed":false,"campfire_upgraded":5,"win_rate":0.0,"timestamp":1610528253,"path_taken":["M","?","$","M","?","E","R","M","T","R","?","$","M","M","R","BOSS","M","?","?","$","?","R","E","?","T","E","R","?","?","M","R","BOSS","M","M","$","M","M","R","E","?","T","E","$","?","M","M","R","BOSS"],"items_purchased_type":["Card","Card","Relic"],"build_version":"2020-12-22","purchased_purges":4,"victory":true,"max_hp_per_floor":[80,80,80,80,80,80,80,80,80,80,80,80,80,80,80,80,80,80,85,85,85,85,85,85,85,85,85,85,85,42,42,42,42,42,42,42,42,42,42,42,42,42,42,42,42,42,42,42,42,42],"card_choices":[{"not_picked":["True Grit","Cleave"],"picked":"Whirlwind","floor":1},{"not_picked":["Rage","Wild Strike","Clash"],"picked":"SKIP","floor":4},{"not_picked":["Thunderclap","Rampage","Combust"],"picked":"SKIP","floor":5},{"not_picked":["Headbutt","Second Wind"],"picked":"Flex","floor":6},{"not_picked":["Flex","Headbutt","Infernal Blade"],"picked":"SKIP","floor":8},{"not_picked":["Clothesline","Flex","Cleave"],"picked":"SKIP","floor":13},{"not_picked":["Havoc","Spot Weakness"],"picked":"Limit Break","floor":14},{"not_picked":["Burning Pact","Perfected Strike","Feel No Pain"],"picked":"SKIP","floor":18},{"not_picked":["Body Slam","Wild Strike","Pommel Strike+1"],"picked":"SKIP","floor":24},{"not_picked":["Thunderclap","Anger+1","Flex"],"picked":"SKIP","floor":27},{"not_picked":["Body Slam","Shrug It Off","Headbutt"],"picked":"SKIP","floor":29},{"not_picked":["Headbutt+1","True Grit"],"picked":"Inflame","floor":31},{"not_picked":["Fire Breathing","Twin Strike+1","Clash+1"],"picked":"SKIP","floor":35},{"not_picked":["Armaments","True Grit"],"picked":"Whirlwind+1","floor":36},{"not_picked":["Heavy Blade+1","Body Slam+1","Combust+1"],"picked":"SKIP","floor":38},{"not_picked":["Pummel+1","Juggernaut"],"picked":"Heavy Blade","floor":39},{"not_picked":["Shockwave+1","Rupture","Iron Wave"],"picked":"SKIP","floor":41},{"not_picked":["Magnetism","Trip"],"picked":"Dark Shackles","floor":42},{"not_picked":["Twin Strike+1","Combust+1","Metallicize"],"picked":"SKIP","floor":44},{"not_picked":["Entrench+1","Flame Barrier+1","Perfected Strike+1"],"picked":"SKIP","floor":47},{"not_picked":["Perfected Strike+1","Rampage+1","Dual Wield+1"],"picked":"SKIP","floor":48}],"player_experience":174204,"relics_obtained":[{"floor":6,"key":"Gremlin Horn"},{"floor":9,"key":"HornCleat"},{"floor":24,"key":"Oddly Smooth Stone"},{"floor":26,"key":"Regal Pillow"},{"floor":27,"key":"Sundial"},{"floor":41,"key":"TungstenRod"},{"floor":43,"key":"War Paint"},{"floor":44,"key":"StoneCalendar"},{"floor":46,"key":"Gambling Chip"}],"event_choices":[{"damage_healed":0,"gold_gain":100,"player_choice":"Pray","damage_taken":0,"max_hp_gain":0,"max_hp_loss":0,"event_name":"Golden Shrine","floor":2,"gold_loss":0},{"damage_healed":26,"gold_gain":0,"player_choice":"Banana","damage_taken":0,"max_hp_gain":0,"max_hp_loss":0,"event_name":"Big Fish","floor":11,"gold_loss":0},{"damage_healed":0,"gold_gain":0,"player_choice":"Shed Blood","damage_taken":20,"max_hp_gain":5,"max_hp_loss":0,"event_name":"Forgotten Altar","floor":19,"gold_loss":0},{"cards_removed":["Strike_R"],"damage_healed":0,"gold_gain":0,"player_choice":"Elegance","damage_taken":0,"max_hp_gain":0,"max_hp_loss":0,"event_name":"Back to Basics","floor":20,"gold_loss":0},{"damage_healed":0,"gold_gain":200,"player_choice":"Gold","damage_taken":0,"max_hp_gain":0,"max_hp_loss":0,"event_name":"Wheel of Change","floor":25,"gold_loss":0},{"damage_healed":0,"gold_gain":0,"player_choice":"Became a Ghost","damage_taken":0,"max_hp_gain":0,"max_hp_loss":43,"event_name":"Ghosts","floor":30,"gold_loss":0,"cards_obtained":["Ghostly","Ghostly","Ghostly","Ghostly","Ghostly"]},{"damage_healed":0,"gold_gain":0,"player_choice":"Memory 1","damage_taken":0,"max_hp_gain":0,"max_hp_loss":0,"event_name":"SensoryStone","floor":42,"gold_loss":0},{"damage_healed":0,"gold_gain":0,"player_choice":"Fight","damage_taken":0,"max_hp_gain":0,"max_hp_loss":0,"event_name":"MindBloom","floor":46,"gold_loss":0}],"is_beta":false,"boss_relics":[{"not_picked":["Cursed Key","Black Blood"],"picked":"Velvet Choker"},{"not_picked":["Calling Bell","Runic Dome"],"picked":"Astrolabe"}],"items_purged_floors":[3,21,37,45],"is_endless":false,"potions_floor_spawned":[4,8,13,24,31,35,36,39,41],"ascension_level":1}}