{"host":"v76y067xj1y1udd3","time":1610523854,"event":{"mods":["Act Like it!","Ascension Reborn","Aspiration","BaseMod","Challenge The Spire","Colored Powertips","Dota2Spire","Energized Spire","Gensokyo","Lobotomy","Minty Spire (QoL Compilation)","Pale of the Ancients","Quick Restart","Relic Stats","Remove Card Discount Mod","Replay The Spire","Robot Space Explorer","Shop Mod","Spicy Shops","StSLib","The Cursed","vexMod"],"gold_per_floor":[179,179,36,48,148,180,215,248,275,309,309,334,364,391,391,488,488,506,506,163,88,116,144,169,169,169,202,219,249,277,311,311,414,414,426,701,75,101,126,156,190,215,215,241,16,48,74,89,89,191,191,210,228,228,348,360,392,404,416,99,99],"floor_reached":0,"language":"ZHS","playtime":7790,"items_purged":["TheCursedMod:Defend_TheCursed+1","TheCursedMod:Strike_TheCursed+1","TheCursedMod:Defend_TheCursed+1","TheCursedMod:Defend_TheCursed+1","TheCursedMod:Strike_TheCursed+1","TheCursedMod:Strike_TheCursed+1"],"score":1436,"play_id":"5500c9d6-0f2a-4cd9-a68f-48e7ee0a357d","local_time":"20210113154414","daily_mods":["Heirloom","Flight","DeadlyEvents","Elite Swarm"],"is_ascension_mode":true,"campfire_choices":[{"floor":11.0,"key":"REST"},{"data":"TheCursedMod:NeowsMight","floor":32.0,"key":"SMITH"},{"data":"TheCursedMod:NeowsMight","floor":49.0,"key":"SMITH"},{"data":"TheCursedMod:NeowsMight","floor":56.0,"key":"SMITH"},{"data":"TheCursedMod:Hemoplague","floor":58.0,"key":"SMITH"}],"circlet_count":0,"master_deck":["TheCursedMod:Dregs","TheCursedMod:CleanUpWorkshop","TheCursedMod:CursedWand","TheCursedMod:Defend_TheCursed","TheCursedMod:Defend_TheCursed","TheCursedMod:Defend_TheCursed","TheCursedMod:Defend_TheCursed","TheCursedMod:Strike_TheCursed","TheCursedMod:Strike_TheCursed","TheCursedMod:Strike_TheCursed","TheCursedMod:Strike_TheCursed","Replay:Hysterical Blindness"],"relics":["TheCursedMod:BlackMagic101","paleoftheancients:Timepiece"],"acts_visited":["Exordium","TheCity","TheBeyond","paleoftheancients:PaleOfTheAncients"],"potions_floor_usage":[],"damage_taken":[{"damage":0.0,"enemies":"Jaw Worm","floor":4.0,"turns":2.0},{"damage":0.0,"enemies":"Gremlin Nob","floor":6.0,"turns":3.0},{"damage":12.0,"enemies":"3 Sentries","floor":7.0,"turns":7.0},{"damage":5.0,"enemies":"Gremlin Nob","floor":8.0,"turns":3.0},{"damage":7.0,"enemies":"3 Sentries","floor":10.0,"turns":8.0},{"damage":0.0,"enemies":"Gremlin Nob","floor":12.0,"turns":3.0},{"damage":1.0,"enemies":"Lagavulin","floor":13.0,"turns":5.0},{"damage":0.0,"enemies":"Replay:BlueRogue","floor":14.0,"turns":4.0},{"damage":4.0,"enemies":"Hexaghost","floor":16.0,"turns":9.0},{"damage":4.0,"enemies":"Shell Parasite","floor":18.0,"turns":5.0},{"damage":0.0,"enemies":"Gremlin Leader","floor":22.0,"turns":8.0},{"damage":0.0,"enemies":"Replay:Snechameleon","floor":23.0,"turns":7.0},{"damage":10.0,"enemies":"Book of Stabbing","floor":24.0,"turns":5.0},{"damage":0.0,"enemies":"Replay:Snechameleon","floor":27.0,"turns":4.0},{"damage":0.0,"enemies":"Spheric Guardian","floor":28.0,"turns":2.0},{"damage":8.0,"enemies":"Gremlin Leader","floor":29.0,"turns":4.0},{"damage":0.0,"enemies":"Slavers","floor":30.0,"turns":3.0},{"damage":4.0,"enemies":"Gremlin Leader","floor":31.0,"turns":3.0},{"damage":0.0,"enemies":"Champ","floor":33.0,"turns":7.0},{"damage":0.0,"enemies":"Orb Walker","floor":35.0,"turns":2.0},{"damage":7.0,"enemies":"R_Hoarder","floor":38.0,"turns":4.0},{"damage":0.0,"enemies":"Giant Head","floor":39.0,"turns":3.0},{"damage":6.0,"enemies":"R_Hoarder","floor":40.0,"turns":3.0},{"damage":12.0,"enemies":"Reptomancer","floor":41.0,"turns":3.0},{"damage":0.0,"enemies":"Nemesis","floor":42.0,"turns":3.0},{"damage":0.0,"enemies":"Giant Head","floor":44.0,"turns":3.0},{"damage":0.0,"enemies":"R_Hoarder","floor":46.0,"turns":3.0},{"damage":0.0,"enemies":"Nemesis","floor":47.0,"turns":3.0},{"damage":0.0,"enemies":"3 Shapes","floor":48.0,"turns":2.0},{"damage":0.0,"enemies":"Donu and Deca","floor":50.0,"turns":2.0},{"damage":9.0,"enemies":"Donu and Deca","floor":52.0,"turns":5.0},{"damage":0.0,"enemies":"Donu and Deca","floor":53.0,"turns":2.0},{"damage":38.0,"enemies":"Donu and Deca","floor":57.0,"turns":5.0}],"seed_played":"-1930664066443579881","potions_obtained":[{"floor":7.0,"key":"Flashbang"},{"floor":12.0,"key":"Dexterity Potion"},{"floor":13.0,"key":"Explosive Potion"},{"floor":23.0,"key":"Regen Potion"},{"floor":29.0,"key":"EssenceOfSteel"},{"floor":30.0,"key":"LiquidMemories"},{"floor":33.0,"key":"Energy Potion"},{"floor":35.0,"key":"Block Potion"},{"floor":41.0,"key":"Reflective Coating"},{"floor":42.0,"key":"Adrenaline Potion"},{"floor":44.0,"key":"Adrenaline Potion"},{"floor":57.0,"key":"FearPotion"},{"floor":59,"key":"AttackPotion"},{"floor":59,"key":"Doom Potion"}],"is_trial":true,"path_per_floor":["?","?","$","M","?","E","E","E","T","E","R","E","E","E","R","B",null,"M","?","$","?","E","E","E","R","T","E","M","E","E","E","R","B",null,"M","?","$","E","E","E","E","E","T","E","$","E","E","M","R","B",null,"M","M","?","T","R","M","R","T","?"],"character_chosen":"THE_CURSED","items_purchased":["TheCursedMod:NeowsMight","ReplayUltimateDefense","TheCursedMod:LuckyCharm","TheCursedMod:SurpriseAttack+1","TheCursedMod:BlessingInDisguise","Membership Card","Guide Book","PreservedInsect","TheCursedMod:HellfireBreathing+1","TheCursedMod:AshesToAshes","Bronze Scales","TheCursedMod:FleshFromBone","TheCursedMod:HellsGateOpen+1","TheCursedMod:PinkPellets"],"campfire_rested":1,"item_purchase_floors":[3,20,20,37,37,37,37,37,37,37,37,45,45,45],"current_hp_per_floor":[75,75,75,75,75,75,63,58,58,51,73,73,72,72,72,70,77,73,59,59,59,61,61,53,53,53,55,57,60,64,63,63,69,105,108,108,108,113,135,129,122,130,140,154,173,178,178,180,180,180,183,184,192,194,194,194,186,186,190,0,0],"gold":99,"neow_bonus":"","is_daily":false,"chose_seed":false,"campfire_upgraded":4,"win_rate":0.0,"timestamp":1610523854,"path_taken":["?","?","$","?","?","E","?","E","T","E","R","E","E","E","R","BOSS","M","?","$","?","?","E","E","R","T","E","M","E","E","E","R","BOSS","M","?","$","?","?","E","E","E","T","E","?","E","E","?","R","BOSS","M","M","?","T","R","M","R","T","?"],"items_purchased_type":["Card","Card","Card","Card","Card","Relic","Relic","Relic","Card","Card","Relic","Card","Card","Relic"],"build_version":"2020-12-22","purchased_purges":6,"victory":false,"max_hp_per_floor":[75,75,75,75,75,75,75,75,75,75,75,75,75,75,75,77,77,77,82,82,82,84,84,86,86,86,88,90,92,96,99,99,105,105,108,108,108,113,135,135,140,148,158,172,176,181,181,183,183,183,183,188,194,196,196,196,206,206,210,75,75],"relic_stats":{"counters":[33,134],"obtain_stats":[{"Golden Egg":55,"Dota2Spire:PowerTreads":9,"Mango":39,"Dota2Spire:ShadowBlade":27,"aspiration:Stabinomicon":24,"Dota2Spire:LotusOrb":40,"Replay:Rubber Ducky":7,"Dream Catcher":10,"Chameleon Ring":59,"vexMod:CardConverter":38,"Mummified Hand":55,"vexMod:EndlessSickness":51,"TheCursedMod:CrystalBall":0,"MealTicket":22,"aspiration:ArtOfWarUpgrade":25,"Replay:Bottled Eggs":30,"TheCursedMod:BlackMagic101":0,"Pear":43,"Dota2Spire:UrnOfShadows":47,"Replay:Towering Pillar of Hats":59,"Dead Branch":23,"Guide Book":37,"ReplayTheSpireMod:Ring of Addiction":59,"Dota2Spire:ShivaGuard":6,"vexMod:BerryBomb":44,"TheCursedMod:PinkPellets":45,"PreservedInsect":37,"The Courier":46,"Ring of Greed":55,"Frozen Egg 2":26,"Question Card":41,"MawBank":55,"White Beast Statue":59,"paleoftheancients:Timepiece":51,"CaptainsWheel":14,"vexMod:BarristanHead":12,"Dota2Spire:Butterfly":13,"TheCursedMod:OminousMark":34,"Bronze Scales":37,"ReplayTheSpireMod:Ring of Collecting":54,"CultistMask":51,"Art of War":8,"Dota2Spire:OctarineCore":42,"Membership Card":37,"paleoftheancients:SoulOfTheCollector":52,"Meat on the Bone":29},{"Golden Egg":32,"Dota2Spire:PowerTreads":4,"Mango":22,"Dota2Spire:ShadowBlade":14,"aspiration:Stabinomicon":13,"Dota2Spire:LotusOrb":23,"Replay:Rubber Ducky":3,"Dream Catcher":5,"Chameleon Ring":33,"vexMod:CardConverter":21,"Mummified Hand":32,"vexMod:EndlessSickness":30,"TheCursedMod:CrystalBall":0,"MealTicket":11,"aspiration:ArtOfWarUpgrade":13,"Replay:Bottled Eggs":17,"TheCursedMod:BlackMagic101":0,"Pear":25,"Dota2Spire:UrnOfShadows":28,"Replay:Towering Pillar of Hats":33,"Dead Branch":12,"Guide Book":20,"ReplayTheSpireMod:Ring of Addiction":33,"Dota2Spire:ShivaGuard":2,"vexMod:BerryBomb":26,"TheCursedMod:PinkPellets":26,"PreservedInsect":20,"The Courier":27,"Ring of Greed":32,"Frozen Egg 2":13,"Question Card":24,"MawBank":32,"White Beast Statue":33,"paleoftheancients:Timepiece":30,"CaptainsWheel":8,"vexMod:BarristanHead":6,"Dota2Spire:Butterfly":7,"TheCursedMod:OminousMark":19,"Bronze Scales":20,"ReplayTheSpireMod:Ring of Collecting":32,"CultistMask":30,"Art of War":4,"Dota2Spire:OctarineCore":25,"Membership Card":20,"paleoftheancients:SoulOfTheCollector":31,"Meat on the Bone":16},{"Golden Egg":129,"Dota2Spire:PowerTreads":15,"Mango":100,"Dota2Spire:ShadowBlade":73,"aspiration:Stabinomicon":69,"Dota2Spire:LotusOrb":103,"Replay:Rubber Ducky":12,"Dream Catcher":23,"Chameleon Ring":134,"vexMod:CardConverter":98,"Mummified Hand":129,"vexMod:EndlessSickness":122,"TheCursedMod:CrystalBall":0,"MealTicket":57,"aspiration:ArtOfWarUpgrade":69,"Replay:Bottled Eggs":82,"TheCursedMod:BlackMagic101":0,"Pear":109,"Dota2Spire:UrnOfShadows":118,"Replay:Towering Pillar of Hats":134,"Dead Branch":64,"Guide Book":94,"ReplayTheSpireMod:Ring of Addiction":134,"Dota2Spire:ShivaGuard":5,"vexMod:BerryBomb":112,"TheCursedMod:PinkPellets":112,"PreservedInsect":94,"The Courier":115,"Ring of Greed":129,"Frozen Egg 2":69,"Question Card":106,"MawBank":129,"White Beast Statue":134,"paleoftheancients:Timepiece":122,"CaptainsWheel":35,"vexMod:BarristanHead":26,"Dota2Spire:Butterfly":31,"TheCursedMod:OminousMark":92,"Bronze Scales":94,"ReplayTheSpireMod:Ring of Collecting":129,"CultistMask":122,"Art of War":15,"Dota2Spire:OctarineCore":109,"Membership Card":94,"paleoftheancients:SoulOfTheCollector":127,"Meat on the Bone":79}]},"card_choices":[{"not_picked":["TheCursedMod:CursedShiv","TheCursedMod:CursedBlade"],"picked":"TheCursedMod:Hemoplague","floor":4.0},{"not_picked":["TheCursedMod:CollectTribute","TheCursedMod:ManaCirculation"],"picked":"TheCursedMod:OutForBlood","floor":6.0},{"not_picked":["TheCursedMod:DarkBarrier","TheCursedMod:ShockAndAwe"],"picked":"TheCursedMod:OutForBlood","floor":7.0},{"not_picked":["TheCursedMod:ParallelWorld","TheCursedMod:ShockAndAwe"],"picked":"TheCursedMod:Neurasthenia","floor":8.0},{"not_picked":["TheCursedMod:ForbiddenAlchemy","TheCursedMod:UltimatePain"],"picked":"TheCursedMod:DemonSword","floor":10.0},{"not_picked":["TheCursedMod:FleshFromBone","TheCursedMod:SmokeScreen"],"picked":"TheCursedMod:CursedBlade","floor":11.0},{"not_picked":["TheCursedMod:DemonSword","TheCursedMod:ShockAndAwe"],"picked":"TheCursedMod:Neurasthenia","floor":12.0},{"not_picked":["TheCursedMod:ManaCirculation","TheCursedMod:NeowsMight"],"picked":"TheCursedMod:CircleOfAbyss","floor":13.0},{"not_picked":["TheCursedMod:NeowsMight","TheCursedMod:DarkBarrier"],"picked":"TheCursedMod:AntiAging","floor":14.0},{"not_picked":["TheCursedMod:ShockAndAwe","TheCursedMod:UltimatePain"],"picked":"TheCursedMod:DemonSword","floor":16.0},{"not_picked":["TheCursedMod:SpitefulPlan","TheCursedMod:FleshFromBone"],"picked":"TheCursedMod:WearCloak","floor":18.0},{"not_picked":["TheCursedMod:UltimatePain","TheCursedMod:DarkBarrier"],"picked":"TheCursedMod:NeowsMight","floor":22.0},{"not_picked":["TheCursedMod:ForbiddenAlchemy","TheCursedMod:DarkBarrier"],"picked":"TheCursedMod:AntiAging","floor":23.0},{"not_picked":["TheCursedMod:DarkBarrier","TheCursedMod:NeowsMight"],"picked":"TheCursedMod:CursedRelics","floor":24.0},{"not_picked":["TheCursedMod:ForbiddenAlchemy","TheCursedMod:AntiAging"],"picked":"TheCursedMod:CollectTribute+1","floor":27.0},{"not_picked":["TheCursedMod:VitalStrike","TheCursedMod:EmpowerCircles+1"],"picked":"TheCursedMod:LuckyCharm+1","floor":28.0},{"not_picked":["TheCursedMod:CursedRelics","TheCursedMod:ShockAndAwe"],"picked":"TheCursedMod:CollectTribute+1","floor":29.0},{"not_picked":["TheCursedMod:ShockAndAwe","TheCursedMod:DarkBarrier","TheCursedMod:Neurasthenia"],"picked":"SKIP","floor":30.0},{"not_picked":["TheCursedMod:Neurasthenia","TheCursedMod:DemonSword","TheCursedMod:ForbiddenAlchemy"],"picked":"SKIP","floor":31.0},{"not_picked":["TheCursedMod:CursedMace+1","TheCursedMod:Stretching+1"],"picked":"TheCursedMod:CircleOfCorruption+1","floor":35.0},{"not_picked":["TheCursedMod:ForbiddenAlchemy","TheCursedMod:StunningStrike"],"picked":"TheCursedMod:NeowsMight","floor":38.0},{"not_picked":["TheCursedMod:CursedRelics","TheCursedMod:ForbiddenAlchemy"],"picked":"TheCursedMod:CircleOfAbyss","floor":39.0},{"not_picked":["TheCursedMod:UltimatePain","TheCursedMod:ParallelWorld","TheCursedMod:OutForBlood+1"],"picked":"SKIP","floor":40.0},{"not_picked":["TheCursedMod:OutForBlood+1","TheCursedMod:UltimatePain"],"picked":"TheCursedMod:CircleOfAbyss","floor":41.0},{"not_picked":["TheCursedMod:DarkBarrier","TheCursedMod:ForbiddenAlchemy","TheCursedMod:CircleOfAbyss"],"picked":"TheCursedMod:CollectTribute+1","floor":42.0},{"not_picked":["TheCursedMod:DarkBarrier","TheCursedMod:CircleOfAbyss","TheCursedMod:ShockAndAwe"],"picked":"TheCursedMod:CursedRelics","floor":44.0},{"not_picked":["TheCursedMod:DarkBarrier","TheCursedMod:ForbiddenAlchemy","TheCursedMod:CursedRelics"],"picked":"TheCursedMod:DemonicPact+1","floor":46.0},{"not_picked":["TheCursedMod:CircleOfAbyss","TheCursedMod:OutForBlood+1","TheCursedMod:Neurasthenia","TheCursedMod:ForbiddenAlchemy"],"picked":"SKIP","floor":47.0},{"not_picked":["TheCursedMod:FleshFromBone+1","TheCursedMod:ManaBullet","TheCursedMod:SpitefulStrike"],"picked":"TheCursedMod:CursedBlade+1","floor":48.0},{"not_picked":["TheCursedMod:RavingStaff+1","TheCursedMod:StingEye","TheCursedMod:Stigma"],"picked":"TheCursedMod:SpreadPlague+1","floor":52.0},{"not_picked":["TheCursedMod:CursedArmor+1","TheCursedMod:ReleasedKnowledge","TheCursedMod:Torture","TheCursedMod:FleshFromBone"],"picked":"SKIP","floor":53.0},{"not_picked":["TheCursedMod:CircleOfWindfury","TheCursedMod:SmokeScreen","TheCursedMod:CursedStaff"],"picked":"TheCursedMod:Hemoplague+1","floor":57.0}],"player_experience":395276,"relics_obtained":[{"floor":6.0,"key":"Dota2Spire:ShivaGuard"},{"floor":7.0,"key":"Replay:Rubber Ducky"},{"floor":8.0,"key":"Art of War"},{"floor":9.0,"key":"Dota2Spire:PowerTreads"},{"floor":10.0,"key":"Dream Catcher"},{"floor":12.0,"key":"vexMod:BarristanHead"},{"floor":13.0,"key":"Dota2Spire:Butterfly"},{"floor":14.0,"key":"CaptainsWheel"},{"floor":22.0,"key":"MealTicket"},{"floor":23.0,"key":"Dead Branch"},{"floor":24.0,"key":"aspiration:Stabinomicon"},{"floor":26.0,"key":"Frozen Egg 2"},{"floor":27.0,"key":"Dota2Spire:ShadowBlade"},{"floor":29.0,"key":"Meat on the Bone"},{"floor":30.0,"key":"Replay:Bottled Eggs"},{"floor":38.0,"key":"vexMod:CardConverter"},{"floor":39.0,"key":"Mango"},{"floor":40.0,"key":"Dota2Spire:LotusOrb"},{"floor":41.0,"key":"Question Card"},{"floor":42.0,"key":"Dota2Spire:OctarineCore"},{"floor":43.0,"key":"Pear"},{"floor":44.0,"key":"vexMod:BerryBomb"},{"floor":46.0,"key":"The Courier"},{"floor":47.0,"key":"Dota2Spire:UrnOfShadows"},{"floor":52.0,"key":"paleoftheancients:SoulOfTheCollector"},{"floor":53.0,"key":"paleoftheancients:SoulOfTheShowman"},{"floor":54.0,"key":"ReplayTheSpireMod:Ring of Collecting"},{"floor":55.0,"key":"Ring of Greed"},{"floor":55.0,"key":"Mummified Hand"},{"floor":55.0,"key":"MawBank"},{"floor":55.0,"key":"Golden Egg"},{"floor":57.0,"key":"paleoftheancients:SoulOfTheShrineMaiden"},{"floor":59,"key":"ReplayTheSpireMod:Ring of Addiction"},{"floor":59,"key":"Replay:Towering Pillar of Hats"},{"floor":59,"key":"Chameleon Ring"},{"floor":59,"key":"White Beast Statue"}],"event_choices":[{"damage_healed":0.0,"max_hp_gain":0.0,"max_hp_loss":0.0,"gold_gain":0.0,"event_name":"Upgrade Shrine","player_choice":"Ignored","floor":2.0,"gold_loss":0.0,"damage_taken":0.0},{"damage_healed":0.0,"max_hp_gain":0.0,"max_hp_loss":0.0,"gold_gain":100.0,"event_name":"Wheel of Change","player_choice":"Gold","floor":5.0,"gold_loss":0.0,"damage_taken":0.0},{"damage_healed":0.0,"max_hp_gain":5.0,"max_hp_loss":0.0,"gold_gain":0.0,"event_name":"Forgotten Altar","player_choice":"Shed Blood","floor":19.0,"gold_loss":0.0,"damage_taken":19.0},{"cards_removed":["TheCursedMod:Defend_TheCursed"],"damage_healed":0.0,"max_hp_gain":0.0,"max_hp_loss":0.0,"gold_gain":0.0,"event_name":"Beggar","player_choice":"Gave Gold","floor":21.0,"gold_loss":75.0,"damage_taken":0.0},{"damage_healed":0.0,"max_hp_gain":0.0,"max_hp_loss":0.0,"gold_gain":275.0,"event_name":"Golden Shrine","player_choice":"Desecrate","floor":36.0,"gold_loss":0.0,"damage_taken":0.0,"cards_obtained":["Regret"]}],"is_beta":false,"boss_relics":[{"not_picked":["vexMod:MegatonBomb","ReplayTheSpireMod:DimensionalGlitch","energizedSpire:StickyHand"]},{"not_picked":["Black Star","Kintsugi"],"picked":"TheCursedMod:OminousMark"},{"not_picked":["vexMod:MysteryBossChallenge","aspiration:RunicSpoon"],"picked":"vexMod:EndlessSickness"}],"items_purged_floors":[3,3,3,20,20,20],"is_endless":true,"potions_floor_spawned":[7,12,13,23,29,30,33,35,41,42,44,57],"ascension_level":0}}