{"host":"egwexuw5uvnxf11j","time":1610503917,"event":{"mods":["2.2 Compatiblity","Aspiration","BaseMod","Better Altar","Better Note","Better Sensory Stone","Better Third Choice","Displayed Cursed Tome","Downfall","Hermit","Key Reminder","Koishi","Marisa????????","Minty Spire (QoL Compilation)","Quick Restart","Shade Mod","Spicy Shops","StSLib","The Construct","The Cursed","The Hierophant","The Runesmith","The Senshi","The Servant 0.9.4","Transform Curses"],"gold_per_floor":[111,35,56,84,84,88,88,111,111,83,83,110,110,146,146,222,222,219,219,231,231,260,254,0,26,51,150,40,54,54,82,82,82,82],"floor_reached":33,"language":"ENG","playtime":1706,"items_purged":[],"score":367,"play_id":"f0609f35-c45f-4703-b927-1661c3d269d6","local_time":"20210112211157","is_ascension_mode":true,"campfire_choices":[{"floor":7,"key":"REST"},{"floor":11,"key":"REST"},{"floor":13,"key":"REST"},{"data":"hierophant:DivineIntervention","floor":15,"key":"SMITH"}],"circlet_count":0,"master_deck":["hierophant:Strike_Hierophant","hierophant:Strike_Hierophant","hierophant:Strike_Hierophant","hierophant:Strike_Hierophant","hierophant:Punish","hierophant:Defend_Hierophant","hierophant:Defend_Hierophant","hierophant:Defend_Hierophant","hierophant:Defend_Hierophant","hierophant:ChurchCoffers","hierophant:HolyVerse","hierophant:Charity","hierophant:Doubloon","hierophant:SealAway","hierophant:HolyVerse","hierophant:DivineIntervention+1","hierophant:Embezzle","hierophant:AuricShield","hierophant:DisplayOfPower","hierophant:Doubloon","hierophant:Remorse","hierophant:Determination","hierophant:MorningPrayer","hierophant:Smite","hierophant:Smite","hierophant:Rebuild","hierophant:Zeal","hierophant:PassingBell","Panacea","hierophant:Smite+1","hierophant:Doubloon","hierophant:Remorse"],"relics":["hierophant:PropheticMaskRelic","aspiration:ChemicalBlood","Bronze Scales","Pear","keyreminder:keyreminder","CaptainsWheel","Lantern","construct:WeddingRing","Red Mask","Bloody Idol","Shuriken","Bottled Lightning","aspiration:ArtOfWarUpgrade"],"acts_visited":["Exordium","TheCity"],"potions_floor_usage":[8,10,10,14,16,16,16,16,20,23,23,23,31,33,33,33,33],"damage_taken":[{"damage":0,"enemies":"2 Louse","floor":1,"turns":1},{"damage":2,"enemies":"Jaw Worm","floor":3,"turns":3},{"damage":1,"enemies":"Cultist","floor":4,"turns":3},{"damage":15,"enemies":"3 Sentries","floor":6,"turns":5},{"damage":42,"enemies":"Gremlin Nob","floor":8,"turns":4},{"damage":7,"enemies":"Exordium Thugs","floor":10,"turns":3},{"damage":1,"enemies":"2 Fungi Beasts","floor":12,"turns":3},{"damage":5,"enemies":"3 Sentries","floor":14,"turns":2},{"damage":120,"enemies":"Hexaghost","floor":16,"turns":13},{"damage":1,"enemies":"Chosen","floor":18,"turns":4},{"damage":0,"enemies":"Masked Bandits","floor":20,"turns":4},{"damage":0,"enemies":"3 Byrds","floor":22,"turns":2},{"damage":44,"enemies":"Book of Stabbing","floor":23,"turns":6},{"damage":15,"enemies":"Snecko","floor":25,"turns":6},{"damage":9,"enemies":"3 Cultists","floor":29,"turns":5},{"damage":1,"enemies":"Snake Plant","floor":31,"turns":2},{"damage":103,"enemies":"Automaton","floor":33,"turns":8}],"seed_played":"-2639314626472492241","potions_obtained":[{"floor":4,"key":"Dexterity Potion"},{"floor":8,"key":"ColorlessPotion"},{"floor":14,"key":"GamblersBrew"},{"floor":16,"key":"BlessingOfTheForge"},{"floor":16,"key":"Ancient Potion"},{"floor":18,"key":"Weak Potion"},{"floor":22,"key":"Swift Potion"},{"floor":23,"key":"Block Potion"},{"floor":29,"key":"Block Potion"},{"floor":31,"key":"PowerPotion"}],"is_trial":false,"path_per_floor":["M","$","M","M","?","E","R","E","T","M","R","M","R","E","R","B",null,"M","?","?","?","M","E","$","M","T","?","$","M","R","M","R","B"],"character_chosen":"HIEROPHANT","items_purchased":["hierophant:Charity","Bottled Lightning","hierophant:PassingBell","Panacea"],"campfire_rested":3,"item_purchase_floors":[2,24,28,28],"current_hp_per_floor":[82,82,80,79,61,46,70,38,38,36,65,64,93,88,88,1,97,97,97,97,48,63,65,65,91,96,97,97,97,97,97,97,0,0],"gold":82,"neow_bonus":"TEN_PERCENT_HP_BONUS","is_daily":false,"chose_seed":false,"campfire_upgraded":1,"win_rate":0.0,"timestamp":1610503917,"path_taken":["M","$","M","M","?","E","R","E","T","M","R","M","R","E","R","BOSS","M","?","?","?","M","E","$","M","T","?","$","M","R","M","R","BOSS"],"items_purchased_type":["Card","Relic","Card","Card"],"build_version":"2020-12-22","purchased_purges":0,"victory":false,"max_hp_per_floor":[82,82,82,82,82,82,82,92,92,97,97,97,97,97,97,97,97,97,97,97,97,97,97,97,97,97,97,97,97,97,97,97,97,97],"card_choices":[{"not_picked":["hierophant:Shelter","hierophant:RustyCrate"],"picked":"hierophant:HolyVerse","floor":1},{"not_picked":["hierophant:Martyrdom","hierophant:DisplayOfPower"],"picked":"hierophant:SealAway","floor":3},{"not_picked":["hierophant:Doomsaying","hierophant:Glossolalia"],"picked":"hierophant:HolyVerse","floor":4},{"not_picked":["hierophant:Embezzle","hierophant:Exaltation"],"picked":"hierophant:DivineIntervention","floor":6},{"not_picked":["hierophant:Doubloon","hierophant:Bribe"],"picked":"hierophant:Embezzle","floor":8},{"not_picked":["hierophant:Blessing","hierophant:Prophecy"],"picked":"hierophant:AuricShield","floor":10},{"not_picked":["hierophant:FlamingChariot","hierophant:Patience"],"picked":"hierophant:DisplayOfPower","floor":12},{"not_picked":["hierophant:Shelter","hierophant:Refuge"],"picked":"hierophant:Remorse","floor":14},{"not_picked":["hierophant:Anathema","hierophant:Batter"],"picked":"hierophant:Determination","floor":16},{"not_picked":["hierophant:Sermon+1","hierophant:TollTheBells+1"],"picked":"hierophant:MorningPrayer","floor":18},{"not_picked":["hierophant:Racketeering+1","hierophant:Shelter"],"picked":"hierophant:Smite","floor":20},{"not_picked":["hierophant:Encroach","hierophant:Remorse"],"picked":"hierophant:Smite","floor":22},{"not_picked":["hierophant:SecretStash+1","hierophant:Martyrdom"],"picked":"hierophant:Rebuild","floor":23},{"not_picked":["hierophant:HolyVerse","hierophant:DisplayOfPower"],"picked":"hierophant:Zeal","floor":25},{"not_picked":["hierophant:Cornucopia","hierophant:Doubloon+1"],"picked":"hierophant:Smite+1","floor":29},{"not_picked":["hierophant:Sermon","hierophant:TollTheBells"],"picked":"hierophant:Remorse","floor":31}],"player_experience":2218773,"relics_obtained":[{"floor":6,"key":"Bronze Scales"},{"floor":8,"key":"Pear"},{"floor":9,"key":"CaptainsWheel"},{"floor":14,"key":"Lantern"},{"floor":20,"key":"Red Mask"},{"floor":23,"key":"Shuriken"},{"floor":26,"key":"Art of War"}],"event_choices":[{"damage_healed":0,"gold_gain":0,"player_choice":"Relic ","damage_taken":18,"max_hp_gain":0,"max_hp_loss":0,"event_name":"betterThird:BetterScrap","floor":5,"gold_loss":0,"cards_obtained":["Ragnarok"]},{"damage_healed":0,"gold_gain":0,"player_choice":"Fought Bandits","damage_taken":0,"max_hp_gain":0,"max_hp_loss":0,"event_name":"Masked Bandits","floor":20,"gold_loss":0},{"damage_healed":0,"gold_gain":0,"player_choice":" Idol ","damage_taken":49,"relics_obtained":["Bloody Idol"],"max_hp_gain":97,"max_hp_loss":48,"event_name":"betterAltar:BetterAltar","floor":21,"potions_obtained":[],"relics_lost":[],"gold_loss":0},{"damage_healed":0,"gold_gain":99,"player_choice":"Steal","damage_taken":0,"max_hp_gain":0,"max_hp_loss":0,"event_name":"betterThird:BetterNest","floor":27,"gold_loss":0}],"is_beta":false,"boss_relics":[{"not_picked":["aspiration:MarisaSkillbook","aspiration:DefectSkillbook"],"picked":"construct:WeddingRing"}],"items_purged_floors":[],"is_endless":false,"potions_floor_spawned":[4,8,14,16,18,23,25,31],"killed_by":"Automaton","ascension_level":4}}