{"host":"440aydzcd8mkncjo","time":1610565746,"event":{"mods":["2.2 Compatiblity","Act Like it!","Aspiration","Astrologer","Bard","BaseMod","Beaked The Cultist","Challenge The Spire","Chen","Colored Map","Conspire","Downfall","Energized Spire","Friendly Minions","Gensokyo","Glutton Mod","Gremlin Mod","Halation","Hallownest","Hubris","Infinite Spire","Jedi Mod","Koishi","Lobotomy","LobotomyExtend","Mad Scientist","Marisa????????","Mimic Mod","Minty Spire (QoL Compilation)","READ ME - Guardian Mod","READ ME - Snecko Mod","Rare Cards Sparkle","Reimu??????","Relic Sorter","Remilia??????","Replay The Spire","Shade Mod","Shop Mod","Somnambulant","StSLib","The Administrix","The Alterego","The Blackbeard","The Bug Knight","The Construct","The Cursed","The Florist","The Gatherer","The Hierophant","The Jungle","The Marked","The Mystic","The Necromancer","The Problem Sleuth","The Runesmith","The Servant 0.9.4","The Wild Card","TheBandit","TheSwordswoman","Unknown Chances","Waifu the Spire","Youmu??????","Yuri Mod","Yuyuko","thorton","vexMod"],"gold_per_floor":[199,214,214,214,75,75,114,114,13,29,48,113,113,113,126,229,229,229,229,229,229,240,240,279,279,10,25,25,42,61,95,109,212,212,212,232,250,264,264,289,301,327,359,41,41,41,51,51,70,70],"floor_reached":51,"language":"ENG","playtime":7390,"items_purged":["Guardian:Strike_Guardian","Guardian:Defend_Guardian","Guardian:Defend_Guardian"],"score":1112,"play_id":"ea5d0318-890b-40c3-9ae6-647c7406c375","local_time":"20210113192226","is_ascension_mode":false,"campfire_choices":[{"data":"Guardian:CurlUp","floor":1,"key":"SMITH"},{"data":"Guardian:SentryBeam","floor":6,"key":"SMITH"},{"data":"Guardian:TemporalShield","floor":8,"key":"SMITH"},{"data":"Guardian:TemporalShield","floor":13,"key":"SMITH"},{"data":"Guardian:SentryBeam","floor":18,"key":"SMITH"},{"data":"infinitespire:UltimateForm","floor":23,"key":"SMITH"},{"data":"infinitespire:Gouge","floor":28,"key":"SMITH"},{"data":"ReplayTheSpireMod:Book of Names","floor":35,"key":"SMITH"}],"circlet_count":0,"master_deck":["Guardian:Strike_Guardian","Guardian:CurlUp+1","Guardian:TwinSlam","Guardian:SentryBeam+1","Hallucinations","Guardian:Incinerate","Guardian:TemporalStrike","Guardian:TemporalShield+1","Guardian:PrimingBeam","Guardian:PrimingBeam","Guardian:TemporalStrike","Guardian:TemporalShield+1","Guardian:CrystalBeam","Parasite","Guardian:SentryBeam+1","Gensokyo:AllTheWorldsEvil","Decay","infinitespire:UltimateForm+1","infinitespire:Gouge+1","yuri:RhapsodyCurse","Injury","infinitespire:NeuralNetwork+1","Guardian:TemporalShield+1","Guardian:PrismaticBeam","Guardian:PrismaticBeam","Guardian:ShieldSpikes","Guardian:TemporalShield","Guardian:WalkerClaw","Guardian:SentryBeam","ReplayTheSpireMod:Book of Names+1","Guardian:ConstructionForm","Guardian:Gem_Green","Guardian:Gem_Lightblue","Guardian:ExploitGems","jedi:BattleThirst","Guardian:TemporalShield+1","Guardian:Gem_Lightblue","Panache","infinitespire:Gouge+1","infinitespire:Execution","Guardian:PrismaticBeam+1","Guardian:Incinerate","Guardian:TimeCapacitor+1","Guardian:Gem_Orange"],"relics":["Guardian:ModeShifter","hubris:Icosahedron","LetterFromLob","hubris:Towel","Ring of Misfortune","Ring of Hypnosis","Vajra","Replay:Rubber Ducky","infinitespire:Joker Card","Kintsugi","construct:WeddingRing","ReplayTheSpireMod:TigerMarble","aspiration:SeaSaltIceCream","ReplayTheSpireMod:TigerMarble","ReplayTheSpireMod:Ninjato","Ornamental Fan","vexMod:PaidLearning","Boot","vexMod:EndlessSickness","WingedGreaves","MawBank","Onion Ring","DollysMirror","halation:WeightlessCrab"],"acts_visited":["Exordium","TheCity","TheBeyond"],"potions_floor_usage":[50,50,50],"damage_taken":[{"damage":10,"enemies":"Small Slimes","floor":2,"turns":3},{"damage":5,"enemies":"downfall:FleeingMerchant","floor":5,"turns":4},{"damage":0,"enemies":"Jaw Worm","floor":7,"turns":4},{"damage":7,"enemies":"downfall:FleeingMerchant","floor":9,"turns":4},{"damage":0,"enemies":"Jaw Worm","floor":10,"turns":3},{"damage":0,"enemies":"2 Louse","floor":11,"turns":2},{"damage":15,"enemies":"Lagavulin Event","floor":12,"turns":6},{"damage":6,"enemies":"Red Slaver","floor":15,"turns":3},{"damage":0,"enemies":"downfall:Watcher","floor":16,"turns":6},{"damage":0,"enemies":"Chosen","floor":22,"turns":2},{"damage":0,"enemies":"Snake Plant","floor":24,"turns":5},{"damage":0,"enemies":"downfall:FleeingMerchant","floor":26,"turns":4},{"damage":0,"enemies":"Snake Plant","floor":27,"turns":2},{"damage":0,"enemies":"Centurion and Healer","floor":29,"turns":2},{"damage":0,"enemies":"Snecko","floor":30,"turns":3},{"damage":0,"enemies":"Nightmare","floor":31,"turns":4},{"damage":0,"enemies":"Cultist and Chosen","floor":32,"turns":2},{"damage":0,"enemies":"downfall:Defect","floor":33,"turns":4},{"damage":0,"enemies":"3 Darklings","floor":36,"turns":3},{"damage":0,"enemies":"3 Shapes","floor":37,"turns":2},{"damage":0,"enemies":"Transient","floor":38,"turns":5},{"damage":5,"enemies":"Nightmare","floor":40,"turns":6},{"damage":0,"enemies":"Jaw Worm Horde","floor":42,"turns":3},{"damage":0,"enemies":"Writhing Mass","floor":43,"turns":3},{"damage":0,"enemies":"Spire Growth","floor":47,"turns":1},{"damage":0,"enemies":"Transient","floor":49,"turns":2},{"damage":0,"enemies":"downfall:Ironclad","floor":50,"turns":4}],"seed_played":"1392466874990577422","potions_obtained":[{"floor":10,"key":"ColorlessPotion"},{"floor":11,"key":"Energy Potion"},{"floor":16,"key":"BlessingOfTheForge"},{"floor":29,"key":"Adrenaline Potion"}],"is_trial":false,"path_per_floor":["R","M","?","?","$","R","MIM","R","$","M","M","?","R","?","M","B",null,"R_BF","M","AVR","?","M","R","MIM","?","$","M","R","M","M","NM","M","B",null,"R","M","M","M","?","NM","T","M","M","$","R","AVR","M","?","M","B",null],"character_chosen":"GUARDIAN","items_purchased":["Guardian:TemporalStrike","Guardian:PrimingBeam","Guardian:Gem_Lightblue","Guardian:Gem_Red","Ornamental Fan","vexMod:PaidLearning","Guardian:PrismaticBeam","Panache","DollysMirror"],"campfire_rested":0,"item_purchase_floors":[5,9,9,26,26,26,26,44,44],"current_hp_per_floor":[80,70,70,70,65,65,65,65,58,58,58,43,43,63,57,57,80,80,80,80,80,80,80,80,80,80,80,80,80,80,80,80,80,80,80,80,80,80,80,79,79,79,79,79,79,79,79,79,79,79],"gold":70,"neow_bonus":"HUNDRED_GOLD","is_daily":false,"chose_seed":false,"campfire_upgraded":8,"win_rate":0.0,"timestamp":1610565746,"path_taken":["R","M","?","?","$","R","MIM","R","$","M","?","?","R","?","M","BOSS","R_BF","M","AVR","?","M","R","MIM","?","?","?","R","M","M","NM","M","BOSS","R","M","M","?","?","NM","T","M","?","?","R","AVR","?","?","M","BOSS"],"items_purchased_type":["Card","Card","Card","Card","Relic","Relic","Card","Card","Relic"],"build_version":"2020-12-22","purchased_purges":3,"victory":true,"max_hp_per_floor":[80,80,80,80,80,80,80,80,80,80,80,80,80,80,80,80,80,80,80,80,80,80,80,80,80,80,80,80,80,80,80,80,80,80,80,80,80,80,80,80,80,80,80,80,80,80,80,80,80,80],"card_choices":[{"not_picked":["Guardian:FloatingOrbs","Guardian:WalkerClaw"],"picked":"Guardian:SentryBeam","floor":2},{"not_picked":["Guardian:ShieldCharger","Guardian:PrimingBeam"],"picked":"Guardian:Incinerate","floor":5},{"not_picked":["Guardian:PiercingHide","Guardian:TemporalStrike"],"picked":"Guardian:TemporalShield","floor":7},{"not_picked":["Guardian:Emergency","Guardian:ChargeUp"],"picked":"Guardian:Gem_Purple","floor":9},{"not_picked":["Guardian:EvasiveProtocol","Guardian:PiercingHide"],"picked":"Guardian:TemporalStrike","floor":10},{"not_picked":["Guardian:BronzeOrb","Guardian:RefractedBeam"],"picked":"Guardian:TemporalShield","floor":11},{"not_picked":["Guardian:Gem_Lightblue","Guardian:TemporalStrike"],"picked":"Guardian:CrystalBeam","floor":12},{"not_picked":["Guardian:FierceBash","Guardian:Harden"],"picked":"Guardian:SentryBeam","floor":15},{"not_picked":["Guardian:StasisStrike","Guardian:RevengeProtocol"],"picked":"Guardian:Gem_Orange","floor":16},{"not_picked":["Guardian:ChargeCore","Guardian:VentSteam","Guardian:WalkerClaw"],"picked":"SKIP","floor":22},{"not_picked":["Guardian:Reroute","Guardian:GuardianWhirl"],"picked":"Guardian:Gem_Cyan","floor":24},{"not_picked":["infinitespire:TheBestDefense","ReplayTheSpireMod:Book of Names"],"picked":"infinitespire:NeuralNetwork","floor":25},{"not_picked":["Guardian:Suspension+1","Guardian:ChargeCore"],"picked":"Guardian:Gem_Cyan","floor":26},{"not_picked":["Guardian:Reroute","Guardian:TemporalStrike"],"picked":"Guardian:Gem_Green","floor":27},{"not_picked":["Guardian:Recover+1","Guardian:Planning"],"picked":"Guardian:TemporalShield","floor":29},{"not_picked":["Guardian:Gem_Crimson","Guardian:Gem_Red"],"picked":"Guardian:SentryBeam","floor":30},{"not_picked":["ReplayTheSpireMod:Black Plague","infinitespire:Starlight"],"picked":"ReplayTheSpireMod:Book of Names","floor":31},{"not_picked":["Guardian:PolyBeam","Guardian:MultiBeam+1"],"picked":"Guardian:Gem_Fragmented","floor":31},{"not_picked":["Guardian:RollAttack","Guardian:ShieldCharger","Guardian:ChargeCore"],"picked":"SKIP","floor":32},{"not_picked":["Guardian:Suspension+1","Guardian:Recover"],"picked":"Guardian:Gem_Lightblue","floor":36},{"not_picked":["Guardian:RefractedBeam","Guardian:ShieldSpikes"],"picked":"Guardian:Gem_Blue","floor":37},{"not_picked":["Guardian:Incinerate","Guardian:Reroute"],"picked":"Guardian:ExploitGems","floor":38},{"not_picked":["Guardian:Gem_Fragmented","Guardian:Orbwalk"],"picked":"Guardian:TemporalShield+1","floor":40},{"not_picked":["Guardian:CrystalBeam","Guardian:VentSteam"],"picked":"Guardian:Gem_Lightblue","floor":42},{"not_picked":["Guardian:ChargeCore","Guardian:Gem_Fragmented"],"picked":"Guardian:Gem_Lightblue","floor":43},{"not_picked":["Guardian:RollAttack+1","Guardian:ShieldSpikes"],"picked":"Guardian:PrismaticBeam+1","floor":47},{"not_picked":["Guardian:WalkerClaw","Guardian:SentryBeam+1"],"picked":"Guardian:TimeCapacitor+1","floor":49}],"player_experience":767517,"relics_obtained":[{"floor":2,"key":"LetterFromLob"},{"floor":4,"key":"Ring of Misfortune"},{"floor":4,"key":"Ring of Hypnosis"},{"floor":7,"key":"Vajra"},{"floor":7,"key":"Replay:Rubber Ducky"},{"floor":12,"key":"infinitespire:Joker Card"},{"floor":24,"key":"aspiration:SeaSaltIceCream"},{"floor":24,"key":"ReplayTheSpireMod:Ninjato"},{"floor":31,"key":"Boot"},{"floor":40,"key":"MawBank"},{"floor":41,"key":"Onion Ring"}],"event_choices":[{"damage_healed":20,"gold_gain":0,"player_choice":"Healed and dodged fight","damage_taken":0,"max_hp_gain":0,"max_hp_loss":0,"event_name":"Mushrooms","floor":14,"gold_loss":0,"cards_obtained":["Parasite"]}],"is_beta":false,"boss_relics":[{"not_picked":["aspiration:MobileForge","halation:CatFaceCupcake"],"picked":"Kintsugi"},{"not_picked":["Snecko Eye","aspiration:RunicSpoon"],"picked":"vexMod:EndlessSickness"}],"items_purged_floors":[5,20,26],"is_endless":false,"potions_floor_spawned":[10,11,16,22,27,29,30,31,33,36,40,47,49],"ascension_level":0}}