{"host":"tthpht10oetb1q7t","time":1610565907,"event":{"mods":["AchievementEnabler","BaseMod","ChefMod","Ekko","GifTheSpireLib","Hubris","Minty Spire (QoL Compilation)","Permanent Neow","Quick Restart","Replay The Spire","StSLib","SuperFastMode","The Marked"],"gold_per_floor":[118,135,135,152,57,90,90,90,90,90,15,15,25,25,25,120,120,120],"floor_reached":17,"language":"ENG","playtime":668,"items_purged":["theMarked:Strike"],"score":153,"play_id":"f9252f08-8f67-42c5-94d8-1775bc8bf93e","local_time":"20210113202507","is_ascension_mode":false,"campfire_choices":[{"data":"theMarked:HeritageOfTheMarked","floor":8,"key":"SMITH"},{"data":"theMarked:HeightenedSenses","floor":10,"key":"SMITH"},{"data":"theMarked:RepellingDischarge","floor":12,"key":"SMITH"},{"data":"theMarked:Opportunist","floor":15,"key":"SMITH"}],"circlet_count":0,"master_deck":["theMarked:Strike","theMarked:Strike","theMarked:Defend","theMarked:Defend","theMarked:Defend","theMarked:Defend","theMarked:SoldierOfQuellstein+1","theMarked:Standoff+1","theMarked:HeritageOfTheMarked+1","theMarked:Frustration","theMarked:DeterminationOfTheMarked","theMarked:HeightenedSenses+1","theMarked:RepellingDischarge+1","theMarked:Opportunist+1","theMarked:BindingBlade","AbeCurse"],"relics":["theMarked:ArtifactOfAir","ReplayTheSpireMod:Ninjato","Replay:Grab Bag","Abe\u0027s Treasure","Coffee Dripper","Empty Cage"],"acts_visited":["Exordium","TheCity"],"potions_floor_usage":[2],"damage_taken":[{"damage":0,"enemies":"Small Slimes","floor":1,"turns":3},{"damage":3,"enemies":"Jaw Worm","floor":2,"turns":4},{"damage":1,"enemies":"2 Louse","floor":4,"turns":3},{"damage":3,"enemies":"Lagavulin","floor":6,"turns":7},{"damage":7,"enemies":"Exordium Thugs","floor":13,"turns":5},{"damage":11,"enemies":"Fading Forest","floor":16,"turns":11}],"seed_played":"-8286293470967568449","potions_obtained":[{"floor":1,"key":"Weak Potion"},{"floor":6,"key":"Elixir"},{"floor":16,"key":"SmokeBomb"}],"is_trial":false,"path_per_floor":["M","M","?","M","$","E","?","R","T","R","$","R","M","$","R","B",null],"character_chosen":"THE_DEFAULT","items_purchased":["theMarked:DeterminationOfTheMarked","theMarked:HeightenedSenses"],"campfire_rested":0,"item_purchase_floors":[5,5],"current_hp_per_floor":[70,67,67,66,66,63,63,63,63,63,63,63,56,56,56,45,70,70],"gold":120,"neow_bonus":"UPGRADE_CARD","is_daily":false,"chose_seed":false,"campfire_upgraded":4,"win_rate":0.0,"timestamp":1610565907,"path_taken":["M","M","?","M","$","E","?","R","T","R","$","R","M","?","R","BOSS"],"items_purchased_type":["Card","Card"],"build_version":"2020-12-22","purchased_purges":1,"victory":false,"max_hp_per_floor":[70,70,70,70,70,70,70,70,70,70,70,70,70,70,70,70,70,70],"card_choices":[{"not_picked":["theMarked:SwordAndMagic","theMarked:TwofoldDefense"],"picked":"theMarked:Standoff","floor":1},{"not_picked":["theMarked:Static","theMarked:Parkour"],"picked":"theMarked:HeritageOfTheMarked","floor":2},{"not_picked":["theMarked:EmpowerWeapon","theMarked:SwordAndMagic"],"picked":"theMarked:Frustration","floor":4},{"not_picked":["theMarked:TunnelVision","theMarked:ResourceFulStrike"],"picked":"theMarked:RepellingDischarge","floor":6},{"not_picked":["theMarked:DeterminationOfTheMarked","theMarked:TunnelVision"],"picked":"theMarked:Opportunist","floor":13},{"not_picked":["theMarked:Abjuration","theMarked:SuspiciousRaven"],"picked":"theMarked:BindingBlade","floor":16}],"player_experience":74722,"relics_obtained":[{"floor":6,"key":"ReplayTheSpireMod:Ninjato"}],"event_choices":[{"damage_healed":0,"gold_gain":0,"player_choice":"Ignored","damage_taken":0,"max_hp_gain":0,"max_hp_loss":0,"event_name":"Liars Game","floor":7,"gold_loss":0}],"is_beta":false,"boss_relics":[{"not_picked":["hubris:GrandSneckoEye","Fusion Hammer"],"picked":"Replay:Grab Bag"},{"not_picked":["Ectoplasm","Busted Crown"],"picked":"Abe\u0027s Treasure"},{"not_picked":["hubris:TerracottaHorce","Painkiller Herb"],"picked":"Coffee Dripper"},{"not_picked":["Kintsugi","Pandora\u0027s Box"],"picked":"Empty Cage"}],"items_purged_floors":[11],"is_endless":false,"potions_floor_spawned":[1,6,16],"ascension_level":0}}