{"host":"ktoxvvst1mwxww91","time":1610546455,"event":{"mods":["BaseMod","Hermit","Minty Spire (QoL Compilation)","StSLib","The Blackbeard","The Hierophant","The Mystic","The Necromancer"],"gold_per_floor":[112,112,112,12,28,58,75,124,195,230,230,272,272,104,104,214,223,243,264,264,74,74,115,115,115,142,181,238,265,274,289,298,298,298,298],"floor_reached":33,"language":"ENG","playtime":851,"items_purged":["blackbeard:BlackbeardStrike","blackbeard:BlackbeardStrike","blackbeard:BlackbeardStrike"],"score":375,"play_id":"a1196b09-9008-4634-a7f6-4bedba426a2d","local_time":"20210113150055","is_ascension_mode":true,"campfire_choices":[{"data":"blackbeard:GhostInTheRum","floor":11,"key":"SMITH"},{"data":"blackbeard:BeatUp","floor":13,"key":"SMITH"},{"data":"blackbeard:Cutlass","floor":15,"key":"SMITH"},{"data":"blackbeard:InfiniteBarrage","floor":25,"key":"SMITH"},{"floor":32,"key":"REST"}],"circlet_count":0,"master_deck":["blackbeard:IntimidatingStrike","blackbeard:BlackbeardDefend","blackbeard:BlackbeardDefend","blackbeard:BlackbeardDefend","blackbeard:BlackbeardDefend","blackbeard:Cutlass+1","blackbeard:BlindAttacks","blackbeard:BeatUp+1","blackbeard:Sword","blackbeard:CloakAndCannonball","blackbeard:PirateHook","blackbeard:GhostInTheRum+1","blackbeard:BlindAttacks","blackbeard:AgileStrike","blackbeard:Parrot","CurseOfTheBell","blackbeard:ChaoticDefense","blackbeard:DoubleCannonball","blackbeard:InfiniteBarrage+1","blackbeard:CannonballSupply","blackbeard:GoldenDefense","blackbeard:PirateStrength","blackbeard:InfiniteBarrage+1","blackbeard:TacticalRetreat+1"],"relics":["blackbeard:LoadTheCannons","NeowsBlessing","Bag of Marbles","Centennial Puzzle","Sundial","CeramicFish","Shovel","Calling Bell","Dream Catcher","Matryoshka","Du-Vu Doll","Happy Flower","Omamori","blackbeard:TreasureChest","Ancient Tea Set"],"acts_visited":["Exordium","TheCity"],"potions_floor_usage":[10,12,23,23,27,31],"damage_taken":[{"damage":0.0,"enemies":"2 Louse","floor":1.0,"turns":1.0},{"damage":0.0,"enemies":"Jaw Worm","floor":5.0,"turns":1.0},{"damage":0.0,"enemies":"3 Sentries","floor":6.0,"turns":1.0},{"damage":0,"enemies":"Cultist","floor":7,"turns":2},{"damage":10,"enemies":"Lagavulin","floor":10,"turns":3},{"damage":5,"enemies":"3 Sentries","floor":12,"turns":5},{"damage":26,"enemies":"The Guardian","floor":16,"turns":6},{"damage":4,"enemies":"Shell Parasite","floor":18,"turns":2},{"damage":0,"enemies":"Chosen","floor":19,"turns":3},{"damage":5,"enemies":"Gremlin Leader","floor":23,"turns":4},{"damage":14,"enemies":"Shelled Parasite and Fungi","floor":27,"turns":3},{"damage":20,"enemies":"Book of Stabbing","floor":28,"turns":3},{"damage":13,"enemies":"Chosen and Byrds","floor":29,"turns":4},{"damage":0,"enemies":"Centurion and Healer","floor":31,"turns":1},{"damage":59,"enemies":"Automaton","floor":33,"turns":6}],"seed_played":"-3196841979244824982","potions_obtained":[{"floor":5.0,"key":"blackbeard:RumPotion"},{"floor":6,"key":"Energy Potion"},{"floor":10,"key":"SkillPotion"},{"floor":16,"key":"Fire Potion"},{"floor":19,"key":"DuplicationPotion"},{"floor":23,"key":"Regen Potion"},{"floor":28,"key":"SmokeBomb"}],"is_trial":false,"path_per_floor":["M","?","?","$","M","E","M","T","T","E","R","E","R","$","R","B",null,"M","M","?","$","?","E","$","R","T","M","E","M","?","M","R","B"],"character_chosen":"BLACKBEARD_CLASS","items_purchased":["blackbeard:BeatUp","blackbeard:AgileStrike","blackbeard:InfiniteBarrage"],"campfire_rested":1,"item_purchase_floors":[4,14,21],"current_hp_per_floor":[75,80,80,80,80,80,80,80,80,70,70,65,65,65,65,39,80,76,76,61,61,61,56,56,56,56,51,31,18,18,18,43,0,0,0],"gold":298,"neow_bonus":"THREE_ENEMY_KILL","is_daily":false,"chose_seed":false,"campfire_upgraded":4,"win_rate":0.0,"timestamp":1610546455,"path_taken":["M","?","?","$","?","E","M","?","T","E","R","E","R","$","R","BOSS","M","M","?","$","?","E","?","R","T","M","E","M","?","?","R","BOSS"],"items_purchased_type":["Card","Card","Card"],"build_version":"2020-12-22","purchased_purges":3,"victory":false,"max_hp_per_floor":[75,80,80,80,80,80,80,80,80,80,80,80,80,80,80,80,80,80,80,85,85,85,85,85,85,85,85,85,85,85,85,85,85,85,85],"card_choices":[{"not_picked":["blackbeard:Spear","blackbeard:WiseDefense"],"picked":"blackbeard:BlindAttacks","floor":1.0},{"not_picked":["blackbeard:MegaUpgrade","blackbeard:WiseDefense"],"picked":"blackbeard:Sword","floor":5.0},{"not_picked":["blackbeard:Fencing","blackbeard:WeaponProficiency"],"picked":"blackbeard:CloakAndCannonball","floor":6},{"not_picked":["blackbeard:AgileStrike","blackbeard:TacticalRetreat"],"picked":"blackbeard:PirateHook","floor":7},{"not_picked":["blackbeard:DeadlyArsenal","blackbeard:BlindAttacks"],"picked":"blackbeard:GhostInTheRum","floor":10},{"not_picked":["blackbeard:RearmingStrike","blackbeard:CloakAndCannonball"],"picked":"blackbeard:BlindAttacks","floor":12},{"not_picked":["blackbeard:Halberd","blackbeard:MegaUpgrade"],"picked":"blackbeard:Parrot","floor":16},{"not_picked":["blackbeard:Scrap","blackbeard:DelayedPain"],"picked":"blackbeard:ChaoticDefense","floor":18},{"not_picked":["blackbeard:Revenge","blackbeard:GoldenStrike"],"picked":"blackbeard:DoubleCannonball","floor":19},{"not_picked":["blackbeard:GoldenStrike","blackbeard:Revenge"],"picked":"blackbeard:CannonballSupply","floor":23},{"not_picked":["blackbeard:DeadlyArsenal+1","blackbeard:CloakAndCannonball+1"],"picked":"blackbeard:GoldenDefense","floor":27},{"not_picked":["blackbeard:FishingNets","blackbeard:BeatUp+1"],"picked":"blackbeard:PirateStrength","floor":28},{"not_picked":["blackbeard:CannonballSupply","blackbeard:BlindAttacks","blackbeard:DeadlyArsenal+1"],"picked":"SKIP","floor":29},{"not_picked":["blackbeard:BrownPants","blackbeard:Fencing+1"],"picked":"blackbeard:TacticalRetreat+1","floor":32}],"player_experience":1009589,"relics_obtained":[{"floor":6,"key":"Bag of Marbles"},{"floor":8,"key":"Centennial Puzzle"},{"floor":9,"key":"Sundial"},{"floor":10,"key":"CeramicFish"},{"floor":12,"key":"Shovel"},{"floor":17,"key":"Dream Catcher"},{"floor":17,"key":"Matryoshka"},{"floor":17,"key":"Du-Vu Doll"},{"floor":23,"key":"Happy Flower"},{"floor":26,"key":"Omamori"},{"floor":26,"key":"blackbeard:TreasureChest"},{"floor":28,"key":"Ancient Tea Set"}],"event_choices":[{"damage_healed":0.0,"max_hp_gain":5.0,"max_hp_loss":0.0,"gold_gain":0.0,"event_name":"Big Fish","player_choice":"Donut","floor":2.0,"gold_loss":0.0,"damage_taken":0.0},{"cards_removed":["blackbeard:BlackbeardStrike"],"damage_healed":0.0,"max_hp_gain":0.0,"max_hp_loss":0.0,"gold_gain":0.0,"event_name":"Purifier","player_choice":"Purged","floor":3.0,"gold_loss":0.0,"damage_taken":0.0},{"damage_healed":0,"gold_gain":0,"player_choice":"Shed Blood","damage_taken":20,"max_hp_gain":5,"max_hp_loss":0,"event_name":"Forgotten Altar","floor":20,"gold_loss":0},{"damage_healed":0,"gold_gain":0,"player_choice":"Copied","damage_taken":0,"max_hp_gain":0,"max_hp_loss":0,"event_name":"Duplicator","floor":30,"gold_loss":0,"cards_obtained":["blackbeard:InfiniteBarrage"]}],"is_beta":false,"boss_relics":[{"not_picked":["Ectoplasm","Fusion Hammer"],"picked":"Calling Bell"}],"items_purged_floors":[4,14,21],"is_endless":false,"potions_floor_spawned":[5,6,10,16,19,23,28],"killed_by":"Automaton","ascension_level":3}}