{"host":"94aus4jnk6thj94q","time":1610555320,"event":{"mods":["BaseMod","Minty Spire (QoL Compilation)","Quick Restart","StSLib"],"gold_per_floor":[13,26,43,43,57,57,85,85,85,10,10,27,55,68,68,164,164,181,36,36,56,66,66,66,66],"floor_reached":24,"language":"ENG","playtime":1767,"items_purged":[],"score":208,"play_id":"3281713a-d63a-4ef9-948e-480b0aca6aa3","local_time":"20210113182840","is_ascension_mode":false,"campfire_choices":[{"data":"Zap","floor":6.0,"key":"SMITH"},{"floor":8.0,"key":"REST"},{"floor":15.0,"key":"REST"},{"floor":23,"key":"REST"}],"circlet_count":0,"master_deck":["Strike_B","Strike_B","Strike_B","Defend_B","Defend_B","Defend_B","Defend_B","Zap+1","Dualcast","Redo","Undo","Capacitor","Coolheaded","White Noise","Leap","Buffer","Cold Snap+1"],"relics":["Cracked Core","StrikeDummy","WingedGreaves","Emotion Chip","Busted Crown","Oddly Smooth Stone"],"acts_visited":["Exordium","TheCity"],"potions_floor_usage":[24],"damage_taken":[{"damage":5.0,"enemies":"Small Slimes","floor":1.0,"turns":3.0},{"damage":1.0,"enemies":"Cultist","floor":2.0,"turns":4.0},{"damage":0.0,"enemies":"2 Louse","floor":3.0,"turns":2.0},{"damage":4.0,"enemies":"Red Slaver","floor":5.0,"turns":3.0},{"damage":22.0,"enemies":"3 Sentries","floor":7.0,"turns":9.0},{"damage":8.0,"enemies":"Exordium Wildlife","floor":12.0,"turns":4.0},{"damage":18.0,"enemies":"Lagavulin","floor":13.0,"turns":10.0},{"damage":8.0,"enemies":"Blue Slaver","floor":14.0,"turns":5.0},{"damage":10.0,"enemies":"Hexaghost","floor":16.0,"turns":14.0},{"damage":11.0,"enemies":"3 Byrds","floor":18.0,"turns":6.0},{"damage":4.0,"enemies":"Chosen","floor":21.0,"turns":6.0},{"damage":14,"enemies":"Sentry and Sphere","floor":22,"turns":10},{"damage":24,"enemies":"Gremlin Leader","floor":24,"turns":5}],"seed_played":"-5501024847898106411","potions_obtained":[{"floor":3.0,"key":"PowerPotion"},{"floor":4.0,"key":"DuplicationPotion"},{"floor":4.0,"key":"Block Potion"},{"floor":5.0,"key":"FearPotion"},{"floor":13.0,"key":"BlessingOfTheForge"},{"floor":21.0,"key":"Energy Potion"}],"is_trial":false,"path_per_floor":["M","M","M","?","M","R","E","R","T","$","?","M","E","M","R","B",null,"M","$","?","M","M","R","E"],"character_chosen":"DEFECT","items_purchased":["Capacitor","Oddly Smooth Stone"],"campfire_rested":3,"item_purchase_floors":[10,19],"current_hp_per_floor":[84,83,83,83,79,79,57,83,83,83,83,75,57,49,75,65,89,78,78,78,74,60,86,62,62],"gold":66,"neow_bonus":"TWENTY_PERCENT_HP_BONUS","is_daily":false,"chose_seed":false,"campfire_upgraded":1,"win_rate":0.0,"timestamp":1610555320,"path_taken":["M","M","M","?","M","R","E","R","T","?","?","M","E","?","R","BOSS","M","$","?","M","?","R","E"],"items_purchased_type":["Card","Relic"],"build_version":"2020-12-22","purchased_purges":0,"victory":false,"max_hp_per_floor":[89,89,89,89,89,89,89,89,89,89,89,89,89,89,89,89,89,89,89,89,89,89,89,89,89],"card_choices":[{"not_picked":["Turbo","Steam","Auto Shields"],"picked":"SKIP","floor":1.0},{"not_picked":["Beam Cell","Go for the Eyes"],"picked":"Redo","floor":2.0},{"not_picked":["Rebound","Hologram"],"picked":"Undo","floor":3.0},{"not_picked":["Stack","Turbo","Beam Cell"],"picked":"SKIP","floor":5.0},{"not_picked":["Hello World","All For One","Stack"],"picked":"SKIP","floor":7.0},{"not_picked":["Steam Power","Storm"],"picked":"Coolheaded","floor":12.0},{"not_picked":["Turbo","Heatsinks"],"picked":"White Noise","floor":13.0},{"not_picked":["Hologram","Turbo"],"picked":"Leap","floor":14.0},{"not_picked":["Seek","Meteor Strike"],"picked":"Buffer","floor":16.0},{"not_picked":[],"picked":"Cold Snap+1","floor":18.0},{"not_picked":["Rebound+1"],"picked":"SKIP","floor":21.0},{"not_picked":["Streamline"],"picked":"SKIP","floor":22}],"player_experience":5762978,"relics_obtained":[{"floor":7.0,"key":"StrikeDummy"},{"floor":9.0,"key":"WingedGreaves"},{"floor":13.0,"key":"Emotion Chip"}],"event_choices":[{"damage_healed":0.0,"max_hp_gain":0.0,"max_hp_loss":0.0,"gold_gain":0.0,"event_name":"Lab","player_choice":"Got Potions","floor":4.0,"gold_loss":0.0,"damage_taken":0.0},{"cards_removed":["Strike_B"],"damage_healed":0.0,"max_hp_gain":0.0,"max_hp_loss":0.0,"gold_gain":0.0,"event_name":"Purifier","player_choice":"Purged","floor":11.0,"gold_loss":0.0,"damage_taken":0.0},{"damage_healed":0.0,"max_hp_gain":0.0,"max_hp_loss":0.0,"gold_gain":0.0,"event_name":"FaceTrader","player_choice":"Leave","floor":20.0,"gold_loss":0.0,"damage_taken":0.0}],"is_beta":false,"boss_relics":[{"not_picked":["Empty Cage","SacredBark"],"picked":"Busted Crown"}],"items_purged_floors":[],"is_endless":false,"potions_floor_spawned":[3,5,13,21],"killed_by":"Gremlin Leader","ascension_level":0}}