{"host":"22s5scuj7mu87reg","time":1610580504,"event":{"mods":["BaseMod","Colored Powertips","Dota2Spire","Downfall","Duelist Mod","GungeonMod","Halation","Hubris","Koishi","KomeijiMod","Minty Spire (QoL Compilation)","Replay The Spire","StSLib","SuperFastMode","The Jungle","The Mystic","The Necromancer","Wandering Minibosses"],"gold_per_floor":[214,164,184,184,202,202,202,212,238,250,250],"floor_reached":10,"language":"POL","playtime":388,"items_purged":[],"score":58,"play_id":"f4942a11-3882-4eab-b288-ba2979ea9054","local_time":"20210114002824","is_ascension_mode":false,"campfire_choices":[{"data":"Turbo","floor":6,"key":"SMITH"}],"circlet_count":0,"master_deck":["Strike_B","Strike_B","Strike_B","Defend_B","Defend_B","Defend_B","Defend_B","Zap","Dualcast","Turbo+1","Turbo","Regret","Storm","Time Bomb"],"relics":["Cracked Core","hubris:SlimyHat","hubris:Towel","MawBank"],"acts_visited":["Exordium"],"potions_floor_usage":[8],"damage_taken":[{"damage":0,"enemies":"Small Slimes","floor":1,"turns":3},{"damage":0,"enemies":"2 Louse","floor":3,"turns":2},{"damage":6,"enemies":"Jaw Worm","floor":5,"turns":3},{"damage":23,"enemies":"Gremlin Gang","floor":8,"turns":4},{"damage":50,"enemies":"3 Sentries","floor":10,"turns":5}],"seed_played":"-9008508303768769629","potions_obtained":[{"floor":3,"key":"Energy Potion"},{"floor":5,"key":"SkillPotion"},{"floor":8,"key":"DemoMod:BlankPotion"}],"is_trial":false,"path_per_floor":["M","?","M","?","M","R","?","M","T","E"],"character_chosen":"DEFECT","items_purchased":[],"campfire_rested":0,"item_purchase_floors":[],"current_hp_per_floor":[75,75,75,75,69,69,69,46,46,0,0],"gold":250,"neow_bonus":"HUNDRED_GOLD","is_daily":false,"chose_seed":false,"campfire_upgraded":1,"win_rate":0.0,"timestamp":1610580504,"path_taken":["M","?","M","?","M","R","?","?","T","E"],"items_purchased_type":[],"build_version":"2020-12-13","purchased_purges":0,"victory":false,"max_hp_per_floor":[75,75,75,75,75,75,75,75,75,75,75],"card_choices":[{"not_picked":["Gash","Force Field"],"picked":"Turbo","floor":1},{"not_picked":["Go for the Eyes","Conserve Battery"],"picked":"Turbo","floor":3},{"not_picked":["Gash","Go for the Eyes"],"picked":"Storm","floor":5},{"not_picked":["Barrage","Redo"],"picked":"Time Bomb","floor":8}],"player_experience":107518,"relics_obtained":[{"floor":9,"key":"MawBank"}],"event_choices":[{"cards_removed":["Strike_B"],"damage_healed":0,"gold_gain":0,"player_choice":"Card Removal","damage_taken":0,"max_hp_gain":0,"max_hp_loss":0,"event_name":"The Cleric","floor":2,"gold_loss":50},{"damage_healed":0,"gold_gain":0,"player_choice":"Box","damage_taken":0,"relics_obtained":["hubris:SlimyHat"],"max_hp_gain":0,"max_hp_loss":0,"event_name":"Big Fish","floor":4,"gold_loss":0,"cards_obtained":["Regret"]}],"is_beta":false,"boss_relics":[],"items_purged_floors":[],"is_endless":false,"potions_floor_spawned":[3,5,8],"killed_by":"3 Sentries","ascension_level":0}}