{"host":"qrt7o4dq2qslzw13","time":1610564276,"event":{"mods":["AchievementEnabler","BaseMod","Colored Map","Colored Powertips","Minty Spire (QoL Compilation)","Quick Restart","StSLib","SuperFastMode"],"gold_per_floor":[362,374,27,41,41,41,74,112,139,152,152,166,166,200,200,301,301,317,170,170,170,189,189,118,118,118,130,144,144,66,91,91,196,196,207,207,245,245,256,256,276,276],"floor_reached":41,"language":"ENG","playtime":1732,"items_purged":[],"score":446,"play_id":"1c5123c4-4386-4546-8fdb-95287c20915e","local_time":"20210113135756","is_ascension_mode":false,"campfire_choices":[{"data":"Beam Cell","floor":6.0,"key":"SMITH"},{"floor":13.0,"key":"REST"},{"data":"Fission","floor":15.0,"key":"SMITH"},{"data":"Blizzard","floor":23.0,"key":"SMITH"},{"floor":25.0,"key":"REST"},{"floor":32.0,"key":"REST"},{"floor":40,"key":"REST"}],"circlet_count":0,"master_deck":["Strike_B+1","Strike_B+1","Strike_B+1","Strike_B+1","Defend_B+1","Defend_B+1","Defend_B+1","Defend_B+1","Zap","Dualcast","Reinforced Body","Aggregate","Fission+1","Rebound","Beam Cell+1","Glacier","Conserve Battery","Hologram","Steam Power","Loop","Double Energy","Echo Form","Blizzard+1","Storm","Capacitor","Fusion","Barrage+1","Cold Snap+1","Recycle+1","Lockon","Chaos+1","Meteor Strike","Lockon+1","HandOfGreed","Jack Of All Trades","Secret Weapon","Storm+1","Undo+1","BootSequence"],"relics":["FrozenCore","Toolbox","Bag of Marbles","Dream Catcher","Juzu Bracelet","Smiling Mask","Nuclear Battery","Art of War","Whetstone"],"acts_visited":["Exordium","TheCity","TheBeyond"],"potions_floor_usage":[39],"damage_taken":[{"damage":2.0,"enemies":"Small Slimes","floor":1.0,"turns":3.0},{"damage":5.0,"enemies":"Jaw Worm","floor":2.0,"turns":4.0},{"damage":0.0,"enemies":"2 Louse","floor":4.0,"turns":1.0},{"damage":34.0,"enemies":"Lagavulin","floor":7.0,"turns":8.0},{"damage":0.0,"enemies":"Looter","floor":8.0,"turns":1.0},{"damage":0.0,"enemies":"3 Louse","floor":10.0,"turns":2.0},{"damage":0.0,"enemies":"Exordium Wildlife","floor":12.0,"turns":3.0},{"damage":11.0,"enemies":"3 Sentries","floor":14.0,"turns":10.0},{"damage":32.0,"enemies":"The Guardian","floor":16.0,"turns":19.0},{"damage":11.0,"enemies":"2 Thieves","floor":18.0,"turns":3.0},{"damage":20.0,"enemies":"Chosen","floor":22.0,"turns":8.0},{"damage":0.0,"enemies":"Sentry and Sphere","floor":27.0,"turns":6.0},{"damage":0.0,"enemies":"Cultist and Chosen","floor":28.0,"turns":5.0},{"damage":22.0,"enemies":"Gremlin Leader","floor":31.0,"turns":7.0},{"damage":31.0,"enemies":"Champ","floor":33.0,"turns":12.0},{"damage":14.0,"enemies":"Orb Walker","floor":35.0,"turns":3.0},{"damage":17.0,"enemies":"3 Shapes","floor":37.0,"turns":5.0},{"damage":31,"enemies":"Spire Growth","floor":39,"turns":4},{"damage":24,"enemies":"Jaw Worm Horde","floor":41,"turns":3}],"seed_played":"7640927981004959110","potions_obtained":[{"floor":1.0,"key":"Regen Potion"},{"floor":7.0,"key":"Fruit Juice"},{"floor":10.0,"key":"Dexterity Potion"},{"floor":14.0,"key":"Strength Potion"},{"floor":16.0,"key":"PotionOfCapacity"},{"floor":28.0,"key":"EntropicBrew"},{"floor":35.0,"key":"Fire Potion"}],"is_trial":false,"path_per_floor":["M","M","$","M","?","R","E","M","T","M","?","M","R","E","R","B",null,"M","$","?","?","M","R","$","R","T","M","M","?","$","E","R","B",null,"M","?","M","?","M","R","M"],"character_chosen":"DEFECT","items_purchased":["Toolbox","Fission","Rebound","Art of War","Fusion","Lockon"],"campfire_rested":4,"item_purchase_floors":[3,3,3,19,24,30],"current_hp_per_floor":[66,61,61,61,49,49,35,35,35,35,35,35,56,45,45,13,73,62,62,62,62,42,42,42,63,63,63,63,63,63,41,62,31,73,59,49,32,32,1,22,0,0],"gold":276,"neow_bonus":"TWO_FIFTY_GOLD","is_daily":false,"chose_seed":false,"campfire_upgraded":3,"win_rate":0.0,"timestamp":1610564276,"path_taken":["M","M","$","M","?","R","E","M","T","M","?","M","R","E","R","BOSS","M","$","?","?","M","R","$","R","T","M","M","?","$","E","R","BOSS","M","?","M","?","M","R","M"],"items_purchased_type":["Relic","Card","Card","Relic","Card","Card"],"build_version":"2020-12-22","purchased_purges":0,"victory":false,"max_hp_per_floor":[68,68,68,68,68,68,73,73,73,73,73,73,73,73,73,73,73,73,73,73,73,73,73,73,73,73,73,73,73,73,73,73,73,73,73,73,73,73,73,73,73,73],"card_choices":[{"not_picked":["Compile Driver","Ball Lightning"],"picked":"Reinforced Body","floor":1.0},{"not_picked":["Gash","Cold Snap"],"picked":"Aggregate","floor":2.0},{"not_picked":["Storm","Go for the Eyes"],"picked":"Beam Cell","floor":4.0},{"not_picked":["Core Surge","Blizzard"],"picked":"Glacier","floor":7.0},{"not_picked":["Steam","Rebound"],"picked":"Conserve Battery","floor":8.0},{"not_picked":["Compile Driver","Gash"],"picked":"Hologram","floor":10.0},{"not_picked":["Streamline","Glacier"],"picked":"Steam Power","floor":12.0},{"not_picked":["Glacier","Stack"],"picked":"Loop","floor":13.0},{"not_picked":["Sweeping Beam","Rebound"],"picked":"Double Energy","floor":14.0},{"not_picked":["Hyperbeam","Reboot"],"picked":"Echo Form","floor":16.0},{"not_picked":["Rebound+1","Sweeping Beam+1"],"picked":"Blizzard","floor":18.0},{"not_picked":["Turbo","Cold Snap"],"picked":"Capacitor","floor":22.0},{"not_picked":["Leap","Gash"],"picked":"Barrage","floor":25.0},{"not_picked":["Hologram","Compile Driver+1"],"picked":"Cold Snap","floor":27.0},{"not_picked":["Barrage","Beam Cell+1"],"picked":"Recycle+1","floor":28.0},{"not_picked":["Turbo","Rebound"],"picked":"Chaos+1","floor":31.0},{"not_picked":["Echo Form","Seek"],"picked":"Meteor Strike","floor":33.0},{"not_picked":["Rebound+1","Cold Snap+1"],"picked":"Lockon+1","floor":35.0},{"not_picked":["Transmutation","Good Instincts"],"picked":"HandOfGreed","floor":36.0},{"not_picked":["Trip","Dramatic Entrance"],"picked":"Jack Of All Trades","floor":36.0},{"not_picked":["Mind Blast","Forethought"],"picked":"Secret Weapon","floor":36.0},{"not_picked":["Hologram+1","Conserve Battery+1"],"picked":"Storm+1","floor":37.0},{"not_picked":["Fusion","Rip and Tear"],"picked":"Undo+1","floor":39},{"not_picked":["Cold Snap+1","Beam Cell"],"picked":"BootSequence","floor":40}],"player_experience":541448,"relics_obtained":[{"floor":7.0,"key":"Dream Catcher"},{"floor":9.0,"key":"Juzu Bracelet"},{"floor":14.0,"key":"Smiling Mask"},{"floor":31.0,"key":"Whetstone"}],"event_choices":[{"damage_healed":0.0,"max_hp_gain":0.0,"max_hp_loss":0.0,"gold_gain":0.0,"event_name":"Scrap Ooze","player_choice":"Success","floor":5.0,"gold_loss":0.0,"damage_taken":12.0,"relics_obtained":["Bag of Marbles"]},{"damage_healed":0.0,"max_hp_gain":0.0,"max_hp_loss":0.0,"gold_gain":0.0,"event_name":"Golden Wing","player_choice":"Ignored","floor":11.0,"gold_loss":0.0,"damage_taken":0.0},{"damage_healed":0.0,"max_hp_gain":0.0,"max_hp_loss":0.0,"gold_gain":0.0,"event_name":"The Library","player_choice":"Read","floor":20.0,"gold_loss":0.0,"damage_taken":0.0,"cards_obtained":["Storm"]},{"damage_healed":0.0,"max_hp_gain":0.0,"max_hp_loss":0.0,"gold_gain":0.0,"event_name":"Back to Basics","player_choice":"Simplicity","floor":21.0,"gold_loss":0.0,"damage_taken":0.0,"cards_upgraded":["Strike_B","Strike_B","Strike_B","Strike_B","Defend_B","Defend_B","Defend_B","Defend_B"]},{"damage_healed":0.0,"max_hp_gain":0.0,"max_hp_loss":0.0,"gold_gain":0.0,"event_name":"Vampires","player_choice":"Ignored","floor":29.0,"gold_loss":0.0,"damage_taken":0.0},{"damage_healed":0.0,"max_hp_gain":0.0,"max_hp_loss":0.0,"gold_gain":0.0,"event_name":"SensoryStone","player_choice":"Memory 3","floor":36.0,"gold_loss":0.0,"damage_taken":10.0},{"damage_healed":0.0,"max_hp_gain":0.0,"max_hp_loss":0.0,"gold_gain":0.0,"event_name":"Mysterious Sphere","player_choice":"Ignored","floor":38.0,"gold_loss":0.0,"damage_taken":0.0}],"is_beta":false,"boss_relics":[{"not_picked":["Cursed Key","Busted Crown"],"picked":"Nuclear Battery"},{"not_picked":["Snecko Eye","Sozu"],"picked":"FrozenCore"}],"items_purged_floors":[],"is_endless":false,"potions_floor_spawned":[1,7,10,14,16,18,28,35],"killed_by":"Jaw Worm Horde","ascension_level":0}}