{"host":"dz7m90j62wguk81x","time":1610527176,"event":{"mods":["BaseMod","Colored Powertips","Downfall","Hermit","Marisa£®ÏF”Í°°ƒß¿Ì…≥£©","Minty Spire (QoL Compilation)","Reimu£®≤©¿ˆ¡È√Œ£©","Remilia£®¿Ÿ√◊¿Ú—«£©","Replay The Spire","StSLib","The Cursed","The Runesmith","The Servant 0.9.4","Youmu£®ªÍ∆«—˝√Œ£©","vexMod"],"gold_per_floor":[116,135,145,165,178,212,212,226,226,258,272,36,36,49,49,154,154,173,184,184,196,196,196,222,222,222,247,16,16,16,32,32,136,136,148,43,59,70,370,370,402,417,417,417,429,659,674,704,704,704,704,704,14,46,46],"floor_reached":56,"language":"ZHS","playtime":10060,"items_purged":[],"score":1366,"play_id":"11aeb18f-7cf0-4aa1-9a86-05903f438d79","local_time":"20210113163936","is_ascension_mode":false,"campfire_choices":[{"data":"HeavenGodSword","floor":7.0,"key":"SMITH"},{"data":"HellFireSword","floor":13.0,"key":"SMITH"},{"data":"SwordExtraction","floor":15.0,"key":"SMITH"},{"data":"HiganSword","floor":23.0,"key":"SMITH"},{"data":"SuddenPhantomFormationSlashOfKarmicWind","floor":25.0,"key":"SMITH"},{"floor":32.0,"key":"DIG"},{"data":"HumanGodSword","floor":40.0,"key":"SMITH"},{"floor":44.0,"key":"RECALL"},{"floor":49.0,"key":"REST"},{"data":"ReincarnationSword","floor":52.0,"key":"SMITH"}],"circlet_count":0,"master_deck":["Strike_YM","Strike_YM","Strike_YM","Strike_YM","Defend_YM","Defend_YM","Defend_YM","Defend_YM","SlashOfPresentWorld","WheelOfPainOfLivingAndDead","SwordExtraction+1","SpiritCuttingSword","HeavenGodSword+1","PretaSword","SuddenPhantomFormationSlashOfKarmicWind+1","GhostSword","TransmigrationSlash","HellFireSword+1","SlashOfMeditation+1","HiganSword+1","LifeCuttingSword+1","HellRealmSword+1","CrescentMoonSlash+1","SlashOfDelusionalInnerEye+1","ThreeKonsSevenHakus+1","Writhe","SuddenPhantomFormationSlashOfKarmicWind","HiganSword","HumanKnowledgeSword+1","AsuraSword","ThoughtCuttingSword+1","HumanGodSword+1","SlashOfDepartureFromHesitation+1","StrangeHalfBody","EchoesOfTheInclemencyOfAllBeings","CommonCold","Flash of Steel+1","Finesse","ReincarnationSword+1","Sadistic Nature","SanzenSekai+1","DispleasureOfTheSevenHakus","HesitationCuttingSword"],"relics":["HalfPhantom","vexMod:RedPlottingStone","Orichalcum","Molten Egg 2","vexMod:GhostlyGear","Cursed Key","MutagenicStrength","RuthlessExorcism:ReiMu","Tea:ReiMu","TentaclePot:ReiMu","StoneCalendar","Philosopher\u0027s Stone","Blue Doll","Pear","Lantern","CrazyTorch:ReiMu","vexMod:InvisibilityCloak","vexMod:FocusSash","ClockworkSouvenir","vexMod:Dragonfruit"],"acts_visited":["Exordium","TheCity","TheBeyond","TheEnding"],"potions_floor_usage":[55,55,55],"damage_taken":[{"damage":8.0,"enemies":"Jaw Worm","floor":1.0,"turns":6.0},{"damage":8.0,"enemies":"Small Slimes","floor":2.0,"turns":3.0},{"damage":1.0,"enemies":"Cultist","floor":3.0,"turns":4.0},{"damage":4.0,"enemies":"Exordium Wildlife","floor":4.0,"turns":4.0},{"damage":7.0,"enemies":"Exordium Thugs","floor":5.0,"turns":5.0},{"damage":3.0,"enemies":"HollowMod:MossKnight","floor":6.0,"turns":6.0},{"damage":0.0,"enemies":"Red Slaver","floor":8.0,"turns":3.0},{"damage":19.0,"enemies":"3 Sentries","floor":10.0,"turns":10.0},{"damage":8.0,"enemies":"3 Louse","floor":11.0,"turns":2.0},{"damage":3.0,"enemies":"Looter","floor":14.0,"turns":3.0},{"damage":12.0,"enemies":"The Guardian","floor":16.0,"turns":10.0},{"damage":3.0,"enemies":"Chosen","floor":18.0,"turns":4.0},{"damage":0.0,"enemies":"3 Byrds","floor":19.0,"turns":3.0},{"damage":0.0,"enemies":"Snecko","floor":21.0,"turns":3.0},{"damage":0.0,"enemies":"HollowMod:Nosk","floor":24.0,"turns":4.0},{"damage":1.0,"enemies":"Book of Stabbing","floor":27.0,"turns":4.0},{"damage":0.0,"enemies":"3 Cultists","floor":31.0,"turns":3.0},{"damage":18.0,"enemies":"Champ","floor":33.0,"turns":8.0},{"damage":19.0,"enemies":"3 Shapes","floor":35.0,"turns":2.0},{"damage":10.0,"enemies":"3 Darklings","floor":37.0,"turns":3.0},{"damage":16.0,"enemies":"Sphere and 2 Shapes","floor":38.0,"turns":4.0},{"damage":4.0,"enemies":"Reptomancer","floor":41.0,"turns":3.0},{"damage":18.0,"enemies":"Writhing Mass","floor":42.0,"turns":4.0},{"damage":5.0,"enemies":"Jaw Worm Horde","floor":45.0,"turns":3.0},{"damage":4.0,"enemies":"Nemesis","floor":46.0,"turns":5.0},{"damage":7.0,"enemies":"Spire Growth","floor":47.0,"turns":4.0},{"damage":37.0,"enemies":"Reptomancer","floor":48.0,"turns":6.0},{"damage":44.0,"enemies":"Awakened One","floor":50.0,"turns":10.0},{"damage":30.0,"enemies":"Shield and Spear","floor":54.0,"turns":5.0},{"damage":76,"enemies":"The Heart","floor":55,"turns":7}],"seed_played":"4991218436069522218","potions_obtained":[{"floor":3.0,"key":"champ:CounterPotion"},{"floor":6.0,"key":"Weak Potion"},{"floor":10.0,"key":"SkillPotion"},{"floor":21.0,"key":"LifebloodPotion"},{"floor":24.0,"key":"Swift Potion"},{"floor":27.0,"key":"SpeedPotion"},{"floor":41.0,"key":"GamblersBrew"},{"floor":45.0,"key":"Languid Potion"},{"floor":46.0,"key":"Adrenaline Potion"},{"floor":48.0,"key":"SkillPotion"}],"is_trial":false,"path_per_floor":["M","M","M","M","M","E","R","M","T","E","M","$","R","M","R","B",null,"M","M","?","M","?","R","E","R","T","E","$","?","?","M","R","B",null,"M","$","M","M","?","R","E","M","T","R","M","E","M","E","R","B",null,"R","$","E","B",null],"character_chosen":"YOUMU","items_purchased":["vexMod:GhostlyGear","HiganSword","TentaclePot:ReiMu","HiganSword","HumanKnowledgeSword+1","HumanGodSword","SlashOfDepartureFromHesitation+1","vexMod:FocusSash","Sadistic Nature","SanzenSekai+1","ClockworkSouvenir","Toxic Potion","Adrenaline Potion","DispleasureOfTheSevenHakus"],"campfire_rested":1,"item_purchase_floors":[12,12,28,28,28,36,36,53,53,53,53,53,53,53],"current_hp_per_floor":[74,66,65,61,54,51,51,51,51,47,51,51,51,48,48,36,82,79,79,79,82,82,82,82,82,82,81,81,81,81,81,82,64,82,63,63,53,49,49,49,45,36,46,46,41,57,50,25,55,25,102,102,102,77,1],"gold":46,"neow_bonus":"TEN_PERCENT_HP_BONUS","is_daily":false,"chose_seed":false,"campfire_upgraded":7,"win_rate":0.0,"timestamp":1610527176,"path_taken":["M","M","M","M","M","E","R","M","T","E","M","$","R","M","R","BOSS","M","M","?","M","?","R","E","R","T","E","$","?","?","M","R","BOSS","M","$","M","M","?","R","E","?","T","R","M","E","M","E","R","BOSS","R","$","E","BOSS"],"items_purchased_type":["Relic","Card","Relic","Card","Card","Card","Card","Relic","Card","Card","Relic","Potion","Potion","Card"],"build_version":"2020-12-22","purchased_purges":0,"victory":true,"max_hp_per_floor":[82,82,82,82,82,82,82,82,82,82,82,82,82,82,82,82,82,82,82,82,82,82,82,82,82,82,82,82,82,82,82,82,82,82,82,82,82,82,82,82,82,82,92,92,92,102,102,102,102,102,102,102,102,107,107],"card_choices":[{"not_picked":["HumanKnowledgeSword","TwoHundredYojanaInOneSlash"],"picked":"SwordExtraction","floor":1.0},{"not_picked":["PhosphoricSlash","SlashOfMeditation"],"picked":"SpiritCuttingSword","floor":2.0},{"not_picked":["ThreeKonsSevenHakus","AsTheSilentNirvana"],"picked":"HeavenGodSword","floor":3.0},{"not_picked":["GhostSword","SpiritCuttingSword"],"picked":"PretaSword","floor":4.0},{"not_picked":["SpiritCuttingSword","FlashingScatteredFlowers"],"picked":"SuddenPhantomFormationSlashOfKarmicWind","floor":5.0},{"not_picked":["LowerRealmReflectionSlash","SwordOfBindingDesires"],"picked":"GhostSword","floor":6.0},{"not_picked":["KarmicPunishmentOfTheIdleAndUnfocused","ObsessionSword"],"picked":"TransmigrationSlash","floor":8.0},{"not_picked":["DeadlyForm","ObsessionWithThePresentWorld"],"picked":"HellFireSword","floor":10.0},{"not_picked":["TenKingsRetributionOnThePreta+1","SlashClearingTheSixSenses+1"],"picked":"SlashOfMeditation+1","floor":11.0},{"not_picked":["TwoHundredYojanaInOneSlash+1","SwordOfBindingDesires"],"picked":"LifeCuttingSword+1","floor":14.0},{"not_picked":["FastingOfTheYoungPreta","AsuraSword"],"picked":"HellRealmSword+1","floor":16.0},{"not_picked":["SpiritCuttingSword+1","TenKingsRetributionOnThePreta+1","PhosphoricSlash+1"],"picked":"SKIP","floor":18.0},{"not_picked":["ConstancyOfTheConventionalTruth","DoubleWheelOfPain"],"picked":"CrescentMoonSlash+1","floor":19.0},{"not_picked":["SpiritMediumsBind","LowerRealmReflectionSlash+1"],"picked":"SlashOfDelusionalInnerEye+1","floor":21.0},{"not_picked":["SlashClearingTheSixSenses+1","SpiritCuttingSword"],"picked":"ThreeKonsSevenHakus+1","floor":24.0},{"not_picked":["DispleasureOfTheSevenHakus+1","LifeCuttingSword+1"],"picked":"SuddenPhantomFormationSlashOfKarmicWind","floor":27.0},{"not_picked":["PhosphoricSlash+1","ThreeKonsSevenHakus","LowerRealmReflectionSlash+1"],"picked":"SKIP","floor":31.0},{"not_picked":["ReincarnationSword","FastingOfTheYoungPreta"],"picked":"AsuraSword","floor":33.0},{"not_picked":["LowerRealmReflectionSlash+1","HumanKnowledgeSword+1"],"picked":"ThoughtCuttingSword+1","floor":35.0},{"not_picked":["LifeCuttingSword+1","SlashOfMeditation+1","ThoughtCuttingSword+1"],"picked":"SKIP","floor":37.0},{"not_picked":["FlashingScatteredFlowers+1","LifeCuttingSword+1","SpiritMediumsBind"],"picked":"SKIP","floor":38.0},{"not_picked":["CrescentMoonSlash+1","FiveSignsOfTheDyingDeva+1"],"picked":"StrangeHalfBody","floor":41.0},{"not_picked":["CherryBlossomFlashing+1","LifeCuttingSword+1"],"picked":"EchoesOfTheInclemencyOfAllBeings","floor":42.0},{"not_picked":["FlashingScatteredFlowers+1","ConstancyOfTheConventionalTruth+1","HellGodSword+1"],"picked":"SKIP","floor":45.0},{"not_picked":["SlashOfMeditation+1","ConstancyOfTheConventionalTruth+1","PhosphoricSlash+1"],"picked":"SKIP","floor":46.0},{"not_picked":["DispleasureOfTheSevenHakus","TwoHundredYojanaInOneSlash+1"],"picked":"ReincarnationSword","floor":47.0},{"not_picked":["SlashClearingTheSixSenses+1","SwordOfBindingDesires","IrresoluteSoul"],"picked":"SKIP","floor":48.0},{"not_picked":["SlashOfDepartureFromHesitation+1","SwordOfBindingDesires+1"],"picked":"HesitationCuttingSword","floor":54.0}],"player_experience":384264,"relics_obtained":[{"floor":6.0,"key":"vexMod:RedPlottingStone"},{"floor":9.0,"key":"Orichalcum"},{"floor":10.0,"key":"Molten Egg 2"},{"floor":24.0,"key":"RuthlessExorcism:ReiMu"},{"floor":27.0,"key":"Tea:ReiMu"},{"floor":32.0,"key":"StoneCalendar"},{"floor":41.0,"key":"Blue Doll"},{"floor":43.0,"key":"Pear"},{"floor":46.0,"key":"CrazyTorch:ReiMu"},{"floor":48.0,"key":"vexMod:InvisibilityCloak"},{"floor":54.0,"key":"vexMod:Dragonfruit"}],"event_choices":[{"damage_healed":0.0,"max_hp_gain":0.0,"max_hp_loss":0.0,"gold_gain":0.0,"event_name":"Vampires","player_choice":"Ignored","floor":20.0,"gold_loss":0.0,"damage_taken":0.0},{"damage_healed":0.0,"max_hp_gain":0.0,"max_hp_loss":0.0,"gold_gain":0.0,"event_name":"Drug Dealer","player_choice":"Inject Mutagens","floor":22.0,"gold_loss":0.0,"damage_taken":0.0,"relics_obtained":["MutagenicStrength"]},{"damage_healed":0.0,"max_hp_gain":0.0,"max_hp_loss":0.0,"gold_gain":0.0,"event_name":"Cursed Tome","player_choice":"Ignored","floor":29.0,"gold_loss":0.0,"damage_taken":0.0},{"damage_healed":0.0,"max_hp_gain":0.0,"max_hp_loss":0.0,"gold_gain":300.0,"event_name":"Wheel of Change","player_choice":"Gold","floor":39.0,"gold_loss":0.0,"damage_taken":0.0}],"is_beta":false,"boss_relics":[{"not_picked":["SacredBark","Coffee Dripper"],"picked":"Cursed Key"},{"not_picked":["vexMod:RockOfEvil","Calling Bell"],"picked":"Philosopher\u0027s Stone"}],"items_purged_floors":[],"is_endless":false,"potions_floor_spawned":[3,6,10,11,16,19,21,24,27,37,41,45,46,48,54],"ascension_level":0}}