{"host":"iq6tbtp5mk4vf216","time":1610539124,"event":{"mods":["BaseMod","BetterRewards","Colored Map","Colored Powertips","Downfall","Duelist Mod","Hubris","Infinite Spire","Minty Spire (QoL Compilation)","Rare Cards Sparkle","Replay The Spire","StSLib"],"gold_per_floor":[138,138,152,179,198,228,228,257,257,289,289,317,343,376,376,474,474,484,484,566,576,318,350,530,530,554,554,566,566,196,228,228,332,332,350,350,350,350,350,350,378,18,18,34,69,69,115,128,128,224,224,220,220,225,29,31,55,55,69,142,121,121],"floor_reached":61,"language":"ENG","playtime":5409,"items_purged":["Pain","theDuelist:CurseAnubis"],"score":1278,"play_id":"7a06e5ed-93df-4171-b4cf-913784e2a2b5","local_time":"20210113045844","is_ascension_mode":true,"campfire_choices":[{"floor":7,"key":"REST"},{"data":"theDuelist:ToonWorld","floor":11,"key":"SMITH"},{"floor":15,"key":"REST"},{"floor":25,"key":"REST"},{"floor":27,"key":"REST"},{"floor":29,"key":"REST"},{"data":"theDuelist:TrapHole","floor":32,"key":"SMITH"},{"floor":40,"key":"REST"},{"floor":46,"key":"RECALL"},{"floor":58,"key":"REST"}],"circlet_count":0,"master_deck":["theDuelist:Nameless:Magic:GravityLash","theDuelist:CastleWalls","theDuelist:CastleWalls","theDuelist:MangaRyuRan","theDuelist:Sparks","theDuelist:Sparks","theDuelist:Sparks","theDuelist:ToonAncientGear","theDuelist:ToonMermaid","theDuelist:ToonSummonedSkull","theDuelist:TrapHole+1","theDuelist:ToonDarkMagician+1","theDuelist:ComicHand","theDuelist:ToonAncientGear+1","theDuelist:PotGenerosity+1","theDuelist:ToonDarkMagicianGirl","theDuelist:ToonBarrelDragon","theDuelist:RedEyesToon","theDuelist:BlueEyesToon+1","theDuelist:ToonMagic+1","theDuelist:DarkFactory","theDuelist:ToonGeminiElf","theDuelist:SwordsConcealing","theDuelist:ToonDefense","theDuelist:UltraPolymerization","theDuelist:SwordsConcealing","theDuelist:ToonMagic","theDuelist:ToonMermaid+1","theDuelist:GracefulCharity","theDuelist:ToonRollback+1","theDuelist:TributeDoomed","theDuelist:ToonDefense","theDuelist:ToonGoblin","theDuelist:ComicHand","theDuelist:ToonRollback","theDuelist:BigKoala","theDuelist:FeatherShot","theDuelist:ToonTable","theDuelist:ToonMaskedSorcerer","theDuelist:OrbMetronome","theDuelist:SwordsConcealing","theDuelist:BlueEyesToon+1","theDuelist:ToonKingdom+1","theDuelist:ToonMermaid","theDuelist:WingedKuriboh","theDuelist:BlackPendant+1","theDuelist:RedEyesToon+1","theDuelist:ToonMagic","infinitespire:Fortify","theDuelist:TrapHole+1","Parasite","theDuelist:TributeDoomed+1","theDuelist:MagicCylinder+1","theDuelist:ToonCannonSoldier+1","theDuelist:UltraPolymerization+1","theDuelist:ToonCannonSoldier","ReplayTheSpireMod:Private Reserves","theDuelist:GreyGreedOni+1"],"relics":["theDuelist:MillenniumPuzzle","theDuelist:CardPoolRelic","theDuelist:CardPoolBasicRelic","theDuelist:BoosterPackPoolRelic","theDuelist:CardPoolAddRelic","theDuelist:CardPoolMinusRelic","theDuelist:CardPoolSaveRelic","theDuelist:CardPoolOptionsRelic","Oddly Smooth Stone","theDuelist:MillenniumArmor","hubris:OldNail","Blue Doll","Juzu Bracelet","theDuelist:DuelistUrn","BranchBurnRelic","Ancient Tea Set","theDuelist:ZoneToken","theDuelist:SpellMaxHPRelic","Busted Crown","theDuelist:CardRewardRelicH","Gremlin Food","War Paint","infinitespire:Freezer","Bag of Marbles","infinitespire:Satchel","Ooze Armor","WarpedTongs","hubris:Towel","theDuelist:BoosterPackHealer","Pondfish Scales","King of Hearts","Akabeko","Sozu","theDuelist:MillenniumRod","Mirror","Ginger","Replay:Bottled Flurry"],"acts_visited":["Exordium","TheCity","TheBeyond","Exordium"],"potions_floor_usage":[10,12,14,23,23,31,33,33,50,50],"damage_taken":[{"damage":13,"enemies":"Jaw Worm","floor":1,"turns":2},{"damage":0,"enemies":"infinitespire:Voidling","floor":3,"turns":2},{"damage":0,"enemies":"Small Slimes","floor":5,"turns":3},{"damage":15,"enemies":"Gremlin Nob","floor":6,"turns":4},{"damage":16,"enemies":"Lagavulin","floor":8,"turns":4},{"damage":9,"enemies":"Gremlin Nob","floor":10,"turns":4},{"damage":13,"enemies":"3 Sentries","floor":12,"turns":3},{"damage":10,"enemies":"Lagavulin","floor":14,"turns":3},{"damage":6,"enemies":"The Guardian","floor":16,"turns":5},{"damage":4,"enemies":"Spheric Guardian","floor":18,"turns":4},{"damage":9,"enemies":"3 Byrds","floor":21,"turns":3},{"damage":42,"enemies":"Gremlin Leader","floor":23,"turns":6},{"damage":16,"enemies":"Shelled Parasite and Fungi","floor":28,"turns":3},{"damage":0,"enemies":"theDuelist:KaibaA2","floor":31,"turns":4},{"damage":58,"enemies":"Collector","floor":33,"turns":8},{"damage":16,"enemies":"3 Darklings","floor":35,"turns":3},{"damage":45,"enemies":"Nemesis","floor":41,"turns":5},{"damage":0,"enemies":"Orb Walker","floor":44,"turns":3},{"damage":30,"enemies":"Nightmare","floor":45,"turns":8},{"damage":6,"enemies":"Writhing Mass","floor":48,"turns":3},{"damage":8,"enemies":"infinitespire:MassOfShapes","floor":50,"turns":6},{"damage":11,"enemies":"Jaw Worm","floor":52,"turns":3},{"damage":14,"enemies":"Small Slimes","floor":54,"turns":2},{"damage":0,"enemies":"2 Louse","floor":56,"turns":3},{"damage":3,"enemies":"Gremlin Nob","floor":57,"turns":3},{"damage":9,"enemies":"3 Sentries","floor":59,"turns":4},{"damage":101,"enemies":"Nightmare","floor":61,"turns":4}],"seed_played":"-2963112011569305289","potions_obtained":[{"floor":1,"key":"theDuelist:MegaupgradePotion"},{"floor":10,"key":"theDuelist:TokenPotionB"},{"floor":12,"key":"PowerPotion"},{"floor":16,"key":"SteroidPotion"},{"floor":18,"key":"theDuelist:IcePotion"},{"floor":21,"key":"LiquidBronze"},{"floor":23,"key":"EssenceOfSteel"},{"floor":44,"key":"theDuelist:WhiteBottle"},{"floor":48,"key":"theDuelist:IcePotion"}],"is_trial":false,"path_per_floor":["M","?","M","T","M","E","R","E","T","E","R","E","T","E","R","B",null,"M","?","?","M","$","E","?","R","T","R","M","R","$","E","R","B",null,"M","?","?","?","?","R","E","$","T","M","NM","R","T","M","R_BF","B",null,"M","?","M","$","M","E","R","E","T","NM"],"character_chosen":"THE_DUELIST","items_purchased":["theDuelist:TrapHole","Oddly Smooth Stone","theDuelist:ToonDarkMagician","theDuelist:ComicHand","theDuelist:ToonAncientGear","theDuelist:CardRewardRelicH","infinitespire:Freezer","Bag of Marbles","theDuelist:ToonTable","Pondfish Scales","ReplayTheSpireMod:Private Reserves"],"campfire_rested":7,"item_purchase_floors":[0,0,0,0,0,22,30,30,30,42,55],"current_hp_per_floor":[67,61,61,61,61,46,70,54,54,45,45,41,41,33,57,77,82,79,79,82,75,75,43,12,38,38,64,58,84,85,90,90,40,91,76,76,76,76,76,92,54,54,54,55,34,34,34,42,42,57,95,86,86,75,75,81,84,96,96,96,0,0],"gold":121,"neow_bonus":"","is_daily":false,"chose_seed":false,"campfire_upgraded":2,"win_rate":0.0,"timestamp":1610539124,"path_taken":["M","?","M","?","M","E","R","E","T","E","R","E","?","E","R","BOSS","M","?","?","M","?","E","?","R","T","R","M","R","$","E","R","BOSS","M","?","?","?","?","R","E","$","T","M","NM","R","?","M","R_BF","BOSS","M","?","M","?","M","E","R","E","T","NM"],"items_purchased_type":["Card","Relic","Card","Card","Card","Relic","Relic","Relic","Card","Relic","Card"],"build_version":"2020-12-22","purchased_purges":2,"victory":false,"max_hp_per_floor":[80,80,80,80,80,80,80,80,80,80,80,80,80,80,80,82,82,83,83,86,86,86,88,88,88,88,88,89,89,90,90,90,91,91,92,92,92,92,92,92,92,92,92,93,94,94,94,95,95,95,95,95,95,96,96,96,96,96,96,96,96,96],"card_choices":[{"not_picked":["theDuelist:FeatherShot","theDuelist:ObeliskTormentor","theDuelist:PotForbidden","theDuelist:WingedKuribohLv10"],"picked":"theDuelist:PotGenerosity","floor":1},{"not_picked":["theDuelist:GiantTrunade","theDuelist:ToonDarkMagician"],"picked":"theDuelist:ToonDarkMagicianGirl","floor":1},{"not_picked":["theDuelist:MangaRyuRan","theDuelist:CheerfulCoffin","theDuelist:ToonMermaid","theDuelist:ToonMagic"],"picked":"theDuelist:ToonBarrelDragon","floor":3},{"not_picked":["theDuelist:ToonBarrelDragon","theDuelist:FlyingSaucer"],"picked":"theDuelist:RedEyesToon","floor":3},{"not_picked":["theDuelist:SpellShatteringArrow","theDuelist:MangaRyuRan","theDuelist:ToonMermaid","theDuelist:ToonBarrelDragon"],"picked":"theDuelist:BlueEyesToon","floor":5},{"not_picked":["theDuelist:ToonTable","theDuelist:ToonAncientGear"],"picked":"theDuelist:ToonMagic","floor":5},{"not_picked":["theDuelist:WormKing","theDuelist:WormApocalypse","theDuelist:MagicalStone","theDuelist:BattleOx"],"picked":"theDuelist:DarkFactory","floor":6},{"not_picked":["theDuelist:RedEyesToon","theDuelist:ToonDarkMagicianGirl","theDuelist:FlyingSaucer"],"picked":"SKIP","floor":6},{"not_picked":["theDuelist:ToonDarkMagicianGirl","theDuelist:ToonMaskedSorcerer","theDuelist:RainbowKuriboh","theDuelist:RainbowOverdragon"],"picked":"theDuelist:ToonGeminiElf","floor":8},{"not_picked":["theDuelist:AncientGearFist","theDuelist:ToonAncientGear","theDuelist:CheerfulCoffin"],"picked":"SKIP","floor":8},{"not_picked":["theDuelist:ToonGoblin","theDuelist:MangaRyuRan"],"picked":"theDuelist:SwordsConcealing","floor":10},{"not_picked":["theDuelist:ToonMermaid","theDuelist:FlyingSaucer","theDuelist:ToonBarrelDragon","theDuelist:SpellShatteringArrow","theDuelist:CheerfulCoffin"],"picked":"SKIP","floor":10},{"not_picked":["theDuelist:SpellShatteringArrow","theDuelist:CheerfulCoffin","theDuelist:FlyingSaucer","theDuelist:ToonMermaid"],"picked":"SKIP","floor":12},{"not_picked":["theDuelist:SpellShatteringArrow","theDuelist:MangaRyuRan","theDuelist:ToonMermaid"],"picked":"SKIP","floor":12},{"not_picked":["theDuelist:RedEyesToon","theDuelist:SpellShatteringArrow"],"picked":"theDuelist:ToonDefense","floor":14},{"not_picked":["theDuelist:SpellShatteringArrow","theDuelist:FlyingSaucer","theDuelist:ToonAncientGear","theDuelist:CheerfulCoffin","theDuelist:MangaRyuRan"],"picked":"SKIP","floor":14},{"not_picked":["theDuelist:Mathematician","theDuelist:MillenniumShield","theDuelist:ObeliskTormentor","theDuelist:WingedKuribohLv10"],"picked":"theDuelist:UltraPolymerization","floor":16},{"not_picked":["theDuelist:FeatherShot","theDuelist:HeartUnderdog"],"picked":"theDuelist:SwordsConcealing","floor":16},{"not_picked":[],"picked":"theDuelist:ToonMagic","floor":18},{"not_picked":["theDuelist:MangaRyuRan","theDuelist:RedEyesToon"],"picked":"theDuelist:ToonMermaid","floor":18},{"not_picked":[],"picked":"theDuelist:GracefulCharity","floor":20},{"not_picked":[],"picked":"theDuelist:ToonRollback","floor":20},{"not_picked":[],"picked":"theDuelist:TributeDoomed","floor":20},{"not_picked":["theDuelist:AncientGearFist+1","theDuelist:FeatherShot+1"],"picked":"theDuelist:ToonDefense","floor":21},{"not_picked":["theDuelist:ToonSummonedSkull"],"picked":"SKIP","floor":21},{"not_picked":["theDuelist:SpellShatteringArrow","theDuelist:CheerfulCoffin"],"picked":"theDuelist:ComicHand","floor":23},{"not_picked":[],"picked":"theDuelist:ToonRollback","floor":23},{"not_picked":["theDuelist:SwordsConcealing","theDuelist:HeartUnderdog+1"],"picked":"theDuelist:FeatherShot","floor":28},{"not_picked":["theDuelist:MangaRyuRan"],"picked":"SKIP","floor":28},{"not_picked":[],"picked":"theDuelist:ToonMaskedSorcerer","floor":31},{"not_picked":["theDuelist:RedEyesToon","theDuelist:CheerfulCoffin","theDuelist:ToonAncientGear"],"picked":"SKIP","floor":31},{"not_picked":["theDuelist:ForbiddenLance","theDuelist:SlotMachine"],"picked":"theDuelist:OrbMetronome","floor":33},{"not_picked":[],"picked":"theDuelist:SwordsConcealing","floor":33},{"not_picked":["theDuelist:RainbowKuriboh","theDuelist:RedHeadedOni"],"picked":"theDuelist:BlueEyesToon+1","floor":35},{"not_picked":[],"picked":"theDuelist:ToonKingdom+1","floor":35},{"not_picked":["theDuelist:EvilswarmHeliotrope","theDuelist:ForbiddenChalice"],"picked":"theDuelist:WingedKuriboh","floor":41},{"not_picked":["theDuelist:CheerfulCoffin"],"picked":"SKIP","floor":41},{"not_picked":["theDuelist:MudragonSwamp","theDuelist:OneForOne+1"],"picked":"theDuelist:BlackPendant+1","floor":44},{"not_picked":[],"picked":"theDuelist:RedEyesToon+1","floor":44},{"not_picked":["theDuelist:ToonWorld","theDuelist:ToonRollback"],"picked":"theDuelist:ToonMagic","floor":45},{"not_picked":["infinitespire:DeathsTouch","infinitespire:NeuralNetwork"],"picked":"infinitespire:Fortify","floor":45},{"not_picked":[],"picked":"theDuelist:TrapHole+1","floor":45},{"not_picked":["theDuelist:ToonMagic","theDuelist:FeatherShot+1"],"picked":"theDuelist:TributeDoomed+1","floor":48},{"not_picked":["theDuelist:MangaRyuRan"],"picked":"SKIP","floor":48},{"not_picked":["theDuelist:Blockman+1","theDuelist:YamiForm"],"picked":"theDuelist:MagicCylinder+1","floor":50},{"not_picked":["theDuelist:TrapHole+1","theDuelist:ToonBriefcase+1","theDuelist:ToonWorld+1"],"picked":"theDuelist:ToonCannonSoldier+1","floor":52},{"not_picked":["theDuelist:ToonAncientGear"],"picked":"SKIP","floor":52},{"not_picked":["theDuelist:SwordsConcealing+1","theDuelist:YellowBelliedOni+1"],"picked":"theDuelist:UltraPolymerization+1","floor":54},{"not_picked":[],"picked":"theDuelist:ToonCannonSoldier","floor":54},{"not_picked":["theDuelist:GaiaMidNightSun+1","theDuelist:BigEye+1","theDuelist:Mudora+1"],"picked":"SKIP","floor":56},{"not_picked":["theDuelist:RedEyesToon"],"picked":"SKIP","floor":56},{"not_picked":["theDuelist:BlueEyesToon+1","theDuelist:RainbowKuriboh+1"],"picked":"theDuelist:GreyGreedOni+1","floor":57},{"not_picked":["theDuelist:RedEyesToon"],"picked":"SKIP","floor":57},{"not_picked":["theDuelist:GracefulCharity+1","theDuelist:ToonMermaid+1","theDuelist:ToonSummonedSkull+1"],"picked":"SKIP","floor":59},{"not_picked":["theDuelist:FlyingSaucer"],"picked":"SKIP","floor":59}],"player_experience":666568,"relics_obtained":[{"floor":4,"key":"hubris:OldNail"},{"floor":6,"key":"Blue Doll"},{"floor":8,"key":"Dead Branch"},{"floor":9,"key":"Juzu Bracelet"},{"floor":10,"key":"theDuelist:DuelistUrn"},{"floor":12,"key":"Ancient Tea Set"},{"floor":13,"key":"theDuelist:ZoneToken"},{"floor":14,"key":"theDuelist:SpellMaxHPRelic"},{"floor":23,"key":"Gremlin Food"},{"floor":26,"key":"War Paint"},{"floor":31,"key":"infinitespire:Satchel"},{"floor":41,"key":"theDuelist:BoosterPackHealer"},{"floor":45,"key":"King of Hearts"},{"floor":47,"key":"Akabeko"},{"floor":57,"key":"Mirror"},{"floor":59,"key":"Ginger"},{"floor":60,"key":"Replay:Bottled Flurry"}],"event_choices":[{"damage_healed":0,"gold_gain":0,"player_choice":"Dig - random Duelist relic","duelist":true,"damage_taken":0,"max_hp_gain":0,"max_hp_loss":0,"event_name":"Aknamkanon\u0027s Tomb","floor":2,"gold_loss":0},{"damage_healed":0,"gold_gain":0,"player_choice":"Ignored","damage_taken":0,"max_hp_gain":0,"max_hp_loss":0,"event_name":"Ghosts","floor":19,"gold_loss":0},{"damage_healed":0,"gold_gain":180,"player_choice":"CARD GOLD POTION GOLD ","damage_taken":31,"max_hp_gain":0,"max_hp_loss":0,"event_name":"Knowing Skull","floor":24,"potions_obtained":["theDuelist:TokenPotion"],"gold_loss":0,"cards_obtained":["theDuelist:BigKoala"]},{"damage_healed":0,"gold_gain":0,"player_choice":"Ignored","damage_taken":0,"max_hp_gain":0,"max_hp_loss":0,"event_name":"Tomb of Lord Red Mask","floor":36,"gold_loss":0},{"damage_healed":0,"gold_gain":0,"player_choice":"Rummage","damage_taken":0,"relics_obtained":["WarpedTongs"],"max_hp_gain":0,"max_hp_loss":0,"event_name":"Accursed Blacksmith","floor":37,"gold_loss":0,"cards_obtained":["Pain"]},{"damage_healed":0,"gold_gain":0,"player_choice":"Traded Toon World for Gravity Lash","duelist":true,"damage_taken":0,"max_hp_gain":0,"max_hp_loss":0,"event_name":"Card Trader","floor":49,"gold_loss":0},{"damage_healed":0,"gold_gain":0,"player_choice":"Took item - Received: Millennium Rod","duelist":true,"damage_taken":0,"max_hp_gain":0,"max_hp_loss":0,"event_name":"Millennium Items","floor":53,"gold_loss":0}],"is_beta":false,"boss_relics":[{"not_picked":["hubris:VirtuousBlindfold","infinitespire:Cupcake"],"picked":"Busted Crown"},{"not_picked":["theDuelist:GamblerChip","hubris:RunicObelisk"],"picked":"Ooze Armor"},{"not_picked":["Honey Jar","infinitespire:Burning Sword"],"picked":"Sozu"}],"items_purged_floors":[42,55],"is_endless":true,"potions_floor_spawned":[1,10,12,16,18,21,23,44,48,59],"killed_by":"Nightmare","ascension_level":1}}