{"host":"6dypmz777xraikqf","time":1610497129,"event":{"mods":["AchievementEnabler","BaseMod","BetterRewards","Colored Map","Colored Powertips","Downfall","Highlight Path","Hubris","Infinite Spire","Minty Spire (QoL Compilation)","Replay The Spire","StSLib"],"gold_per_floor":[117,117,117,130,148,148,180,180,204,238,42,75,4,4,4,101,101,111,111,128,128,146,146,146,176,176,208,223,241,241,273,273,373,373,391,410,410,2,22,22,41,41,115,128,159,214,226,246,246,342,342,342],"floor_reached":51,"language":"ENG","playtime":2530,"items_purged":["Strike_G","Strike_G"],"score":1474,"play_id":"3a0548eb-02e4-450c-a2b1-f61368b3970e","local_time":"20210113001849","is_ascension_mode":true,"campfire_choices":[{"floor":6,"key":"REST"},{"floor":8,"key":"REST"},{"data":"Infinite Blades","floor":15,"key":"SMITH"},{"data":"A Thousand Cuts","floor":23,"key":"SMITH"},{"data":"Accuracy","floor":30,"key":"SMITH"},{"data":"Noxious Fumes","floor":32,"key":"SMITH"},{"data":"Adrenaline","floor":40,"key":"SMITH"},{"data":"Choke","floor":42,"key":"SMITH"},{"data":"Prepared","floor":49,"key":"SMITH"}],"circlet_count":0,"master_deck":["Strike_G","Strike_G","Strike_G+1","Defend_G+1","Defend_G+1","Defend_G+1","Defend_G+1","Defend_G+1","Survivor","Neutralize","Infinite Blades+1","Hidden Blade","Prepared","Underhanded Strike","Dagger Throw","Blade Dance","Cloak And Dagger+1","Envenom+1","Sucker Punch","Escape Plan","Caltrops","Dash","Prepared+1","Accuracy+1","A Thousand Cuts+1","Cloak And Dagger+1","Blade Dance+1","Cloak And Dagger+1","Deflect+1","Choke+1","Noxious Fumes+1","Adrenaline+1","Infinite Blades+1","ReplayTheSpireMod:Scrap Shanks","Prepared+1","Fluid Movement","Caltrops","Flying Knee+1","Crippling Poison+1","Dagger Spray","Blade Dance+1","Wraith Form v2"],"relics":["Ring of the Snake","Orrery","Basket Of Snakes","Snack Pack","hubris:CuriousFeather","Replay:Bottled Eggs","Bird Faced Urn","infinitespire:Lucky Rock","Vajra","ReplayTheSpireMod:TigerMarble","Tiny Chest","Coffee Dripper","Replay:Blank Codex","Replay:Ringing Soul","hubris:TenFootPole","hubris:Zylophone","hubris:AncientText","Blue Doll","Replay:Bronze Core","The Courier","infinitespire:Satchel","Eternal Feather","The Specimen","Smiling Mask","Sozu"],"acts_visited":["Exordium","TheCity","TheBeyond","Exordium"],"potions_floor_usage":[7,16,16,25,27,31,33,36,50,50,50],"damage_taken":[{"damage":2,"enemies":"Small Slimes","floor":1,"turns":2},{"damage":3,"enemies":"Jaw Worm","floor":4,"turns":4},{"damage":0,"enemies":"Cultist","floor":5,"turns":2},{"damage":10,"enemies":"Gremlin Nob","floor":7,"turns":3},{"damage":13,"enemies":"3 Sentries","floor":10,"turns":5},{"damage":4,"enemies":"Lagavulin","floor":12,"turns":4},{"damage":28,"enemies":"Hexaghost","floor":16,"turns":5},{"damage":0,"enemies":"Spheric Guardian","floor":18,"turns":3},{"damage":10,"enemies":"2 Thieves","floor":20,"turns":2},{"damage":12,"enemies":"Snake Plant","floor":22,"turns":3},{"damage":0,"enemies":"Gremlin Leader","floor":25,"turns":3},{"damage":41,"enemies":"Nightmare","floor":27,"turns":5},{"damage":0,"enemies":"Centurion and Healer","floor":28,"turns":2},{"damage":3,"enemies":"Chosen and Byrds","floor":29,"turns":3},{"damage":19,"enemies":"Slavers","floor":31,"turns":4},{"damage":45,"enemies":"Champ","floor":33,"turns":5},{"damage":2,"enemies":"Orb Walker","floor":35,"turns":2},{"damage":10,"enemies":"3 Darklings","floor":36,"turns":2},{"damage":2,"enemies":"Sphere and 2 Shapes","floor":39,"turns":3},{"damage":13,"enemies":"Maw","floor":41,"turns":4},{"damage":23,"enemies":"4 Shapes","floor":44,"turns":2},{"damage":37,"enemies":"Nemesis","floor":45,"turns":5},{"damage":15,"enemies":"3 Darklings","floor":47,"turns":3},{"damage":20,"enemies":"Jaw Worm Horde","floor":48,"turns":2},{"damage":65,"enemies":"Awakened One","floor":50,"turns":6}],"seed_played":"-907399022968497888","potions_obtained":[{"floor":3,"key":"Swift Potion"},{"floor":3,"key":"SmokeBomb"},{"floor":3,"key":"champ:CounterPotion"},{"floor":4,"key":"SpeedPotion"},{"floor":5,"key":"Elixir"},{"floor":10,"key":"SneckoOil"},{"floor":27,"key":"AttackPotion"},{"floor":28,"key":"SkillPotion"},{"floor":29,"key":"Explosive Potion"},{"floor":33,"key":"Elixir"},{"floor":35,"key":"Swift Potion"},{"floor":39,"key":"ColorlessPotion"},{"floor":41,"key":"AttackPotion"},{"floor":50,"key":"AttackPotion"}],"is_trial":false,"path_per_floor":["M","?","?","M","M","R","E","R","T","E","$","E","$","?","R","B",null,"M","?","M","?","M","R","T","E","T","NM","M","M","R","E","R","B",null,"M","M","?","$","M","R","M","R","T","M","E","T","M","M","R","B",null],"character_chosen":"THE_SILENT","items_purchased":["Orrery","Blade Dance","Snack Pack","Cloak And Dagger","Envenom","Replay:Bottled Eggs","ReplayTheSpireMod:TigerMarble","Prepared","Accuracy","ReplayTheSpireMod:Scrap Shanks","Prepared+1","infinitespire:Satchel","Fluid Movement","Caltrops"],"campfire_rested":2,"item_purchase_floors":[0,0,0,0,0,0,11,11,13,38,38,38,38,38],"current_hp_per_floor":[23,23,23,22,26,47,41,62,62,59,59,67,67,53,53,43,63,70,70,64,48,48,48,48,60,60,42,57,65,65,60,60,42,72,83,79,79,82,88,88,88,88,88,72,68,68,70,69,93,60,92,92],"gold":342,"neow_bonus":"","is_daily":false,"chose_seed":false,"campfire_upgraded":7,"win_rate":0.0,"timestamp":1610497129,"path_taken":["M","?","?","?","?","R","E","R","T","E","?","E","$","?","R","BOSS","M","?","M","?","M","R","?","E","T","NM","?","M","R","E","R","BOSS","M","M","?","$","?","R","M","R","T","M","E","?","M","?","R","BOSS"],"items_purchased_type":["Relic","Card","Relic","Card","Card","Relic","Relic","Card","Card","Card","Card","Relic","Card","Card"],"build_version":"2020-12-22","purchased_purges":2,"victory":false,"max_hp_per_floor":[70,70,70,70,70,70,70,70,70,70,70,70,70,70,70,70,70,70,70,70,70,70,70,70,70,70,73,76,79,79,79,79,82,82,85,85,85,88,88,88,88,88,88,91,94,94,97,100,100,103,103,103],"card_choices":[{"not_picked":["Dagger Throw","Endless Agony"],"picked":"Infinite Blades","floor":0},{"not_picked":["Tools of the Trade","Outmaneuver"],"picked":"Hidden Blade","floor":0},{"not_picked":["Flechettes","ReplayTheSpireMod:The Works"],"picked":"Prepared","floor":0},{"not_picked":["Dodge and Roll","Quick Slash"],"picked":"Underhanded Strike","floor":0},{"not_picked":["Riddle With Holes","Heel Hook"],"picked":"Dagger Throw","floor":0},{"not_picked":["Deadly Poison","All Out Attack","hubris:Counter"],"picked":"SKIP","floor":1},{"not_picked":["Doppelganger","Dodge and Roll"],"picked":"Sucker Punch","floor":4},{"not_picked":["Poisoned Stab","Prepared"],"picked":"Escape Plan","floor":5},{"not_picked":["ReplayTheSpireMod:Speed Training","Dagger Throw"],"picked":"Caltrops","floor":7},{"not_picked":["Deadly Poison","Deflect"],"picked":"Dash","floor":10},{"not_picked":["PiercingWail","hubris:SlightOfHand","Draining Mist"],"picked":"SKIP","floor":12},{"not_picked":["Die Die Die","Night Terror"],"picked":"A Thousand Cuts","floor":16},{"not_picked":["Prepared","hubris:SlightOfHand"],"picked":"Cloak And Dagger+1","floor":18},{"not_picked":["Slice","Underhanded Strike"],"picked":"Blade Dance+1","floor":20},{"not_picked":["Heel Hook+1","Deadly Poison"],"picked":"Cloak And Dagger+1","floor":22},{"not_picked":["Burst","Deadly Poison","Heel Hook+1"],"picked":"SKIP","floor":25},{"not_picked":["Underhanded Strike","ReplayTheSpireMod:Speed Training"],"picked":"Deflect+1","floor":27},{"not_picked":["Flying Knee","Venomology"],"picked":"Choke","floor":28},{"not_picked":["Dodge and Roll","Flying Knee"],"picked":"Noxious Fumes","floor":29},{"not_picked":["Deadly Poison","Riddle With Holes","Slice"],"picked":"SKIP","floor":31},{"not_picked":["ReplayTheSpireMod:Necrosis","Storm of Steel"],"picked":"Adrenaline","floor":33},{"not_picked":["Sucker Punch","Well Laid Plans+1"],"picked":"Infinite Blades+1","floor":35},{"not_picked":["Flechettes","PiercingWail","Backstab+1"],"picked":"SKIP","floor":36},{"not_picked":["Catalyst","Slice","Hidden Blade"],"picked":"SKIP","floor":39},{"not_picked":["Flechettes+1","Underhanded Strike+1","Dodge and Roll+1"],"picked":"SKIP","floor":41},{"not_picked":["Slice+1","Underhanded Strike"],"picked":"Flying Knee+1","floor":44},{"not_picked":["Slice+1","Deadly Poison"],"picked":"Crippling Poison+1","floor":45},{"not_picked":["Blur","Slice"],"picked":"Dagger Spray","floor":47},{"not_picked":["Underhanded Strike","Heel Hook"],"picked":"Blade Dance+1","floor":48},{"not_picked":["Grand Finale","Tools of the Trade"],"picked":"Wraith Form v2","floor":50}],"player_experience":150027,"relics_obtained":[{"floor":7,"key":"Bird Faced Urn"},{"floor":9,"key":"infinitespire:Lucky Rock"},{"floor":10,"key":"Vajra"},{"floor":12,"key":"Tiny Chest"},{"floor":21,"key":"Replay:Blank Codex"},{"floor":24,"key":"Replay:Ringing Soul"},{"floor":25,"key":"hubris:TenFootPole"},{"floor":26,"key":"hubris:Zylophone"},{"floor":27,"key":"hubris:AncientText"},{"floor":31,"key":"Blue Doll"},{"floor":43,"key":"Eternal Feather"},{"floor":45,"key":"The Specimen"},{"floor":46,"key":"Smiling Mask"}],"event_choices":[{"damage_healed":0,"gold_gain":0,"player_choice":"Got Potions","damage_taken":0,"max_hp_gain":0,"max_hp_loss":0,"event_name":"Lab","floor":3,"gold_loss":0},{"damage_healed":0,"gold_gain":0,"player_choice":"Entered Light","damage_taken":14,"max_hp_gain":0,"max_hp_loss":0,"event_name":"Shining Light","floor":14,"gold_loss":0,"cards_upgraded":["Strike_G","Cloak And Dagger"]},{"damage_healed":0,"gold_gain":0,"player_choice":"Ignored","damage_taken":0,"max_hp_gain":0,"max_hp_loss":0,"event_name":"Ghosts","floor":19,"gold_loss":0},{"damage_healed":0,"gold_gain":0,"player_choice":"Obtained Book","damage_taken":16,"max_hp_gain":0,"max_hp_loss":0,"event_name":"Cursed Tome","floor":21,"gold_loss":0},{"damage_healed":0,"gold_gain":0,"player_choice":"Gave Potion","damage_taken":0,"relics_obtained":["The Courier"],"max_hp_gain":0,"max_hp_loss":0,"event_name":"WeMeetAgain","floor":37,"gold_loss":0}],"is_beta":false,"boss_relics":[{"not_picked":["hubris:GrandSneckoEye","Ring of Chaos"],"picked":"Coffee Dripper"},{"not_picked":["Fusion Hammer","hubris:Stopwatch"],"picked":"Replay:Bronze Core"},{"not_picked":["hubris:ScarierMask","hubris:RunicObelisk"],"picked":"Sozu"}],"items_purged_floors":[0,38],"is_endless":true,"potions_floor_spawned":[4,5,10,12,27,28,29,33,35,39,41,50],"ascension_level":9}}