{"host":"vfg9szunmpjwj08o","time":1610542423,"event":{"mods":["Act Like it!","BaseMod","Challenge The Spire","Colored Map","Colored Powertips","Conspire","Dark Map","Fox Events","Minty Spire (QoL Compilation)","StSLib","Waifu the Spire"],"gold_per_floor":[111,121,146,156,171,171,56,86,112,112,127,127,127,127],"floor_reached":13,"language":"ENG","playtime":298,"items_purged":["Strike_B"],"score":166,"play_id":"840233a5-b5f7-419d-8cc3-0a5c39fe0be9","local_time":"20210113135343","is_ascension_mode":true,"campfire_choices":[{"data":"Zap","floor":6,"key":"SMITH"},{"data":"Dualcast","floor":12,"key":"SMITH"}],"circlet_count":0,"master_deck":["AscendersBane","Strike_B","Strike_B","Strike_B","Defend_B","Defend_B","Defend_B","Defend_B","Zap+1","Dualcast+1","FTL","Sunder","Conserve Battery","Redo+1","Scrape","Gash"],"relics":["Cracked Core","NeowsBlessing","Juzu Bracelet","Omamori"],"acts_visited":["Exordium"],"potions_floor_usage":[8,13],"damage_taken":[{"damage":0,"enemies":"2 Louse","floor":1,"turns":1},{"damage":0,"enemies":"Jaw Worm","floor":2,"turns":1},{"damage":0,"enemies":"conspire:MimicChest","floor":3,"turns":1},{"damage":0,"enemies":"conspire:RoseBush","floor":4,"turns":3},{"damage":29,"enemies":"Gremlin Gang","floor":5,"turns":3},{"damage":8,"enemies":"Gremlin Nob","floor":8,"turns":3},{"damage":15,"enemies":"Large Slime","floor":11,"turns":4},{"damage":20,"enemies":"3 Sentries","floor":13,"turns":3}],"seed_played":"-4152193150469321154","potions_obtained":[{"floor":2,"key":"SteroidPotion"},{"floor":4,"key":"Dexterity Potion"},{"floor":5,"key":"Strength Potion"},{"floor":11,"key":"Dexterity Potion"}],"is_trial":false,"path_per_floor":["M","M","?","M","M","R","$","E","T","?","M","R","E"],"character_chosen":"DEFECT","items_purchased":["Scrape"],"campfire_rested":0,"item_purchase_floors":[7],"current_hp_per_floor":[64,64,64,64,35,35,35,27,27,27,12,12,0,0],"gold":127,"neow_bonus":"THREE_ENEMY_KILL","is_daily":false,"chose_seed":false,"campfire_upgraded":2,"win_rate":0.0,"timestamp":1610542423,"path_taken":["M","M","?","M","M","R","?","E","T","?","M","R","E"],"items_purchased_type":["Card"],"build_version":"2020-12-22","purchased_purges":1,"victory":false,"max_hp_per_floor":[71,71,71,71,71,71,71,71,71,71,71,71,71,71],"card_choices":[{"not_picked":["Rebound","Redo"],"picked":"FTL","floor":1},{"not_picked":["Reinforced Body","Doom and Gloom"],"picked":"Sunder","floor":2},{"not_picked":["Beam Cell","Barrage"],"picked":"Conserve Battery","floor":3},{"not_picked":["Barrage","Stack"],"picked":"Redo","floor":4},{"not_picked":["Ball Lightning","Conserve Battery","Blizzard"],"picked":"SKIP","floor":5},{"not_picked":["Streamline","Leap","Rebound"],"picked":"SKIP","floor":8},{"not_picked":["Turbo","Leap"],"picked":"Gash","floor":11}],"player_experience":1060691,"relics_obtained":[{"floor":3,"key":"Juzu Bracelet"},{"floor":8,"key":"Omamori"}],"event_choices":[{"damage_healed":0,"gold_gain":0,"player_choice":"Upgraded","damage_taken":0,"max_hp_gain":0,"max_hp_loss":0,"event_name":"Upgrade Shrine","floor":10,"gold_loss":0,"cards_upgraded":["Redo"]}],"is_beta":false,"boss_relics":[],"items_purged_floors":[7],"is_endless":false,"potions_floor_spawned":[2,4,5,11],"killed_by":"3 Sentries","ascension_level":19}}