{"host":"c2zlmc1hlq0427cl","time":1610504487,"event":{"mods":["100% Spire Juice","BaseMod","Hermit","Minty Spire (QoL Compilation)","Replay The Spire","StSLib","The Hayseed","The Senshi"],"gold_per_floor":[110,126,140,215,262,262,295,295,295,320,320,349,368,368,368,468,468,486,486,45,45,45,45,79,92,146,146,146,161,161,28,28,126,126,145,145,145,159,171,171,171,171],"floor_reached":41,"language":"ENG","playtime":2731,"items_purged":[],"score":475,"play_id":"024195d6-165b-4ff6-aa60-95fd0534af54","local_time":"20210112202127","is_ascension_mode":false,"campfire_choices":[{"data":"theSenshi:MoonPrincessHalation","floor":6,"key":"SMITH"},{"data":"theSenshi:MoonPrismPowerMakeUp","floor":8,"key":"SMITH"},{"data":"theSenshi:SailorStarHealerAssists","floor":15,"key":"SMITH"},{"data":"theSenshi:TallSilhouette","floor":23,"key":"SMITH"},{"floor":27,"key":"REST"},{"data":"theSenshi:SailorKick","floor":30,"key":"PURGE"},{"data":"theSenshi:SailorKick","floor":32,"key":"PURGE"},{"floor":40,"key":"REST"}],"circlet_count":0,"master_deck":["theSenshi:SailorBlock","theSenshi:SailorBlock","theSenshi:SailorBlock","theSenshi:RoseThrow","theSenshi:MoonPrismPowerMakeUp+1","theSenshi:MoonHealingEscalation+1","theSenshi:MoonPrincessHalation+1","theSenshi:TuxedoSmokingBomber","theSenshi:MoonSpiralHeartAttack","theSenshi:TallSilhouette+1","theSenshi:SailorStarHealerAssists+1","theSenshi:MoonGorgeousMeditation","theSenshi:SailorV+1","theSenshi:MoonsReflection","theSenshi:SailorNeptuneAssists","theSenshi:MoonCrisisMakeUp+1","theSenshi:MoonCosmicPowerMakeUp","theSenshi:MoonCosmicPowerMakeUp","theSenshi:RainbowMoonHeartAche","theSenshi:JupitersPower","theSenshi:SailorMercuryAssists","Finesse","theSenshi:CrisisMakeUp+1"],"relics":["theSenshi:TransformationBroochRelic","Strawberry","Ornamental Fan","theSenshi:EternalTiareRelic","Juzu Bracelet","Shuriken","Peace Pipe","Replay:Bronze Core","Bag of Marbles","Mirror","MealTicket","Mummified Hand","Dream Catcher","Empty Cage"],"acts_visited":["Exordium","TheCity","TheBeyond"],"potions_floor_usage":[10,16,25,33],"damage_taken":[{"damage":0,"enemies":"2 Louse","floor":1,"turns":3},{"damage":2,"enemies":"Jaw Worm","floor":2,"turns":5},{"damage":4,"enemies":"Cultist","floor":3,"turns":4},{"damage":13,"enemies":"Replay:BlueRogue","floor":7,"turns":7},{"damage":31,"enemies":"Lagavulin","floor":10,"turns":7},{"damage":6,"enemies":"Gremlin Nob","floor":12,"turns":3},{"damage":2,"enemies":"Large Slime","floor":13,"turns":6},{"damage":40,"enemies":"Hexaghost","floor":16,"turns":13},{"damage":10,"enemies":"Spheric Guardian","floor":18,"turns":5},{"damage":56,"enemies":"Gremlin Leader","floor":24,"turns":8},{"damage":0,"enemies":"2 Thieves","floor":25,"turns":4},{"damage":8,"enemies":"3 Cultists","floor":29,"turns":6},{"damage":1,"enemies":"Champ","floor":33,"turns":11},{"damage":0,"enemies":"Orb Walker","floor":35,"turns":4},{"damage":17,"enemies":"3 Shapes","floor":38,"turns":7},{"damage":45,"enemies":"Maw","floor":39,"turns":10},{"damage":99,"enemies":"Reptomancer","floor":41,"turns":4}],"seed_played":"3100719386653885408","potions_obtained":[{"floor":1,"key":"Weak Potion"},{"floor":2,"key":"Regen Potion"},{"floor":24,"key":"Energy Potion"},{"floor":25,"key":"Strength Potion"},{"floor":38,"key":"Adrenaline Potion"}],"is_trial":false,"path_per_floor":["M","M","M","?","T","R","E","R","T","E","?","E","M","?","R","B",null,"M","?","$","?","?","R","E","M","T","R","?","M","R","$","R","B",null,"M","?","?","M","M","R","E"],"character_chosen":"THE_SENSHI","items_purchased":["Bag of Marbles","Mirror","theSenshi:MoonsReflection","theSenshi:MoonCosmicPowerMakeUp","theSenshi:RainbowMoonHeartAche"],"campfire_rested":2,"item_purchase_floors":[20,20,20,31,31],"current_hp_per_floor":[82,82,82,71,78,78,67,67,67,61,58,52,50,55,55,20,94,84,78,78,78,94,94,43,53,53,81,81,78,78,93,93,93,94,94,94,94,77,57,85,0,0],"gold":171,"neow_bonus":"TEN_PERCENT_HP_BONUS","is_daily":false,"chose_seed":false,"campfire_upgraded":4,"win_rate":0.0,"timestamp":1610504487,"path_taken":["M","M","M","?","?","R","E","R","T","E","?","E","M","?","R","BOSS","M","?","?","?","?","R","E","M","T","R","?","M","R","?","R","BOSS","M","?","?","M","M","R","E"],"items_purchased_type":["Relic","Relic","Card","Card","Card"],"build_version":"2020-12-22","purchased_purges":0,"victory":false,"max_hp_per_floor":[82,82,82,82,89,89,89,89,89,89,89,89,89,94,94,94,94,94,94,94,94,94,94,94,94,94,94,94,94,94,94,94,94,94,94,94,94,94,94,94,94,94],"card_choices":[{"not_picked":["theSenshi:PlutosSolemnity","theSenshi:SailorStarMakerAssists"],"picked":"theSenshi:MoonHealingEscalation","floor":1},{"not_picked":["theSenshi:MoonsReflection","theSenshi:EncouragingSpeech"],"picked":"theSenshi:MoonPrincessHalation","floor":2},{"not_picked":["theSenshi:LateForSchool","theSenshi:SailorMarsAssists"],"picked":"theSenshi:TuxedoSmokingBomber","floor":3},{"not_picked":["theSenshi:SailorNeptuneAssists","theSenshi:SupersonicWaves"],"picked":"theSenshi:MoonlightKnight","floor":7},{"not_picked":["theSenshi:LateForSchool","theSenshi:SchoolBag"],"picked":"theSenshi:MoonSpiralHeartAttack","floor":10},{"not_picked":["theSenshi:RainbowMoonHeartAche","theSenshi:Sidestep"],"picked":"theSenshi:TallSilhouette","floor":12},{"not_picked":["theSenshi:SailorStarFighterAssists","theSenshi:SchoolBag"],"picked":"theSenshi:SailorStarHealerAssists","floor":13},{"not_picked":["theSenshi:LunaSensingAllies","theSenshi:StudyParty"],"picked":"theSenshi:MoonGorgeousMeditation","floor":16},{"not_picked":["theSenshi:TuxedoSmokingBomber+1","theSenshi:SchoolBag"],"picked":"theSenshi:SailorV+1","floor":18},{"not_picked":["theSenshi:MoonTiaraMagic","theSenshi:TallSilhouette"],"picked":"theSenshi:SailorNeptuneAssists","floor":24},{"not_picked":["theSenshi:TuxedoMaskAssists","theSenshi:SailorChibiMoonAssists","theSenshi:EncouragingSpeech"],"picked":"SKIP","floor":25},{"not_picked":["theSenshi:FatedKiss","theSenshi:MoonTiaraMagic"],"picked":"theSenshi:MoonCrisisMakeUp+1","floor":27},{"not_picked":["theSenshi:SailorChibiMoonAssists","theSenshi:MoonKick","theSenshi:SailorVenusAssists"],"picked":"SKIP","floor":29},{"not_picked":["theSenshi:SailorPlutoAssists","theSenshi:StudyParty"],"picked":"theSenshi:JupitersPower","floor":33},{"not_picked":["theSenshi:Sidestep","theSenshi:SailorVenusAssists+1","theSenshi:TuxedoSmokingBomber"],"picked":"SKIP","floor":35},{"not_picked":["Bandage Up","Deep Breath"],"picked":"Finesse","floor":37},{"not_picked":["theSenshi:TuxedoSmokingBomber+1","theSenshi:SailorV+1"],"picked":"theSenshi:CrisisMakeUp+1","floor":38},{"not_picked":["theSenshi:MoonlightKnight","theSenshi:SteeledNerves+1","theSenshi:SailorVenusAssists"],"picked":"SKIP","floor":39}],"player_experience":35474,"relics_obtained":[{"floor":5,"key":"Strawberry"},{"floor":7,"key":"Ornamental Fan"},{"floor":9,"key":"theSenshi:EternalTiareRelic"},{"floor":10,"key":"Juzu Bracelet"},{"floor":12,"key":"Peace Pipe"},{"floor":24,"key":"Mummified Hand"},{"floor":26,"key":"Dream Catcher"}],"event_choices":[{"damage_healed":0,"gold_gain":75,"player_choice":"Gather Gold","damage_taken":11,"max_hp_gain":0,"max_hp_loss":0,"event_name":"World of Goop","floor":4,"gold_loss":0},{"damage_healed":0,"gold_gain":0,"player_choice":"Success","damage_taken":3,"relics_obtained":["Shuriken"],"max_hp_gain":0,"max_hp_loss":0,"event_name":"Scrap Ooze","floor":11,"gold_loss":0},{"damage_healed":0,"gold_gain":0,"player_choice":"Donut","damage_taken":0,"max_hp_gain":5,"max_hp_loss":0,"event_name":"Big Fish","floor":14,"gold_loss":0},{"damage_healed":0,"gold_gain":0,"player_choice":"","damage_taken":6,"max_hp_gain":0,"max_hp_loss":0,"event_name":"Knowing Skull","floor":19,"potions_obtained":[],"gold_loss":0,"cards_obtained":[]},{"cards_removed":["theSenshi:MoonlightKnight"],"damage_healed":16,"gold_gain":0,"player_choice":"Offered Uncommon","damage_taken":0,"max_hp_gain":0,"max_hp_loss":0,"event_name":"Bonfire Elementals","floor":22,"gold_loss":0},{"damage_healed":0,"gold_gain":0,"player_choice":"Forge","damage_taken":0,"max_hp_gain":0,"max_hp_loss":0,"event_name":"Accursed Blacksmith","floor":28,"gold_loss":0,"cards_upgraded":["theSenshi:MoonHealingEscalation"]},{"damage_healed":0,"gold_gain":0,"cards_transformed":["theSenshi:SailorBlock"],"player_choice":"Transformed","damage_taken":0,"max_hp_gain":0,"max_hp_loss":0,"event_name":"Transmorgrifier","floor":36,"gold_loss":0,"cards_obtained":["theSenshi:SailorMercuryAssists"]},{"damage_healed":0,"gold_gain":0,"player_choice":"Memory 1","damage_taken":0,"max_hp_gain":0,"max_hp_loss":0,"event_name":"SensoryStone","floor":37,"gold_loss":0}],"is_beta":false,"boss_relics":[{"not_picked":["Replay:Grab Bag","SlaversCollar"],"picked":"Replay:Bronze Core"},{"not_picked":["Kintsugi","Tiny House"],"picked":"Empty Cage"}],"items_purged_floors":[],"is_endless":false,"potions_floor_spawned":[1,2,24,25,38],"killed_by":"Reptomancer","ascension_level":0}}