{"host":"c97twqu0op5dg8i4","time":1610498397,"event":{"mods":["AchievementEnabler","BaseMod","Colored Map","Minty Spire (QoL Compilation)","Permanent Neow"],"gold_per_floor":[117,117,42,55,74,104,104,116,140,155,155,187,199,176,188,304,316,347,359,371,393,211,211,242,242,269,302,316,336,356,356,356,356,356],"floor_reached":33,"language":"ENG","playtime":961,"items_purged":["Strike_P","Strike_P"],"score":400,"play_id":"2027dad3-722c-4189-95e5-bc26dcb2503c","local_time":"20210112193957","is_ascension_mode":true,"campfire_choices":[{"data":"Eruption","floor":7,"key":"SMITH"},{"data":"PathToVictory","floor":15,"key":"SMITH"},{"floor":23,"key":"REST"},{"data":"Judgement","floor":25,"key":"SMITH"},{"floor":32,"key":"REST"}],"circlet_count":0,"master_deck":["Strike_P","Defend_P","Defend_P","Defend_P","Defend_P","Eruption+1","Vigilance","PathToVictory+1","WindmillStrike","FlurryOfBlows","BowlingBash","PathToVictory","Consecrate","EmptyBody","Judgement+1","Evaluate","Judgement","PathToVictory"],"relics":["PureWater","Omamori","Bag of Marbles","Smiling Mask","Art of War","Regal Pillow","MawBank","VioletLotus","ClockworkSouvenir","Ancient Tea Set","Akabeko","Darkstone Periapt"],"acts_visited":["Exordium","TheCity"],"potions_floor_usage":[12,21,30,33,33],"damage_taken":[{"damage":0,"enemies":"Cultist","floor":1,"turns":2},{"damage":1,"enemies":"Small Slimes","floor":4,"turns":3},{"damage":0,"enemies":"2 Louse","floor":5,"turns":2},{"damage":7,"enemies":"Lagavulin","floor":6,"turns":5},{"damage":4,"enemies":"2 Fungi Beasts","floor":8,"turns":2},{"damage":2,"enemies":"Exordium Wildlife","floor":10,"turns":3},{"damage":28,"enemies":"Gremlin Nob","floor":12,"turns":4},{"damage":12,"enemies":"The Guardian","floor":16,"turns":9},{"damage":16,"enemies":"Shell Parasite","floor":18,"turns":5},{"damage":11,"enemies":"3 Byrds","floor":21,"turns":3},{"damage":0,"enemies":"Gremlin Leader","floor":24,"turns":3},{"damage":2,"enemies":"Slavers","floor":27,"turns":5},{"damage":3,"enemies":"Centurion and Healer","floor":28,"turns":3},{"damage":4,"enemies":"Snecko","floor":29,"turns":4},{"damage":13,"enemies":"Snake Plant","floor":30,"turns":3},{"damage":76,"enemies":"Champ","floor":33,"turns":8}],"seed_played":"-1576526696983229251","potions_obtained":[{"floor":4,"key":"GamblersBrew"},{"floor":5,"key":"ColorlessPotion"},{"floor":10,"key":"Fire Potion"},{"floor":12,"key":"DuplicationPotion"},{"floor":27,"key":"Ancient Potion"},{"floor":28,"key":"SkillPotion"},{"floor":30,"key":"LiquidBronze"}],"is_trial":false,"path_per_floor":["M","?","$","M","M","E","R","M","T","M","?","E","?","?","R","B",null,"M","?","?","M","$","R","E","R","T","E","M","M","M","?","R","B"],"character_chosen":"WATCHER","items_purchased":["ClockworkSouvenir"],"campfire_rested":2,"item_purchase_floors":[22],"current_hp_per_floor":[72,72,72,71,71,64,64,60,60,58,58,30,23,41,41,29,61,45,45,32,21,21,59,59,59,59,57,54,50,37,37,75,0,0],"gold":356,"neow_bonus":"RANDOM_COMMON_RELIC","is_daily":false,"chose_seed":false,"campfire_upgraded":3,"win_rate":0.0,"timestamp":1610498397,"path_taken":["M","?","$","M","?","E","R","M","T","M","?","E","?","?","R","BOSS","M","?","?","?","$","R","E","R","T","E","M","M","M","?","R","BOSS"],"items_purchased_type":["Relic"],"build_version":"2020-12-22","purchased_purges":2,"victory":false,"max_hp_per_floor":[72,72,72,72,72,72,72,72,72,72,72,72,72,72,72,72,72,72,72,77,77,77,77,77,77,77,77,77,77,77,77,77,77,77],"card_choices":[{"not_picked":["EmptyBody","CrushJoints"],"picked":"PathToVictory","floor":1},{"not_picked":["SashWhip","Vengeance"],"picked":"WindmillStrike","floor":4},{"not_picked":["Halt","Crescendo"],"picked":"FlurryOfBlows","floor":5},{"not_picked":["Establishment","Weave"],"picked":"BowlingBash","floor":6},{"not_picked":["SandsOfTime","BowlingBash"],"picked":"PathToVictory","floor":8},{"not_picked":["ThirdEye","Indignation"],"picked":"Consecrate","floor":10},{"not_picked":["JustLucky","CutThroughFate"],"picked":"EmptyBody","floor":12},{"not_picked":["MasterReality","ConjureBlade"],"picked":"Judgement","floor":16},{"not_picked":["BowlingBash","Halt","Weave"],"picked":"SKIP","floor":18},{"not_picked":["Crescendo+1","WheelKick","ClearTheMind"],"picked":"SKIP","floor":21},{"not_picked":["ThirdEye","SandsOfTime+1"],"picked":"Evaluate","floor":24},{"not_picked":["ClearTheMind","ReachHeaven"],"picked":"Judgement","floor":27},{"not_picked":["Prostrate","BowlingBash+1","EmptyMind"],"picked":"SKIP","floor":28},{"not_picked":["Adaptation","ThirdEye","WaveOfTheHand"],"picked":"SKIP","floor":29},{"not_picked":["CrushJoints","FlyingSleeves","WreathOfFlame"],"picked":"SKIP","floor":30}],"player_experience":238339,"relics_obtained":[{"floor":2,"key":"Bag of Marbles"},{"floor":6,"key":"Smiling Mask"},{"floor":9,"key":"Art of War"},{"floor":12,"key":"MawBank"},{"floor":24,"key":"Ancient Tea Set"},{"floor":26,"key":"Akabeko"},{"floor":27,"key":"Darkstone Periapt"}],"event_choices":[{"damage_healed":0,"gold_gain":0,"player_choice":"Relic","damage_taken":0,"max_hp_gain":0,"max_hp_loss":0,"event_name":"Wheel of Change","floor":2,"gold_loss":0},{"damage_healed":0,"gold_gain":0,"player_choice":"Searched \u00271\u0027 times","damage_taken":0,"relics_obtained":["Regal Pillow"],"max_hp_gain":0,"max_hp_loss":0,"event_name":"Dead Adventurer","floor":11,"gold_loss":0},{"cards_removed":["Strike_P"],"damage_healed":0,"gold_gain":0,"player_choice":"Card Removal","damage_taken":7,"max_hp_gain":0,"max_hp_loss":0,"event_name":"Golden Wing","floor":13,"gold_loss":0},{"damage_healed":18,"gold_gain":0,"player_choice":"Healed","damage_taken":0,"max_hp_gain":0,"max_hp_loss":0,"event_name":"The Cleric","floor":14,"gold_loss":35},{"damage_healed":0,"gold_gain":0,"player_choice":"Ignored","damage_taken":0,"max_hp_gain":0,"max_hp_loss":0,"event_name":"Vampires","floor":19,"gold_loss":0},{"damage_healed":0,"gold_gain":0,"player_choice":"Shed Blood","damage_taken":18,"max_hp_gain":5,"max_hp_loss":0,"event_name":"Forgotten Altar","floor":20,"gold_loss":0},{"damage_healed":0,"gold_gain":0,"player_choice":"Read","damage_taken":0,"max_hp_gain":0,"max_hp_loss":0,"event_name":"The Library","floor":31,"gold_loss":0,"cards_obtained":["PathToVictory"]}],"is_beta":false,"boss_relics":[{"not_picked":["Ectoplasm","Fusion Hammer"],"picked":"VioletLotus"}],"items_purged_floors":[3,22],"is_endless":false,"potions_floor_spawned":[4,5,10,12,27,28,30],"killed_by":"Champ","ascension_level":5}}