{"host":"03a85bwj0a5skoit","time":1610543235,"event":{"mods":["BaseMod","Block Reminder","Minty Spire (QoL Compilation)","Relic Stats","StSLib"],"gold_per_floor":[114,124,124,89,59,59,84,96,143,68,68,99,99,99,99,173,173,188,12,28,28,43,43,121,139,186,202,232,248,50,77,77,77,77],"floor_reached":33,"language":"ENG","playtime":1263,"items_purged":["Reinforced Body","Regret"],"score":586,"play_id":"23d4b0bd-3ce2-4e23-a27f-a316586d4f61","local_time":"20210113233715","is_ascension_mode":true,"campfire_choices":[{"data":"Zap","floor":6,"key":"SMITH"},{"data":"Sweeping Beam","floor":11,"key":"SMITH"},{"data":"Genetic Algorithm","floor":15,"key":"SMITH"},{"data":"Creative AI","floor":23,"key":"SMITH"},{"data":"Ghostly","floor":32,"key":"SMITH"}],"circlet_count":0,"master_deck":["AscendersBane","Zap+1","Dualcast+1","Auto Shields","Reboot","Rebound+1","Cold Snap","Conserve Battery","Coolheaded","Compile Driver","Sweeping Beam+1","Gash","Self Repair","Loop","Genetic Algorithm+1","Creative AI+1","Self Repair","Leap","Ghostly","Ghostly","Ghostly+1","Gash+1","Gash","Conserve Battery","Aggregate","Conserve Battery","Panache","Glacier"],"relics":["Pandora\u0027s Box","Strawberry","DataDisk","Symbiotic Virus","Ginger","Coffee Dripper","Darkstone Periapt","Happy Flower","Blue Candle","Thread and Needle"],"acts_visited":["Exordium","TheCity"],"potions_floor_usage":[7,16,28],"damage_taken":[{"damage":3,"enemies":"Jaw Worm","floor":1,"turns":5},{"damage":0,"enemies":"2 Louse","floor":2,"turns":3},{"damage":3,"enemies":"Lagavulin","floor":7,"turns":4},{"damage":0,"enemies":"Small Slimes","floor":8,"turns":2},{"damage":12,"enemies":"3 Sentries","floor":12,"turns":7},{"damage":52,"enemies":"The Guardian","floor":16,"turns":8},{"damage":26,"enemies":"2 Thieves","floor":18,"turns":4},{"damage":16,"enemies":"Shell Parasite","floor":20,"turns":4},{"damage":21,"enemies":"Snake Plant","floor":22,"turns":4},{"damage":4,"enemies":"Shelled Parasite and Fungi","floor":25,"turns":6},{"damage":0,"enemies":"Centurion and Healer","floor":27,"turns":5},{"damage":23,"enemies":"Gremlin Leader","floor":28,"turns":8},{"damage":0,"enemies":"Sentry and Sphere","floor":29,"turns":6},{"damage":31,"enemies":"Slavers","floor":31,"turns":6},{"damage":26,"enemies":"Collector","floor":33,"turns":7}],"seed_played":"-2699523523908352335","potions_obtained":[{"floor":5,"key":"FearPotion"},{"floor":5,"key":"EssenceOfDarkness"},{"floor":8,"key":"SpeedPotion"},{"floor":16,"key":"DuplicationPotion"}],"is_trial":false,"path_per_floor":["M","M","?","?","?","R","E","M","T","$","R","E","?","?","R","B",null,"M","$","M","?","M","R","T","M","T","M","E","M","$","E","R","B"],"character_chosen":"DEFECT","items_purchased":["Self Repair","Panache"],"campfire_rested":0,"item_purchase_floors":[19,30],"current_hp_per_floor":[61,61,40,57,57,57,61,61,61,61,61,56,56,56,56,11,61,42,42,40,39,25,25,25,35,35,39,30,39,39,22,22,0,0],"gold":77,"neow_bonus":"BOSS_RELIC","is_daily":false,"chose_seed":false,"campfire_upgraded":5,"win_rate":0.0,"timestamp":1610543235,"path_taken":["M","M","?","?","?","R","E","?","T","$","R","E","?","?","R","BOSS","M","$","M","?","M","R","?","M","T","?","E","M","$","E","R","BOSS"],"items_purchased_type":["Card","Card"],"build_version":"2020-12-22","purchased_purges":2,"victory":false,"max_hp_per_floor":[71,71,71,71,71,71,78,78,78,78,78,78,78,78,78,78,78,78,78,78,39,39,39,39,39,39,39,39,39,39,39,39,39,39],"relic_stats":{"Darkstone Periapt":0,"Happy Flower":[10],"counters":[15,79],"Blue Candle":[1],"Pandora\u0027s Box":["Auto Shields","Reboot","Rebound","Reinforced Body","Cold Snap","Conserve Battery","Steam","Coolheaded"],"Ginger":[11],"obtain_stats":[{"Darkstone Periapt":24,"DataDisk":9,"Happy Flower":26,"Strawberry":7,"Blue Candle":28,"Pandora\u0027s Box":0,"Thread and Needle":31,"Coffee Dripper":17,"Ginger":13,"Cracked Core":0,"Symbiotic Virus":12},{"Darkstone Periapt":9,"DataDisk":4,"Happy Flower":10,"Strawberry":3,"Blue Candle":12,"Pandora\u0027s Box":0,"Thread and Needle":14,"Coffee Dripper":6,"Ginger":5,"Cracked Core":0,"Symbiotic Virus":5},{"Darkstone Periapt":41,"DataDisk":14,"Happy Flower":47,"Strawberry":12,"Blue Candle":60,"Pandora\u0027s Box":0,"Thread and Needle":72,"Coffee Dripper":29,"Ginger":21,"Cracked Core":0,"Symbiotic Virus":21}]},"card_choices":[{"not_picked":["Rebound","Steam"],"picked":"Compile Driver","floor":1},{"not_picked":["Hologram","Heatsinks"],"picked":"Sweeping Beam","floor":2},{"not_picked":["Redo","Streamline"],"picked":"Gash","floor":7},{"not_picked":["Streamline","Sweeping Beam"],"picked":"Self Repair","floor":8},{"not_picked":["Reinforced Body","Leap"],"picked":"Loop","floor":12},{"not_picked":["Multi-Cast","Core Surge"],"picked":"Creative AI","floor":16},{"not_picked":["Heatsinks","Steam Power","Beam Cell"],"picked":"SKIP","floor":18},{"not_picked":["Doom and Gloom","Hologram"],"picked":"Leap","floor":20},{"not_picked":["Hologram","Consume"],"picked":"Gash+1","floor":22},{"not_picked":["Hyperbeam","Barrage"],"picked":"Gash","floor":25},{"not_picked":["Stack","Rebound"],"picked":"Conserve Battery","floor":27},{"not_picked":["Sweeping Beam","FTL"],"picked":"Aggregate","floor":28},{"not_picked":["Sweeping Beam","Compile Driver"],"picked":"Conserve Battery","floor":29},{"not_picked":["Cold Snap","Stack"],"picked":"Glacier","floor":31}],"player_experience":2338426,"relics_obtained":[{"floor":7,"key":"Strawberry"},{"floor":9,"key":"DataDisk"},{"floor":12,"key":"Symbiotic Virus"},{"floor":24,"key":"Darkstone Periapt"},{"floor":26,"key":"Happy Flower"},{"floor":28,"key":"Blue Candle"},{"floor":31,"key":"Thread and Needle"}],"event_choices":[{"damage_healed":0,"gold_gain":0,"player_choice":"Entered Light","damage_taken":21,"max_hp_gain":0,"max_hp_loss":0,"event_name":"Shining Light","floor":3,"gold_loss":0,"cards_upgraded":["Dualcast","Rebound"]},{"damage_healed":17,"gold_gain":0,"player_choice":"Healed","damage_taken":0,"max_hp_gain":0,"max_hp_loss":0,"event_name":"The Cleric","floor":4,"gold_loss":35},{"damage_healed":0,"gold_gain":0,"player_choice":"Bought 2 Potions","damage_taken":0,"max_hp_gain":0,"max_hp_loss":0,"event_name":"The Woman in Blue","floor":5,"gold_loss":0},{"damage_healed":0,"gold_gain":0,"player_choice":"Box","damage_taken":0,"relics_obtained":["Ginger"],"max_hp_gain":0,"max_hp_loss":0,"event_name":"Big Fish","floor":13,"gold_loss":0,"cards_obtained":["Regret"]},{"damage_healed":0,"gold_gain":0,"cards_transformed":["Steam"],"player_choice":"Transformed","damage_taken":0,"max_hp_gain":0,"max_hp_loss":0,"event_name":"Transmorgrifier","floor":14,"gold_loss":0,"cards_obtained":["Genetic Algorithm"]},{"damage_healed":0,"gold_gain":0,"player_choice":"Became a Ghost","damage_taken":0,"max_hp_gain":0,"max_hp_loss":39,"event_name":"Ghosts","floor":21,"gold_loss":0,"cards_obtained":["Ghostly","Ghostly","Ghostly"]}],"is_beta":false,"boss_relics":[{"not_picked":["Ectoplasm","Velvet Choker"],"picked":"Coffee Dripper"}],"items_purged_floors":[10,19],"is_endless":false,"potions_floor_spawned":[8,16,20,25,27],"killed_by":"Collector","ascension_level":20}}