{"host":"fm9e0lfunjlbhzxv","time":1610581128,"event":{"mods":["AchievementEnabler","BaseMod","Bestiary","Colored Map","Colored Powertips","Key Reminder","Minty Spire (QoL Compilation)","Permanent Neow","Rare Cards Sparkle","Relic Stats","StSLib","The IronCluck","slay the spire mod where everything is the same but ironclad has a cowboy hat"],"gold_per_floor":[119,119,119,44,61,61,95,95,119,149,149,165,199,217,217,315,315,325,325,356,271,281,312,312,312,335,335,347,372,89,125,125,228,228,245,83,83,101,119,119,149,124,124,124,151,186,186,199,199,199,199,199,73,99,99,99],"floor_reached":55,"language":"ENG","playtime":3145,"items_purged":["Strike_R","Strike_R","Rupture"],"score":939,"play_id":"98f8f7ef-2bb0-4dab-aa25-80a1545a5ade","local_time":"20210113153848","is_ascension_mode":true,"campfire_choices":[{"data":"Bash","floor":6.0,"key":"SMITH"},{"data":"Clothesline","floor":8.0,"key":"SMITH"},{"data":"Berserk","floor":15.0,"key":"SMITH"},{"data":"Trip","floor":24.0,"key":"SMITH"},{"floor":27.0,"key":"REST"},{"data":"Limit Break","floor":32.0,"key":"SMITH"},{"data":"True Grit","floor":44.0,"key":"SMITH"},{"floor":47,"key":"RECALL"},{"floor":49,"key":"REST"},{"data":"Limit Break","floor":52,"key":"SMITH"}],"circlet_count":0,"master_deck":["Bash+1","Whirlwind+1","Clothesline+1","Armaments","Shrug It Off","Berserk+1","Trip+1","Spot Weakness","Limit Break+1","Shrug It Off","Clothesline","Pommel Strike","Burning Pact+1","Cleave","Cleave+1","HandOfGreed","Demon Form","Power Through","Evolve","Feed+1","Pummel","Pummel+1","Inflame","Armaments+1","Limit Break+1","True Grit+1","Flame Barrier+1","Parasite","Power Through+1","Spot Weakness","Metallicize","Shrug It Off","Headbutt+1"],"relics":["Velvet Choker","War Paint","MealTicket","Letter Opener","PreservedInsect","Sozu","Red Mask","Pear","Happy Flower","Dream Catcher","Bag of Preparation","Pandora\u0027s Box","Potion Belt","Boot","Whetstone"],"acts_visited":["Exordium","TheCity","TheBeyond","TheEnding"],"potions_floor_usage":[50],"damage_taken":[{"damage":3.0,"enemies":"2 Louse","floor":1.0,"turns":3.0},{"damage":0.0,"enemies":"Small Slimes","floor":5.0,"turns":2.0},{"damage":13.0,"enemies":"Lagavulin","floor":7.0,"turns":4.0},{"damage":4.0,"enemies":"3 Sentries","floor":10.0,"turns":4.0},{"damage":1.0,"enemies":"Cultist","floor":12.0,"turns":3.0},{"damage":0.0,"enemies":"Lagavulin","floor":13.0,"turns":6.0},{"damage":0.0,"enemies":"Exordium Thugs","floor":14.0,"turns":2.0},{"damage":8.0,"enemies":"Hexaghost","floor":16.0,"turns":7.0},{"damage":0.0,"enemies":"3 Byrds","floor":18.0,"turns":3.0},{"damage":16.0,"enemies":"Masked Bandits","floor":20.0,"turns":4.0},{"damage":10.0,"enemies":"Chosen","floor":22.0,"turns":5.0},{"damage":5.0,"enemies":"Gremlin Leader","floor":23.0,"turns":4.0},{"damage":11.0,"enemies":"Shelled Parasite and Fungi","floor":28.0,"turns":4.0},{"damage":0.0,"enemies":"Slavers","floor":29.0,"turns":2.0},{"damage":0.0,"enemies":"Snecko","floor":31.0,"turns":5.0},{"damage":34.0,"enemies":"Champ","floor":33.0,"turns":8.0},{"damage":17.0,"enemies":"3 Darklings","floor":35.0,"turns":3.0},{"damage":29.0,"enemies":"Orb Walker","floor":38.0,"turns":3.0},{"damage":0.0,"enemies":"Transient","floor":39.0,"turns":5.0},{"damage":0.0,"enemies":"Reptomancer","floor":41.0,"turns":3.0},{"damage":35.0,"enemies":"Nemesis","floor":45.0,"turns":9.0},{"damage":20.0,"enemies":"Jaw Worm Horde","floor":46.0,"turns":4.0},{"damage":3,"enemies":"Writhing Mass","floor":48,"turns":5},{"damage":63,"enemies":"Donu and Deca","floor":50,"turns":8},{"damage":53,"enemies":"Shield and Spear","floor":54,"turns":8},{"damage":49,"enemies":"The Heart","floor":55,"turns":2}],"seed_played":"-4494036446360936744","potions_obtained":[{"floor":1.0,"key":"Explosive Potion"},{"floor":13.0,"key":"ElixirPotion"},{"floor":14.0,"key":"SkillPotion"}],"is_trial":false,"path_per_floor":["M","?","?","$","M","R","E","R","T","E","?","M","E","M","R","B",null,"M","?","?","?","M","E","R","?","T","R","M","E","$","M","R","B",null,"M","$","?","M","M","$","E","$","T","R","E","M","R","M","R","B",null,"R","$","E","B"],"character_chosen":"IRONCLAD","items_purchased":["HandOfGreed","Inflame","True Grit","Metallicize","Shrug It Off"],"campfire_rested":2,"item_purchase_floors":[30,36,42,53,53],"current_hp_per_floor":[77,77,61,61,61,61,48,48,48,44,44,43,43,43,43,35,80,80,80,64,74,64,59,59,59,59,86,75,75,90,90,90,56,90,73,88,88,62,62,77,80,95,95,95,63,43,43,40,69,6,99,99,99,46,0,0],"gold":99,"neow_bonus":"BOSS_RELIC","is_daily":false,"chose_seed":false,"campfire_upgraded":7,"win_rate":0.0,"timestamp":1610581128,"path_taken":["M","?","?","$","M","R","E","R","T","E","?","?","E","M","R","BOSS","M","?","?","?","M","E","R","?","T","R","?","E","$","M","R","BOSS","M","?","?","M","M","$","E","$","T","R","E","?","R","M","R","BOSS","R","$","E","BOSS"],"items_purchased_type":["Card","Card","Card","Card","Card"],"build_version":"2020-12-22","purchased_purges":3,"victory":false,"max_hp_per_floor":[80,80,80,80,80,80,80,80,80,80,80,80,80,80,80,80,80,80,80,80,90,90,90,90,90,90,90,90,90,90,90,90,90,90,90,90,90,93,93,93,96,96,96,96,99,99,99,99,99,99,99,99,99,99,99,99],"relic_stats":{"Happy Flower":[23],"counters":[26,116],"PreservedInsect":257,"Bag of Preparation":[24],"Letter Opener":[203],"Whetstone":["Feed","Pummel"],"War Paint":["Defend_R","Defend_R"],"Boot":[12],"Sozu":7,"Dream Catcher":2,"MealTicket":60,"Pandora\u0027s Box":["Power Through","Rupture","Evolve","Feed","Pummel","Pummel"],"obtain_stats":[{"Potion Belt":41,"Pear":21,"Happy Flower":23,"Velvet Choker":0,"PreservedInsect":13,"Bag of Preparation":29,"Letter Opener":10,"Whetstone":54,"War Paint":7,"Boot":45,"Burning Blood":0,"keyreminder:keyreminder":10,"Sozu":17,"Dream Catcher":26,"MealTicket":9,"Pandora\u0027s Box":34,"Red Mask":20},{"Potion Belt":20,"Pear":10,"Happy Flower":12,"Velvet Choker":0,"PreservedInsect":6,"Bag of Preparation":14,"Letter Opener":4,"Whetstone":25,"War Paint":3,"Boot":21,"Burning Blood":0,"keyreminder:keyreminder":4,"Sozu":8,"Dream Catcher":12,"MealTicket":3,"Pandora\u0027s Box":16,"Red Mask":10},{"Potion Belt":80,"Pear":38,"Happy Flower":47,"Velvet Choker":0,"PreservedInsect":22,"Bag of Preparation":53,"Letter Opener":13,"Whetstone":114,"War Paint":9,"Boot":89,"Burning Blood":0,"keyreminder:keyreminder":13,"Sozu":31,"Dream Catcher":47,"MealTicket":9,"Pandora\u0027s Box":66,"Red Mask":38}]},"card_choices":[{"not_picked":["Rupture","Second Wind"],"picked":"Whirlwind","floor":1.0},{"not_picked":["Heavy Blade","Thunderclap"],"picked":"Clothesline","floor":5.0},{"not_picked":["Headbutt","Twin Strike"],"picked":"Armaments","floor":7.0},{"not_picked":["Limit Break","Iron Wave"],"picked":"Shrug It Off","floor":10.0},{"not_picked":["Clothesline","Thunderclap","Anger"],"picked":"SKIP","floor":12.0},{"not_picked":["Limit Break","Flame Barrier"],"picked":"Spot Weakness","floor":13.0},{"not_picked":["Power Through","Perfected Strike","Wild Strike"],"picked":"SKIP","floor":14.0},{"not_picked":["Fiend Fire","Corruption"],"picked":"Limit Break","floor":16.0},{"not_picked":["Thunderclap","Anger+1"],"picked":"Shrug It Off","floor":18.0},{"not_picked":["Pommel Strike","Sword Boomerang+1"],"picked":"Clothesline","floor":20.0},{"not_picked":["Body Slam+1","Clash+1"],"picked":"Pommel Strike","floor":22.0},{"not_picked":["Anger","Perfected Strike"],"picked":"Burning Pact+1","floor":23.0},{"not_picked":["Anger","Infernal Blade+1"],"picked":"Cleave","floor":27.0},{"not_picked":["Sentinel","Wild Strike"],"picked":"Cleave+1","floor":28.0},{"not_picked":["Corruption","Wild Strike","Rampage"],"picked":"SKIP","floor":29.0},{"not_picked":["Thunderclap","Twin Strike+1","Combust+1"],"picked":"SKIP","floor":31.0},{"not_picked":["Offering","Exhume"],"picked":"Demon Form","floor":33.0},{"not_picked":["Rage","Body Slam","Rupture+1"],"picked":"SKIP","floor":35.0},{"not_picked":["Dark Embrace","Sentinel","Sword Boomerang+1"],"picked":"SKIP","floor":38.0},{"not_picked":["Rupture","Headbutt+1"],"picked":"Armaments+1","floor":39.0},{"not_picked":["Perfected Strike","Iron Wave"],"picked":"Limit Break","floor":41.0},{"not_picked":["Iron Wave","Rupture"],"picked":"Flame Barrier+1","floor":45.0},{"not_picked":["Iron Wave","Inflame","Flex"],"picked":"SKIP","floor":46.0},{"not_picked":["Pommel Strike+1","Body Slam"],"picked":"Power Through+1","floor":48},{"not_picked":["Infernal Blade+1","Wild Strike+1"],"picked":"Spot Weakness","floor":49},{"not_picked":["Rage","Flex+1"],"picked":"Headbutt+1","floor":54}],"player_experience":401623,"relics_obtained":[{"floor":7.0,"key":"War Paint"},{"floor":9.0,"key":"MealTicket"},{"floor":10.0,"key":"Letter Opener"},{"floor":13.0,"key":"PreservedInsect"},{"floor":20.0,"key":"Red Mask"},{"floor":23.0,"key":"Happy Flower"},{"floor":26.0,"key":"Dream Catcher"},{"floor":29.0,"key":"Bag of Preparation"},{"floor":41.0,"key":"Potion Belt"},{"floor":45.0,"key":"Boot"},{"floor":54,"key":"Whetstone"}],"event_choices":[{"damage_healed":0.0,"max_hp_gain":0.0,"max_hp_loss":0.0,"gold_gain":0.0,"event_name":"Liars Game","player_choice":"Ignored","floor":2.0,"gold_loss":0.0,"damage_taken":0.0},{"damage_healed":0.0,"max_hp_gain":0.0,"max_hp_loss":0.0,"gold_gain":0.0,"event_name":"Shining Light","player_choice":"Entered Light","floor":3.0,"gold_loss":0.0,"damage_taken":16.0,"cards_upgraded":["Defend_R","Whirlwind"]},{"damage_healed":0.0,"max_hp_gain":0.0,"max_hp_loss":0.0,"gold_gain":0.0,"event_name":"Match and Keep!","player_choice":"2 cards matched","floor":11.0,"gold_loss":0.0,"damage_taken":0.0,"cards_obtained":["Berserk","Trip"]},{"cards_removed":["Strike_R"],"damage_healed":0.0,"max_hp_gain":0.0,"max_hp_loss":0.0,"gold_gain":0.0,"event_name":"Back to Basics","player_choice":"Elegance","floor":19.0,"gold_loss":0.0,"damage_taken":0.0},{"damage_healed":0.0,"max_hp_gain":0.0,"max_hp_loss":0.0,"gold_gain":0.0,"event_name":"Masked Bandits","player_choice":"Fought Bandits","floor":20.0,"gold_loss":0.0,"damage_taken":0.0},{"damage_healed":0.0,"max_hp_gain":0.0,"max_hp_loss":0.0,"gold_gain":0.0,"event_name":"Addict","player_choice":"Obtained Relic","floor":21.0,"gold_loss":85.0,"damage_taken":0.0,"relics_obtained":["Pear"]},{"damage_healed":0.0,"max_hp_gain":0.0,"max_hp_loss":0.0,"gold_gain":0.0,"event_name":"Ghosts","player_choice":"Ignored","floor":25.0,"gold_loss":0.0,"damage_taken":0.0},{"damage_healed":0.0,"max_hp_gain":0.0,"max_hp_loss":0.0,"gold_gain":0.0,"event_name":"SecretPortal","player_choice":"Ignored","floor":37.0,"gold_loss":0.0,"damage_taken":0.0}],"is_beta":false,"boss_relics":[{"not_picked":["SacredBark","Philosopher\u0027s Stone"],"picked":"Sozu"},{"not_picked":["Empty Cage","Busted Crown"],"picked":"Pandora\u0027s Box"}],"items_purged_floors":[4,30,36],"is_endless":false,"potions_floor_spawned":[1,13,14,16,18,22,29,33,41,45,46],"killed_by":"The Heart","ascension_level":2}}