{"host":"67w4bo1ws77yotej","time":1610578894,"event":{"mods":["AchievementEnabler","Arknights The Spire","Aspiration","BaseMod","Beaked The Cultist","BetterRewards","Colored Map","Conspire","Downfall","Ekko","Energized Spire","Friendly Minions","Gremlin Mod","Halation","Hero for Fun","Hubris","Infinite Spire","Kiyohime????","Minty Spire (QoL Compilation)","READ ME - Guardian Mod","READ ME - Snecko Mod","Spicy Shops","StSLib","The Forsaken","The Jungle","The Wild Card","TheHero","vexMod"],"gold_per_floor":[112,25,25,25,43,43,77,99,99,133,150,166,177,190,190,285,285,302,319,319,319,319,319,319,319],"floor_reached":24,"language":"ENG","playtime":1780,"items_purged":[],"score":231,"play_id":"debee554-8310-420b-b41f-0825038f9583","local_time":"20210114000134","is_ascension_mode":false,"campfire_choices":[{"data":"Bloodletting","floor":6,"key":"SMITH"},{"floor":15,"key":"REST"},{"data":"Armaments","floor":23,"key":"SMITH"}],"circlet_count":0,"master_deck":["Strike_R","Strike_R","Strike_R","Strike_R","Strike_R","Defend_R","Defend_R","Defend_R","Defend_R","Bloodletting+1","Seeing Red","Heavy Blade","Anger","Bloodletting","Uppercut","Burning Pact","Armaments","Rupture","Bloodletting","Berserk","Bludgeon","Armaments+1","Dual Wield","J.A.X.","Clash","Juggernaut"],"relics":["Burning Blood","NeowsBlessing","halation:KoshaPiece","Odd Mushroom","hubris:MysteriousPyramids","infinitespire:Eraser","theForsaken:PaleLantern","hubris:BottledHeart"],"acts_visited":["Exordium","TheCity"],"potions_floor_usage":[8,16,16,18],"damage_taken":[{"damage":0,"enemies":"Jaw Worm","floor":1,"turns":1},{"damage":0,"enemies":"Cultist","floor":5,"turns":1},{"damage":0,"enemies":"Gremlin Nob","floor":7,"turns":1},{"damage":21,"enemies":"The Mushroom Lair","floor":8,"turns":5},{"damage":32,"enemies":"Lagavulin","floor":10,"turns":6},{"damage":9,"enemies":"2 Louse","floor":11,"turns":2},{"damage":3,"enemies":"Blue Slaver","floor":12,"turns":3},{"damage":11,"enemies":"2 Fungi Beasts","floor":13,"turns":3},{"damage":9,"enemies":"Large Slime","floor":14,"turns":4},{"damage":62,"enemies":"Slime Boss","floor":16,"turns":11},{"damage":18,"enemies":"3 Byrds","floor":18,"turns":2},{"damage":34,"enemies":"conspire:FuzzyDice","floor":19,"turns":7},{"damage":24,"enemies":"Slavers","floor":24,"turns":3}],"seed_played":"-8441392090683988925","potions_obtained":[{"floor":5,"key":"Regen Potion"},{"floor":11,"key":"LiquidBronze"},{"floor":12,"key":"DuplicationPotion"},{"floor":14,"key":"Block Potion"},{"floor":16,"key":"FairyPotion"},{"floor":18,"key":"ElixirPotion"}],"is_trial":false,"path_per_floor":["M","$","?","$","M","R","E","?","T","E","M","M","M","M","R","B",null,"M","M","?","?","?","R","E"],"character_chosen":"IRONCLAD","items_purchased":["Seeing Red","Heavy Blade"],"campfire_rested":1,"item_purchase_floors":[2,2],"current_hp_per_floor":[80,80,80,80,80,80,80,77,77,51,48,51,46,43,67,11,80,68,40,40,1,1,1,0,0],"gold":319,"neow_bonus":"THREE_ENEMY_KILL","is_daily":false,"chose_seed":false,"campfire_upgraded":2,"win_rate":0.0,"timestamp":1610578894,"path_taken":["M","$","?","?","M","R","E","?","T","E","M","M","M","M","R","BOSS","M","M","?","?","?","R","E"],"items_purchased_type":["Card","Card"],"build_version":"2020-12-22","purchased_purges":0,"victory":false,"max_hp_per_floor":[80,80,80,80,80,80,80,80,80,80,80,80,80,80,80,80,80,80,80,80,1,1,1,1,1],"card_choices":[{"not_picked":["True Grit","Reckless Charge"],"picked":"Bloodletting","floor":1},{"not_picked":["Sever Soul","Ghostly Armor"],"picked":"Anger","floor":5},{"not_picked":["Anger","Pommel Strike"],"picked":"Bloodletting","floor":7},{"not_picked":["Clash","Perfected Strike"],"picked":"Uppercut","floor":8},{"not_picked":["Entrench","Seeing Red"],"picked":"Burning Pact","floor":10},{"not_picked":["Clash","Rampage"],"picked":"Armaments","floor":11},{"not_picked":["Clash","Iron Wave"],"picked":"Rupture","floor":12},{"not_picked":["Second Wind","Perfected Strike"],"picked":"Bloodletting","floor":13},{"not_picked":["Shockwave","Whirlwind"],"picked":"Berserk","floor":14},{"not_picked":["Brutality","conspire:Purge"],"picked":"Bludgeon","floor":16},{"not_picked":["True Grit","hubris:ReadiedAction"],"picked":"Armaments","floor":18},{"not_picked":["Armaments","Disarm"],"picked":"Dual Wield","floor":19}],"player_experience":181355,"relics_obtained":[{"floor":7,"key":"halation:KoshaPiece"},{"floor":8,"key":"Odd Mushroom"},{"floor":9,"key":"hubris:MysteriousPyramids"},{"floor":10,"key":"infinitespire:Eraser"}],"event_choices":[{"cards_removed":["Bash"],"damage_healed":0,"gold_gain":0,"player_choice":"Purged","damage_taken":0,"max_hp_gain":0,"max_hp_loss":0,"event_name":"Purifier","floor":3,"gold_loss":0},{"damage_healed":0,"gold_gain":0,"player_choice":"Fought Mushrooms","damage_taken":0,"max_hp_gain":0,"max_hp_loss":0,"event_name":"Mushrooms","floor":8,"gold_loss":0},{"damage_healed":0,"gold_gain":0,"player_choice":"Obtain J.A.X.","damage_taken":0,"max_hp_gain":0,"max_hp_loss":0,"event_name":"Drug Dealer","floor":20,"gold_loss":0,"cards_obtained":["J.A.X."]},{"damage_healed":0,"gold_gain":0,"player_choice":"2 cards matched","damage_taken":0,"max_hp_gain":0,"max_hp_loss":0,"event_name":"Match and Keep!","floor":22,"gold_loss":0,"cards_obtained":["Clash","Juggernaut"]}],"is_beta":false,"boss_relics":[{"not_picked":["hubris:RunicObelisk","aspiration:RunicSpoon"],"picked":"theForsaken:PaleLantern"}],"items_purged_floors":[],"is_endless":false,"potions_floor_spawned":[5,11,12,14,16,18],"killed_by":"Slavers","ascension_level":0}}