{"host":"hbwa3kjetxrogfq8","time":1610564494,"event":{"mods":["AchievementEnabler","BaseMod","Block Reminder","Colored Map","Colored Powertips","Dark Map","Highlight Path","Minty Spire (QoL Compilation)","Rare Cards Sparkle","Relic Stats","StSLib","Synergy Search"],"gold_per_floor":[116,116,136,151,164,191,39,39,113,113,133,159,159,170,170,267,267,280,300,135,85,96,96,122,139,139,51,70,86,1,30,30,30,30],"floor_reached":33,"language":"ENG","playtime":1668,"items_purged":["Strike_G"],"score":404,"play_id":"dfdd306d-122e-4746-98a5-c409e32cc89b","local_time":"20210113200134","is_ascension_mode":true,"campfire_choices":[{"floor":8,"key":"REST"},{"floor":10,"key":"REST"},{"floor":13,"key":"REST"},{"floor":15,"key":"REST"},{"floor":23,"key":"REST"},{"floor":32,"key":"REST"}],"circlet_count":0,"master_deck":["Strike_G","Strike_G","Strike_G","Strike_G","Defend_G","Defend_G","Defend_G","Defend_G","Survivor","Neutralize","Cloak And Dagger","Leg Sweep","Bouncing Flask","Die Die Die","Backstab","Caltrops","Poisoned Stab","Deflect","Caltrops","Well Laid Plans","Leg Sweep","A Thousand Cuts","Leg Sweep","Flechettes","Deadly Poison","Terror","Noxious Fumes","Acrobatics","Caltrops","Cloak And Dagger","Burst","Acrobatics","PiercingWail"],"relics":["Fusion Hammer","FossilizedHelix","Mercury Hourglass","Bag of Preparation","Sozu","Happy Flower","Toy Ornithopter","Blood Vial","Dead Branch"],"acts_visited":["Exordium","TheCity"],"potions_floor_usage":[6,6,24,31],"damage_taken":[{"damage":0,"enemies":"2 Louse","floor":1,"turns":4},{"damage":4,"enemies":"Small Slimes","floor":3,"turns":3},{"damage":0,"enemies":"Cultist","floor":4,"turns":4},{"damage":23,"enemies":"Lots of Slimes","floor":5,"turns":5},{"damage":5,"enemies":"3 Sentries","floor":6,"turns":5},{"damage":0,"enemies":"Large Slime","floor":11,"turns":3},{"damage":12,"enemies":"Lagavulin","floor":12,"turns":6},{"damage":0,"enemies":"Blue Slaver","floor":14,"turns":3},{"damage":20,"enemies":"Slime Boss","floor":16,"turns":11},{"damage":13,"enemies":"Spheric Guardian","floor":18,"turns":4},{"damage":0,"enemies":"3 Byrds","floor":19,"turns":2},{"damage":0,"enemies":"Snecko","floor":22,"turns":4},{"damage":20,"enemies":"Slavers","floor":24,"turns":6},{"damage":12,"enemies":"Snake Plant","floor":25,"turns":5},{"damage":0,"enemies":"Centurion and Healer","floor":28,"turns":7},{"damage":7,"enemies":"3 Cultists","floor":29,"turns":5},{"damage":20,"enemies":"Gremlin Leader","floor":31,"turns":4},{"damage":55,"enemies":"Champ","floor":33,"turns":9}],"seed_played":"-1569910571605736722","potions_obtained":[{"floor":3,"key":"Block Potion"},{"floor":5,"key":"AttackPotion"},{"floor":6,"key":"Fruit Juice"},{"floor":12,"key":"Strength Potion"}],"is_trial":false,"path_per_floor":["M","?","M","M","M","E","$","R","T","R","M","E","R","M","R","B",null,"M","M","$","?","M","R","E","M","T","$","M","M","?","E","R","B"],"character_chosen":"THE_SILENT","items_purchased":["Caltrops","Poisoned Stab","Deflect","Flechettes","Deadly Poison","Caltrops","Cloak And Dagger"],"campfire_rested":6,"item_purchase_floors":[7,7,7,20,20,27,27],"current_hp_per_floor":[63,56,52,52,29,29,29,51,51,73,73,61,75,75,75,55,70,57,57,57,57,57,75,55,43,43,43,43,36,36,23,45,0,0],"gold":30,"neow_bonus":"BOSS_RELIC","is_daily":false,"chose_seed":false,"campfire_upgraded":0,"win_rate":0.0,"timestamp":1610564494,"path_taken":["M","?","M","M","M","E","$","R","T","R","M","E","R","M","R","BOSS","M","M","$","?","?","R","E","M","T","$","M","?","?","E","R","BOSS"],"items_purchased_type":["Card","Card","Card","Card","Card","Card","Card"],"build_version":"2020-12-22","purchased_purges":1,"victory":false,"max_hp_per_floor":[70,70,70,70,70,75,75,75,75,75,75,75,75,75,75,75,75,75,75,75,75,75,75,75,75,75,75,75,75,75,75,75,75,75],"relic_stats":{"Sozu":3,"Blood Vial":4,"Happy Flower":[10],"counters":[18,88],"Dead Branch":[9],"Bag of Preparation":[22],"obtain_stats":[{"Sozu":17,"Blood Vial":30,"Happy Flower":24,"Dead Branch":31,"Fusion Hammer":0,"Bag of Preparation":12,"FossilizedHelix":6,"Toy Ornithopter":26,"Ring of the Snake":0,"Mercury Hourglass":9},{"Sozu":9,"Blood Vial":16,"Happy Flower":13,"Dead Branch":17,"Fusion Hammer":0,"Bag of Preparation":7,"FossilizedHelix":5,"Toy Ornithopter":14,"Ring of the Snake":0,"Mercury Hourglass":5},{"Sozu":44,"Blood Vial":75,"Happy Flower":59,"Dead Branch":79,"Fusion Hammer":0,"Bag of Preparation":30,"FossilizedHelix":21,"Toy Ornithopter":63,"Ring of the Snake":0,"Mercury Hourglass":21}],"Toy Ornithopter":5,"Mercury Hourglass":[286]},"card_choices":[{"not_picked":["Dagger Throw","Quick Slash"],"picked":"Cloak And Dagger","floor":1},{"not_picked":["Deflect","PiercingWail"],"picked":"Leg Sweep","floor":3},{"not_picked":["Accuracy","Sucker Punch"],"picked":"Bouncing Flask","floor":4},{"not_picked":["Distraction","Choke"],"picked":"Die Die Die","floor":5},{"not_picked":["Dagger Spray","Prepared"],"picked":"Backstab","floor":6},{"not_picked":["Quick Slash","Outmaneuver"],"picked":"Caltrops","floor":11},{"not_picked":["Acrobatics","Flechettes"],"picked":"Well Laid Plans","floor":12},{"not_picked":["Poisoned Stab","Calculated Gamble"],"picked":"Leg Sweep","floor":14},{"not_picked":["Tools of the Trade","Grand Finale"],"picked":"A Thousand Cuts","floor":16},{"not_picked":["Cloak And Dagger","Well Laid Plans"],"picked":"Leg Sweep","floor":18},{"not_picked":["Poisoned Stab","Slice","Bane"],"picked":"SKIP","floor":19},{"not_picked":["Deflect","Dodge and Roll"],"picked":"Terror","floor":22},{"not_picked":["Prepared+1","Skewer"],"picked":"Noxious Fumes","floor":24},{"not_picked":["All Out Attack","Slice"],"picked":"Acrobatics","floor":25},{"not_picked":["Blade Dance","Finisher"],"picked":"Burst","floor":28},{"not_picked":["Outmaneuver","PiercingWail+1"],"picked":"Acrobatics","floor":29},{"not_picked":["Distraction","Underhanded Strike"],"picked":"PiercingWail","floor":31}],"player_experience":638530,"relics_obtained":[{"floor":6,"key":"FossilizedHelix"},{"floor":9,"key":"Mercury Hourglass"},{"floor":12,"key":"Bag of Preparation"},{"floor":24,"key":"Happy Flower"},{"floor":26,"key":"Toy Ornithopter"},{"floor":31,"key":"Dead Branch"}],"event_choices":[{"cards_removed":["Defend_G"],"damage_healed":0,"gold_gain":0,"player_choice":"Card Removal","damage_taken":7,"max_hp_gain":0,"max_hp_loss":0,"event_name":"Golden Wing","floor":2,"gold_loss":0},{"damage_healed":0,"gold_gain":0,"player_choice":"Bet on Murderer","damage_taken":0,"max_hp_gain":0,"max_hp_loss":0,"event_name":"The Joust","floor":21,"gold_loss":50},{"damage_healed":0,"gold_gain":0,"player_choice":"Obtained Relic","damage_taken":0,"relics_obtained":["Blood Vial"],"max_hp_gain":0,"max_hp_loss":0,"event_name":"Addict","floor":30,"gold_loss":85}],"is_beta":false,"boss_relics":[{"not_picked":["Velvet Choker","WristBlade"],"picked":"Sozu"}],"items_purged_floors":[20],"is_endless":false,"potions_floor_spawned":[3,5,6,12,24,28,31],"killed_by":"Champ","ascension_level":7}}