{"host":"yganem311pbhnzmn","time":1610514316,"event":{"mods":["AchievementEnabler","BaseMod","BetterRewards","Colored Map","Minty Spire (QoL Compilation)","Replay The Spire","Shop Mod","StSLib","SuperFastMode"],"gold_per_floor":[115,131,131,148,166,166,185,35,89,89,108,129,129,141,141,245,245,263,263,291,309,309,309,324,324,372,393,418,464,495,523,523,638,638,675,715,743,232,272,272,338,338,338,338,338,338,395,438,438,466],"floor_reached":51,"language":"KOR","playtime":1895,"items_purged":["Night Terror"],"score":771,"play_id":"ec493748-a938-41f6-94f3-a56ebd902d88","local_time":"20210113140516","is_ascension_mode":false,"campfire_choices":[{"data":"Infinite Blades","floor":6,"key":"SMITH"},{"data":"Deflect","floor":15,"key":"SMITH"},{"data":"Accuracy","floor":23,"key":"SMITH"},{"data":"Cloak And Dagger","floor":25,"key":"SMITH"},{"data":"Cloak And Dagger","floor":32,"key":"SMITH"},{"floor":40,"key":"RECALL"},{"data":"Blade Dance","floor":42,"key":"SMITH"},{"data":"Blade Dance","floor":44,"key":"SMITH"},{"data":"Writhe","floor":49,"key":"PURGE"}],"circlet_count":0,"master_deck":["Strike_G","Strike_G","Strike_G+1","Strike_G","Defend_G","Defend_G","Defend_G","Defend_G","Defend_G","Survivor","Neutralize","Hidden Blade+1","Sucker Punch+1","Deflect+1","Infinite Blades+1","Blade Dance+1","Footwork+1","Accuracy+1","Cloak And Dagger+1","Cloak And Dagger+1","Slice","Finisher+1","Dodge and Roll+1","Blade Dance+1","Footwork","Backflip+1","Slice+1"],"relics":["Ring of the Snake","Durian","Toy Ornithopter","Odd Mushroom","WristBlade","Meat on the Bone","Red Mask","Replay:Bandana","Mango","Replay:Mystery Machine","Orichalcum","Busted Crown","Whetstone","Guide Book","Pear","ReplayTheSpireMod:Lightbulb"],"acts_visited":["Exordium","TheCity","TheBeyond"],"potions_floor_usage":[12,12,16,21],"damage_taken":[{"damage":0,"enemies":"2 Louse","floor":1,"turns":5},{"damage":0,"enemies":"Jaw Worm","floor":2,"turns":3},{"damage":0,"enemies":"Cultist","floor":4,"turns":4},{"damage":5,"enemies":"Large Slime","floor":5,"turns":13},{"damage":0,"enemies":"Exordium Wildlife","floor":7,"turns":5},{"damage":1,"enemies":"2 Fungi Beasts","floor":11,"turns":4},{"damage":8,"enemies":"The Mushroom Lair","floor":12,"turns":5},{"damage":3,"enemies":"Looter","floor":14,"turns":4},{"damage":27,"enemies":"The Guardian","floor":16,"turns":18},{"damage":8,"enemies":"3 Byrds","floor":18,"turns":6},{"damage":15,"enemies":"Masked Bandits","floor":20,"turns":6},{"damage":12,"enemies":"2 Thieves","floor":21,"turns":3},{"damage":17,"enemies":"Shelled Parasite and Fungi","floor":24,"turns":5},{"damage":0,"enemies":"Chosen and Byrds","floor":30,"turns":5},{"damage":0,"enemies":"Snecko","floor":31,"turns":3},{"damage":43,"enemies":"Automaton","floor":33,"turns":9},{"damage":17,"enemies":"3 Shapes","floor":35,"turns":5},{"damage":5,"enemies":"Orb Walker","floor":36,"turns":3},{"damage":41,"enemies":"4 Shapes","floor":37,"turns":5},{"damage":4,"enemies":"Sphere and 2 Shapes","floor":39,"turns":5},{"damage":4,"enemies":"Nemesis","floor":41,"turns":5},{"damage":0,"enemies":"Transient","floor":47,"turns":5},{"damage":0,"enemies":"3 Darklings","floor":48,"turns":3},{"damage":62,"enemies":"Replay:Hell Engine","floor":50,"turns":13}],"seed_played":"-3504109291526612914","potions_obtained":[{"floor":1,"key":"CunningPotion"},{"floor":2,"key":"Block Potion"},{"floor":5,"key":"Explosive Potion"},{"floor":18,"key":"AttackPotion"},{"floor":21,"key":"Toxic Potion"},{"floor":36,"key":"SpeedPotion"},{"floor":47,"key":"Languid Potion"},{"floor":48,"key":"PowerPotion"}],"is_trial":false,"path_per_floor":["M","M","$","M","M","R","M","$","T","$","M","?","?","M","R","B",null,"M","?","?","M","?","R","M","R","T","?","T","T","M","M","R","B",null,"M","M","M","$","M","R","E","R","T","R","?","?","M","M","R_BF","B",null],"character_chosen":"THE_SILENT","items_purchased":["Hidden Blade","Toy Ornithopter","Blade Dance","Whetstone","Guide Book","Footwork"],"campfire_rested":0,"item_purchase_floors":[0,8,38,38,38,38],"current_hp_per_floor":[61,61,61,61,56,56,56,56,56,56,55,57,57,54,54,32,75,67,67,52,45,70,70,53,53,53,37,37,37,49,49,49,18,89,72,67,38,38,46,46,64,64,64,64,89,89,89,89,89,39],"gold":466,"neow_bonus":"","is_daily":false,"chose_seed":false,"campfire_upgraded":7,"win_rate":0.0,"timestamp":1610514316,"path_taken":["M","M","$","M","M","R","M","$","T","$","M","?","?","?","R","BOSS","M","?","?","M","?","R","M","R","T","?","?","?","M","M","R","BOSS","M","M","M","$","M","R","E","R","T","R","?","?","?","M","R_BF","BOSS"],"items_purchased_type":["Card","Relic","Card","Relic","Relic","Card"],"build_version":"2020-12-22","purchased_purges":1,"victory":true,"max_hp_per_floor":[75,75,75,75,75,75,75,75,75,75,75,75,75,75,75,75,75,75,75,75,75,75,75,75,75,75,89,89,89,89,89,89,89,89,89,89,89,89,89,89,99,99,99,99,99,99,99,99,99,99],"card_choices":[{"not_picked":["Flechettes","Draining Mist","ReplayTheSpireMod:Speed Training"],"picked":"SKIP","floor":1},{"not_picked":["Replay:Poison Smokescreen","Flying Knee"],"picked":"Sucker Punch","floor":2},{"not_picked":["Flechettes","Catalyst"],"picked":"Deflect","floor":4},{"not_picked":["Escape Plan","Bouncing Flask"],"picked":"Infinite Blades","floor":5},{"not_picked":["Choke","Toxin Wave","Outmaneuver"],"picked":"SKIP","floor":7},{"not_picked":["Choke","Toxin Wave","Outmaneuver"],"picked":"SKIP","floor":7},{"not_picked":["PiercingWail","Dagger Spray","Outmaneuver"],"picked":"SKIP","floor":11},{"not_picked":["Masterful Stab","Dagger Spray"],"picked":"Blade Dance","floor":12},{"not_picked":["Riddle With Holes","Caltrops"],"picked":"Footwork","floor":14},{"not_picked":["Reflex","Backflip+1"],"picked":"Accuracy","floor":18},{"not_picked":["Dodge and Roll","Tactician+1"],"picked":"Cloak And Dagger","floor":21},{"not_picked":["Eviscerate","Adrenaline","Prepared"],"picked":"SKIP","floor":24},{"not_picked":["Poisoned Stab","Caltrops"],"picked":"Cloak And Dagger","floor":27},{"not_picked":["Outmaneuver","Dagger Throw","Escape Plan"],"picked":"SKIP","floor":30},{"not_picked":["Bane","Dash"],"picked":"Slice","floor":31},{"not_picked":["Wraith Form v2","Atom Bomb"],"picked":"Night Terror","floor":33},{"not_picked":["Finisher+1"],"picked":"SKIP","floor":35},{"not_picked":[],"picked":"Finisher+1","floor":35},{"not_picked":[],"picked":"Dodge and Roll","floor":36},{"not_picked":["Dagger Throw+1"],"picked":"SKIP","floor":37},{"not_picked":["Underhanded Strike"],"picked":"SKIP","floor":39},{"not_picked":["Noxious Fumes"],"picked":"SKIP","floor":41},{"not_picked":[],"picked":"Backflip+1","floor":47},{"not_picked":[],"picked":"Slice+1","floor":48}],"player_experience":136806,"relics_obtained":[{"floor":12,"key":"Odd Mushroom"},{"floor":20,"key":"Red Mask"},{"floor":26,"key":"Replay:Bandana"},{"floor":27,"key":"Mango"},{"floor":28,"key":"Replay:Mystery Machine"},{"floor":29,"key":"Orichalcum"},{"floor":41,"key":"Pear"},{"floor":43,"key":"ReplayTheSpireMod:Lightbulb"}],"event_choices":[{"damage_healed":0,"gold_gain":0,"player_choice":"Fought Mushrooms","damage_taken":0,"max_hp_gain":0,"max_hp_loss":0,"event_name":"Mushrooms","floor":12,"gold_loss":0},{"cards_removed":["Strike_G"],"damage_healed":0,"gold_gain":0,"player_choice":"Card Removal","damage_taken":0,"max_hp_gain":0,"max_hp_loss":0,"event_name":"Wheel of Change","floor":13,"gold_loss":0},{"damage_healed":0,"gold_gain":0,"player_choice":"Opened","damage_taken":0,"relics_obtained":["Meat on the Bone"],"max_hp_gain":0,"max_hp_loss":0,"event_name":"The Mausoleum","floor":19,"gold_loss":0},{"damage_healed":0,"gold_gain":0,"player_choice":"Fought Bandits","damage_taken":0,"max_hp_gain":0,"max_hp_loss":0,"event_name":"Masked Bandits","floor":20,"gold_loss":0},{"damage_healed":25,"gold_gain":0,"player_choice":"Heal","damage_taken":0,"max_hp_gain":0,"max_hp_loss":0,"event_name":"The Library","floor":22,"gold_loss":0},{"damage_healed":25,"gold_gain":0,"player_choice":"Writhe","damage_taken":0,"max_hp_gain":0,"max_hp_loss":0,"event_name":"Winding Halls","floor":45,"gold_loss":0,"cards_obtained":["Writhe"]},{"damage_healed":0,"gold_gain":0,"player_choice":"Upgraded","damage_taken":0,"max_hp_gain":0,"max_hp_loss":0,"event_name":"Upgrade Shrine","floor":46,"gold_loss":0,"cards_upgraded":["Dodge and Roll"]}],"is_beta":false,"boss_relics":[{"not_picked":["Snecko Heart","Runic Dome"],"picked":"WristBlade"},{"not_picked":["Cursed Key","Replay:Drink Me"],"picked":"Busted Crown"}],"items_purged_floors":[38],"is_endless":false,"potions_floor_spawned":[1,2,5,11,18,21,36,47,48],"ascension_level":0}}