{"host":"5dzuyvrjb30uqvwu","time":1610563292,"event":{"mods":["AchievementEnabler","BaseMod","Colored Powertips","Dark Map","Lobotomy","LobotomyExtend","Minty Spire (QoL Compilation)","Quick Restart","The IronCluck","slay the spire mod where everything is the same but ironclad has a cowboy hat"],"gold_per_floor":[115,129,304,319,319,351,37,62,62,62,62,95,115,125,125,221,221,232,252,162,7,7,7],"floor_reached":22,"language":"ENG","playtime":1189,"items_purged":["Defend_R"],"score":214,"play_id":"59edcc50-bcaa-46b1-b5d4-02bc66096248","local_time":"20210113104132","is_ascension_mode":true,"campfire_choices":[{"data":"Inflame","floor":10.0,"key":"SMITH"},{"floor":15.0,"key":"REST"}],"circlet_count":0,"master_deck":["Strike_R","Strike_R","Strike_R+1","Strike_R","Strike_R","Bash","SpiderBud","Clothesline","Iron Wave","Doubt","CrumblingArmor","True Grit","LongBird","Whirlwind","BigBird","Inflame+1","OSAHOGD","Rupture+1","Scorched","Impervious","Infernal Blade+1","Impervious+1","Reaper+1","BlackSwan","Reaper","Seeing Red"],"relics":["Burning Blood","CogitoBucket","RabbitCall","LetterFromLob","Blood Vial","Ice Cream","Blue Candle","Frozen Egg 2","MealTicket","SkinProphecy","Astrolabe"],"acts_visited":["Exordium","TheCity"],"potions_floor_usage":[22,22],"damage_taken":[{"damage":0.0,"enemies":"Small Slimes","floor":1.0,"turns":3.0},{"damage":5.0,"enemies":"2 Louse","floor":2.0,"turns":3.0},{"damage":8.0,"enemies":"Cultist","floor":4.0,"turns":4.0},{"damage":26.0,"enemies":"Lagavulin","floor":6.0,"turns":6.0},{"damage":29.0,"enemies":"3 Sentries","floor":8.0,"turns":4.0},{"damage":12.0,"enemies":"Gremlin Nob","floor":12.0,"turns":4.0},{"damage":19.0,"enemies":"Exordium Thugs","floor":13.0,"turns":4.0},{"damage":16.0,"enemies":"Looter","floor":14.0,"turns":3.0},{"damage":26.0,"enemies":"Slime Boss","floor":16.0,"turns":6.0},{"damage":6.0,"enemies":"Chosen","floor":18.0,"turns":4.0},{"damage":54.0,"enemies":"Shell Parasite","floor":19.0,"turns":7.0},{"damage":36,"enemies":"Centurion and Healer","floor":22,"turns":4}],"seed_played":"-2774975789794562681","potions_obtained":[{"floor":1.0,"key":"SteroidPotion"},{"floor":2.0,"key":"SpeedPotion"},{"floor":4.0,"key":"GamblersBrew"},{"floor":8.0,"key":"Block Potion"},{"floor":16.0,"key":"LiquidBronze"},{"floor":18.0,"key":"PowerPotion"}],"is_trial":false,"path_per_floor":["M","M","?","M","?","E","$","E","T","R","$","E","M","M","R","B",null,"M","M","?","$","M"],"character_chosen":"IRONCLAD","items_purchased":["Ice Cream","Seeing Red"],"campfire_rested":1,"item_purchase_floors":[7,21],"current_hp_per_floor":[80,80,80,78,78,58,58,37,37,37,37,33,24,12,36,14,84,82,32,32,47,7,7],"gold":7,"neow_bonus":"","is_daily":false,"chose_seed":false,"campfire_upgraded":1,"win_rate":0.0,"timestamp":1610563292,"path_taken":["M","M","?","M","?","E","$","E","T","R","$","E","M","?","R","BOSS","M","M","?","?","M"],"items_purchased_type":["Relic","Card"],"build_version":"2020-12-22","purchased_purges":1,"victory":false,"max_hp_per_floor":[80,80,80,80,80,80,80,80,80,80,80,80,80,82,82,84,84,86,88,88,88,92,92],"card_choices":[{"not_picked":["OSAHOGD","FairyFestival","Rudolta"],"picked":"Singing Bowl","floor":1.0},{"not_picked":["Wellcheers","Murderer"],"picked":"SpiderBud","floor":1.0},{"not_picked":["Evolve","Sword Boomerang"],"picked":"Clothesline","floor":1.0},{"not_picked":["CherryBlossoms","MHz"],"picked":"LittleHelper","floor":2.0},{"not_picked":["Shockwave","Impervious"],"picked":"Iron Wave","floor":2.0},{"not_picked":["Laetitia","Murderer"],"picked":"CrumblingArmor","floor":4.0},{"not_picked":["Flex","Burning Pact"],"picked":"True Grit","floor":4.0},{"not_picked":["UniverseFragment","MHz","RedShoes"],"picked":"Singing Bowl","floor":6.0},{"not_picked":["Murderer","WallGazer"],"picked":"LongBird","floor":6.0},{"not_picked":["Inflame","Burning Pact"],"picked":"Whirlwind","floor":6.0},{"not_picked":["Murderer","Scorched","Wellcheers"],"picked":"Singing Bowl","floor":8.0},{"not_picked":["UniverseFragment","Wellcheers"],"picked":"BigBird","floor":8.0},{"not_picked":["Warcry","Searing Blow"],"picked":"Inflame","floor":8.0},{"not_picked":["QueenOfHatred","BeautyBeast","UniverseFragment"],"picked":"Singing Bowl","floor":12.0},{"not_picked":["WallGazer","Mercenary"],"picked":"OSAHOGD","floor":12.0},{"not_picked":["Cleave","Headbutt","Burning Pact"],"picked":"SKIP","floor":12.0},{"not_picked":["SnowQueen","Laetitia","Freischutz"],"picked":"Singing Bowl","floor":13.0},{"not_picked":["Twin Strike","Armaments","Flex"],"picked":"SKIP","floor":13.0},{"not_picked":["Mercenary","GreedKing","BigBadWolf"],"picked":"Singing Bowl","floor":14.0},{"not_picked":["Infernal Blade","Body Slam"],"picked":"Rupture+1","floor":14.0},{"not_picked":["OldLady","LaLuna","Murderer"],"picked":"Singing Bowl","floor":16.0},{"not_picked":["BeautyBeast","Wellcheers"],"picked":"Scorched","floor":16.0},{"not_picked":["Immolate","Fiend Fire"],"picked":"Impervious","floor":16.0},{"not_picked":["HappyTeddy","Porccubus"],"picked":"BlackSwan","floor":18.0},{"not_picked":["Flex","Perfected Strike+1","Havoc"],"picked":"SKIP","floor":18.0},{"not_picked":["Flex","Perfected Strike+1","Havoc"],"picked":"SKIP","floor":18.0},{"not_picked":["Mercenary","WhitesApple","GalaxyChild"],"picked":"Singing Bowl","floor":19.0},{"not_picked":["Feel No Pain+1","Flex"],"picked":"Reaper","floor":19.0}],"player_experience":334105,"relics_obtained":[{"floor":1.0,"key":"LetterFromLob"},{"floor":6.0,"key":"Blood Vial"},{"floor":8.0,"key":"Blue Candle"},{"floor":9.0,"key":"Frozen Egg 2"},{"floor":12.0,"key":"MealTicket"}],"event_choices":[{"damage_healed":0.0,"max_hp_gain":0.0,"max_hp_loss":0.0,"gold_gain":175.0,"event_name":"Liars Game","player_choice":"AGREE","floor":3.0,"gold_loss":0.0,"damage_taken":0.0,"cards_obtained":["Doubt"]},{"damage_healed":0.0,"max_hp_gain":0.0,"max_hp_loss":0.0,"gold_gain":0.0,"event_name":"NoteForYourself","player_choice":"Ignored","floor":5.0,"gold_loss":0.0,"damage_taken":0.0},{"cards_removed":["LittleHelper"],"damage_healed":0.0,"max_hp_gain":0.0,"max_hp_loss":0.0,"gold_gain":0.0,"event_name":"Designer","player_choice":"Upgrade and Remove","floor":20.0,"gold_loss":90.0,"damage_taken":0.0,"cards_upgraded":["Strike_R"]}],"is_beta":false,"boss_relics":[{"not_picked":["Snecko Eye","Pandora\u0027s Box"],"picked":"Astrolabe"}],"items_purged_floors":[21],"is_endless":false,"potions_floor_spawned":[1,2,4,8,16,18],"killed_by":"Centurion and Healer","ascension_level":1}}