{"host":"ekha54jsiuuqgn65","time":1610513662,"event":{"mods":["BaseMod","Colored Map","Conspire","Lobotomy","LobotomyExtend","Minty Spire (QoL Compilation)","Quick Restart","Replay The Spire","StSLib","SuperFastMode","The Marked","[IsaacMod]ÒÔÈö¼âËþ","vexMod","¡¾ÒÅÎï¿¨ÅÆ¡¿REMEMod"],"gold_per_floor":[115,90,90,102,102,129,129,141,141,151,326,326,356,372,372,469,469,486,505,2,2,209,209,238,238,238,248,138,173,19,32,32,135,135,146,159,173,255,255,255,269,103,103,153,153,170,170,184,184,184,184,184,9154,9179,9209],"floor_reached":56,"language":"ZHS","playtime":3441,"items_purged":["EmptyBody","Strike_P"],"score":1520,"play_id":"71a864bf-4471-45c7-9971-0fdaf5cb16f5","local_time":"20210113125422","is_ascension_mode":false,"campfire_choices":[{"floor":15,"key":"REST"},{"floor":23,"key":"RECALL"},{"floor":25,"key":"REST"},{"floor":32,"key":"REST"},{"floor":40,"key":"REST"},{"floor":49,"key":"REST"},{"data":"WindmillStrike","floor":52,"key":"SMITH"}],"circlet_count":0,"master_deck":["Strike_P","Strike_P","Defend_P","Defend_P","Defend_P","Defend_P","Eruption","Vigilance","EpicFetus","Feed","WindmillStrike+1","Replay:Battleflow","EmptyMind","DeceiveReality","Doubt","Replay:LoomingThreat","FearNoEvil+1","Scrawl","JustLucky+1","Replay:Hysterical Blindness","FlyingSleeves","Tantrum+1","Writhe","CrushJoints+1","ReachHeaven","CutThroughFate+1","Replay:ManipulateFuture+1","DeusExMachina","Establishment","LessonLearned","Replay:ManipulateFuture+1","BattleHymn+1","Tantrum+1","Writhe","Bandage Up","EmptyBody","Enlightenment","Spreading Infection","Fasting2","Delirium","ReachHeaven","Collect","EmptyBody","Pray","ReachHeaven","WindmillStrike","Pray+1"],"relics":["HolyWater","HushsDoor","REME_ComplimentaryCards","GuppysPaw","NeowsBlessing","LetterFromLob","REME_ChargedStone","Pocketwatch","Incense Burner","conspire:TopHat","Replay:Grab Bag","Cursed Key","Busted Crown","conspire:Dentures","Darkstone Periapt","Divine Protection","GuppysTail","vexMod:BarristanHead","Replay:Ancient Bell","Gremlin Horn","Prayer Wheel","Garlic","PreservedInsect","vexMod:ScavengeHelm","Counterbalance","BookOfRevelations","REME_CardOfGreed","Strawberry"],"acts_visited":["Exordium","TheCity","TheBeyond","TheEnding"],"potions_floor_usage":[13,24,27,31,37,44,50,55,55],"damage_taken":[{"damage":0,"enemies":"2 Louse","floor":1,"turns":1},{"damage":0,"enemies":"Small Slimes","floor":4,"turns":1},{"damage":0,"enemies":"Gremlin Nob","floor":6,"turns":1},{"damage":0,"enemies":"Cultist","floor":8,"turns":4},{"damage":20,"enemies":"3 Louse","floor":10,"turns":2},{"damage":14,"enemies":"3 Sentries","floor":13,"turns":5},{"damage":21,"enemies":"Lots of Slimes","floor":14,"turns":4},{"damage":18,"enemies":"Slime Boss","floor":16,"turns":6},{"damage":11,"enemies":"Spheric Guardian","floor":18,"turns":4},{"damage":10,"enemies":"Chosen","floor":19,"turns":4},{"damage":29,"enemies":"REME_1_Revenger","floor":24,"turns":6},{"damage":26,"enemies":"Centurion and Healer","floor":27,"turns":3},{"damage":34,"enemies":"Book of Stabbing","floor":29,"turns":6},{"damage":0,"enemies":"Snake Plant","floor":31,"turns":2},{"damage":0,"enemies":"Automaton","floor":33,"turns":10},{"damage":0,"enemies":"3 Darklings","floor":35,"turns":3},{"damage":37,"enemies":"3 Shapes","floor":36,"turns":5},{"damage":28,"enemies":"Sphere and 2 Shapes","floor":37,"turns":5},{"damage":27,"enemies":"Writhing Mass","floor":41,"turns":5},{"damage":0,"enemies":"Hiden Room Battle","floor":44,"turns":4},{"damage":21,"enemies":"Transient","floor":46,"turns":5},{"damage":32,"enemies":"Jaw Worm Horde","floor":48,"turns":3},{"damage":50,"enemies":"Awakened One","floor":50,"turns":10},{"damage":0,"enemies":"Shield and Spear","floor":54,"turns":4},{"damage":85,"enemies":"The Heart","floor":55,"turns":8}],"seed_played":"-1982108048438076805","potions_obtained":[{"floor":4,"key":"BottledMiracle"},{"floor":10,"key":"Elixir"},{"floor":16,"key":"FairyPotion"},{"floor":19,"key":"Ambrosia"},{"floor":27,"key":"AttackPotion"},{"floor":35,"key":"DuplicationPotion"},{"floor":41,"key":"Explosive Potion"},{"floor":44,"key":"DuplicationPotion"}],"is_trial":false,"path_per_floor":["M","?","?","M","?","E","M","M","T","M","?","?","E","M","R","B",null,"M","M","$","?","?","R","E","R","T","M","$","E","$","M","R","B",null,"M","M","M","T","?","R","M","$","T","?","T","M","?","M","R","B",null,"R","$","E","B",null],"character_chosen":"WATCHER","items_purchased":["conspire:Dentures","Darkstone Periapt","ReachHeaven","CutThroughFate+1","vexMod:BarristanHead","Establishment","LessonLearned","Enlightenment","Fire Potion","REME_GoldPotion","Counterbalance","BookOfRevelations","REME_CardOfGreed","ReachHeaven","WindmillStrike"],"campfire_rested":5,"item_purchase_floors":[20,20,28,28,30,34,34,42,53,53,53,53,53,53,53],"current_hp_per_floor":[72,72,72,75,75,75,75,75,75,55,55,75,64,46,70,52,81,73,66,66,66,72,72,43,70,76,53,53,19,19,22,49,49,83,83,49,21,27,27,54,27,27,33,37,43,22,22,31,62,16,17,17,17,1006,921],"gold":9209,"neow_bonus":"THREE_ENEMY_KILL","is_daily":false,"chose_seed":false,"campfire_upgraded":1,"win_rate":0.0,"timestamp":1610513662,"path_taken":["M","?","?","?","?","E","?","M","T","M","?","?","E","M","R","BOSS","M","M","$","?","?","R","E","R","T","?","?","E","$","M","R","BOSS","M","M","?","?","?","R","?","$","T","?","?","M","?","M","R","BOSS","R","$","E","BOSS"],"items_purchased_type":["Relic","Relic","Card","Card","Relic","Card","Card","Card","Potion","Potion","Relic","Relic","Relic","Card","Card"],"build_version":"2020-12-22","purchased_purges":2,"victory":true,"max_hp_per_floor":[72,72,72,75,75,75,75,75,75,75,75,75,78,81,81,81,81,84,87,87,87,93,93,93,93,99,102,102,99,96,93,93,90,83,83,86,86,92,92,92,92,92,98,98,104,104,104,104,104,17,17,17,17,1006,1006],"card_choices":[{"not_picked":[],"picked":"EpicFetus","floor":0},{"not_picked":["Replay:BluntJabs","JustLucky"],"picked":"EmptyBody","floor":1},{"not_picked":["Scrawl","CrushJoints"],"picked":"WindmillStrike","floor":4},{"not_picked":["Replay:ManipulateFuture","FlurryOfBlows"],"picked":"Replay:Battleflow","floor":6},{"not_picked":["EmptyBody","JustLucky"],"picked":"EmptyMind","floor":8},{"not_picked":["BowlingBash","Weave"],"picked":"DeceiveReality","floor":10},{"not_picked":["ThirdEye","Perseverance"],"picked":"Replay:LoomingThreat","floor":13},{"not_picked":["BattleHymn","Replay:AtTheReady"],"picked":"FearNoEvil","floor":14},{"not_picked":["ConjureBlade","DeusExMachina"],"picked":"Scrawl","floor":16},{"not_picked":["Replay:Anticipation"],"picked":"SKIP","floor":18},{"not_picked":[],"picked":"JustLucky+1","floor":19},{"not_picked":[],"picked":"FlyingSleeves","floor":22},{"not_picked":[],"picked":"Tantrum+1","floor":24},{"not_picked":[],"picked":"CrushJoints+1","floor":27},{"not_picked":["Consecrate"],"picked":"SKIP","floor":29},{"not_picked":[],"picked":"Replay:ManipulateFuture+1","floor":31},{"not_picked":[],"picked":"DeusExMachina","floor":33},{"not_picked":[],"picked":"Replay:ManipulateFuture+1","floor":35},{"not_picked":[],"picked":"BattleHymn+1","floor":36},{"not_picked":[],"picked":"Tantrum+1","floor":37},{"not_picked":[],"picked":"Bandage Up","floor":39},{"not_picked":[],"picked":"EmptyBody","floor":41},{"not_picked":[],"picked":"Fasting2","floor":44},{"not_picked":[],"picked":"ReachHeaven","floor":46},{"not_picked":[],"picked":"Collect","floor":46},{"not_picked":[],"picked":"EmptyBody","floor":48},{"not_picked":[],"picked":"Pray","floor":48},{"not_picked":[],"picked":"Pray+1","floor":54}],"player_experience":23370,"relics_obtained":[{"floor":1,"key":"LetterFromLob"},{"floor":6,"key":"Pocketwatch"},{"floor":9,"key":"Incense Burner"},{"floor":13,"key":"conspire:TopHat"},{"floor":24,"key":"Divine Protection"},{"floor":29,"key":"GuppysTail"},{"floor":38,"key":"Gremlin Horn"},{"floor":43,"key":"Prayer Wheel"},{"floor":44,"key":"Garlic"},{"floor":44,"key":"PreservedInsect"},{"floor":45,"key":"vexMod:ScavengeHelm"},{"floor":54,"key":"Strawberry"}],"event_choices":[{"damage_healed":0,"gold_gain":175,"player_choice":"AGREE","damage_taken":0,"max_hp_gain":0,"max_hp_loss":0,"event_name":"Liars Game","floor":11,"gold_loss":0,"cards_obtained":["Doubt"]},{"damage_healed":25,"gold_gain":0,"player_choice":"Banana","damage_taken":0,"max_hp_gain":0,"max_hp_loss":0,"event_name":"Big Fish","floor":12,"gold_loss":0},{"damage_healed":0,"gold_gain":0,"player_choice":"Ignored","damage_taken":0,"max_hp_gain":0,"max_hp_loss":0,"event_name":"Ghosts","floor":21,"gold_loss":0},{"damage_healed":0,"gold_gain":0,"player_choice":"Memory 1","damage_taken":0,"max_hp_gain":0,"max_hp_loss":0,"event_name":"SensoryStone","floor":39,"gold_loss":0},{"damage_healed":0,"gold_gain":0,"player_choice":"Fight","damage_taken":0,"max_hp_gain":0,"max_hp_loss":0,"event_name":"HidenRoomEvent","floor":44,"gold_loss":0},{"cards_removed":["Strike_P"],"damage_healed":0,"gold_gain":0,"player_choice":"Removed Attack","damage_taken":0,"max_hp_gain":0,"max_hp_loss":0,"event_name":"Falling","floor":47,"gold_loss":0}],"is_beta":false,"boss_relics":[{"not_picked":["vexMod:MegatonBomb","Replay:Wanted Poster"],"picked":"Replay:Grab Bag"},{"not_picked":["ChewingGum","vexMod:TanglingVine"],"picked":"Cursed Key"},{"not_picked":["Fusion Hammer","ChampionBelt"],"picked":"Busted Crown"},{"not_picked":["Tiny House","vexMod:BigBerry"],"picked":"HolyWater"},{"not_picked":[]},{"not_picked":["VioletLotus","conspire:RoyalGoblet"],"picked":"Replay:Ancient Bell"},{"not_picked":[]}],"items_purged_floors":[42,53],"is_endless":false,"potions_floor_spawned":[4,10,16,19,27,35,41,44],"ascension_level":0}}