{"host":"0mhttqdumuceah7q","time":1613221399,"event":{"mods":["AchievementEnabler","BaseMod","Colored Map","DeckTracker","Minty Spire (QoL Compilation)","Permanent Neow"],"gold_per_floor":[11,29,29,29,41,75,75,45,45,74,90,109,128,154,154,253,253,263,283,208,223,223,249,249,280,305,322,322,60,90,90,90,90,90],"floor_reached":33,"language":"KOR","playtime":2702,"items_purged":[],"score":393,"play_id":"16d6772f-93bc-403b-96d4-4b4ce9b4425e","local_time":"20210213220319","is_ascension_mode":true,"campfire_choices":[{"data":"Feed","floor":15,"key":"SMITH"},{"data":"RitualDagger","floor":24,"key":"SMITH"},{"data":"Pommel Strike","floor":28,"key":"SMITH"},{"data":"Heavy Blade","floor":32,"key":"SMITH"}],"circlet_count":0,"master_deck":["Strike_R","Strike_R","Strike_R","Strike_R","Defend_R","Defend_R","Defend_R","Searing Blow","Heavy Blade+1","Cleave","Clothesline","Sword Boomerang","Armaments","Feed+1","Twin Strike","Metallicize","Fiend Fire","Searing Blow+1","Spot Weakness+1","RitualDagger+1","Armaments","Pommel Strike+1","Dark Embrace+1","Perfected Strike","Immolate","Cleave"],"relics":["Burning Blood","Kunai","Mercury Hourglass","PreservedInsect","Thread and Needle","Snecko Eye","Pen Nib","Red Skull","Centennial Puzzle","Ornamental Fan","Dream Catcher"],"acts_visited":["Exordium","TheCity"],"potions_floor_usage":[6,6,10,12,14,16,19,29,30,33],"damage_taken":[{"damage":8,"enemies":"2 Louse","floor":1,"turns":2},{"damage":5,"enemies":"Cultist","floor":2,"turns":4},{"damage":6,"enemies":"Small Slimes","floor":3,"turns":4},{"damage":10,"enemies":"Exordium Wildlife","floor":5,"turns":4},{"damage":24,"enemies":"Lagavulin","floor":6,"turns":5},{"damage":17,"enemies":"3 Sentries","floor":10,"turns":5},{"damage":10,"enemies":"Looter","floor":11,"turns":2},{"damage":15,"enemies":"Large Slime","floor":12,"turns":5},{"damage":6,"enemies":"3 Louse","floor":13,"turns":5},{"damage":9,"enemies":"Lagavulin","floor":14,"turns":6},{"damage":63,"enemies":"Hexaghost","floor":16,"turns":13},{"damage":1,"enemies":"Spheric Guardian","floor":18,"turns":3},{"damage":2,"enemies":"3 Byrds","floor":19,"turns":4},{"damage":14,"enemies":"Snake Plant","floor":21,"turns":3},{"damage":13,"enemies":"Book of Stabbing","floor":23,"turns":4},{"damage":35,"enemies":"Slavers","floor":25,"turns":4},{"damage":7,"enemies":"Centurion and Healer","floor":27,"turns":3},{"damage":13,"enemies":"Book of Stabbing","floor":30,"turns":5},{"damage":78,"enemies":"Champ","floor":33,"turns":7}],"seed_played":"5535741816668469392","potions_obtained":[{"floor":1,"key":"Block Potion"},{"floor":2,"key":"Strength Potion"},{"floor":8,"key":"DuplicationPotion"},{"floor":8,"key":"Energy Potion"},{"floor":10,"key":"LiquidMemories"},{"floor":12,"key":"BloodPotion"},{"floor":13,"key":"HeartOfIron"},{"floor":14,"key":"EssenceOfSteel"},{"floor":18,"key":"Dexterity Potion"},{"floor":25,"key":"Regen Potion"},{"floor":27,"key":"Fruit Juice"}],"is_trial":false,"path_per_floor":["M","M","M","?","M","E","$","?","T","E","M","M","M","E","R","B",null,"M","M","?","M","?","E","R","E","T","M","R","$","E","?","R","B"],"character_chosen":"IRONCLAD","items_purchased":["Ornamental Fan"],"campfire_rested":0,"item_purchase_floors":[29],"current_hp_per_floor":[94,95,95,95,91,73,73,73,73,62,58,68,71,72,72,15,103,107,107,107,99,93,86,86,61,61,60,60,65,72,72,72,0,0],"gold":90,"neow_bonus":"TWENTY_PERCENT_HP_BONUS","is_daily":false,"chose_seed":false,"campfire_upgraded":4,"win_rate":0.0,"timestamp":1613221399,"path_taken":["M","M","M","?","M","E","$","?","T","E","M","M","?","E","R","BOSS","M","M","?","M","?","E","R","E","T","M","R","$","E","?","R","BOSS"],"items_purchased_type":["Relic"],"build_version":"2020-12-22","purchased_purges":0,"victory":false,"max_hp_per_floor":[96,96,96,96,96,96,96,96,96,96,96,96,99,103,103,103,103,107,107,107,107,107,107,107,111,111,111,111,116,116,116,116,116,116],"card_choices":[{"not_picked":["Bloodletting","Shrug It Off"],"picked":"Searing Blow","floor":1},{"not_picked":["Cleave","Armaments"],"picked":"Heavy Blade","floor":2},{"not_picked":["Reckless Charge","Wild Strike","Armaments"],"picked":"SKIP","floor":3},{"not_picked":["Warcry","Entrench"],"picked":"Cleave","floor":5},{"not_picked":["Body Slam","Intimidate"],"picked":"Clothesline","floor":6},{"not_picked":["Thunderclap","Cleave"],"picked":"Sword Boomerang","floor":10},{"not_picked":["Havoc","Power Through"],"picked":"Armaments","floor":11},{"not_picked":["Sever Soul","Cleave"],"picked":"Feed","floor":12},{"not_picked":["Wild Strike","Blood for Blood"],"picked":"Twin Strike","floor":13},{"not_picked":["Cleave","Twin Strike"],"picked":"Metallicize","floor":14},{"not_picked":["Brutality","Exhume"],"picked":"Fiend Fire","floor":16},{"not_picked":["Clash","Shockwave"],"picked":"Searing Blow+1","floor":18},{"not_picked":["Burning Pact","Searing Blow"],"picked":"Dropkick","floor":19},{"not_picked":["Thunderclap","Anger"],"picked":"Spot Weakness+1","floor":21},{"not_picked":["Clash","True Grit"],"picked":"Armaments","floor":23},{"not_picked":["Sword Boomerang","Warcry+1"],"picked":"Pommel Strike","floor":25},{"not_picked":["Iron Wave","Flex"],"picked":"Dark Embrace+1","floor":27},{"not_picked":["Reckless Charge+1","Headbutt+1"],"picked":"Perfected Strike","floor":30}],"player_experience":35919,"relics_obtained":[{"floor":6,"key":"Kunai"},{"floor":9,"key":"Mercury Hourglass"},{"floor":10,"key":"PreservedInsect"},{"floor":14,"key":"Thread and Needle"},{"floor":23,"key":"Pen Nib"},{"floor":25,"key":"Red Skull"},{"floor":26,"key":"Centennial Puzzle"},{"floor":30,"key":"Dream Catcher"}],"event_choices":[{"cards_removed":["Bash"],"damage_healed":0,"gold_gain":0,"player_choice":"Forget","damage_taken":0,"max_hp_gain":0,"max_hp_loss":0,"event_name":"Living Wall","floor":4,"gold_loss":0},{"damage_healed":0,"gold_gain":0,"player_choice":"Bought 2 Potions","damage_taken":0,"max_hp_gain":0,"max_hp_loss":0,"event_name":"The Woman in Blue","floor":8,"gold_loss":0},{"cards_removed":["Strike_R"],"damage_healed":0,"gold_gain":0,"player_choice":"Gave Gold","damage_taken":0,"max_hp_gain":0,"max_hp_loss":0,"event_name":"Beggar","floor":20,"gold_loss":75},{"damage_healed":0,"gold_gain":0,"player_choice":"Joined the Cult","damage_taken":6,"max_hp_gain":0,"max_hp_loss":0,"event_name":"Nest","floor":22,"gold_loss":0,"cards_obtained":["RitualDagger"]},{"damage_healed":0,"gold_gain":0,"cards_transformed":["Dropkick","Defend_R"],"player_choice":"Became Test Subject","damage_taken":0,"max_hp_gain":0,"max_hp_loss":0,"event_name":"Drug Dealer","floor":31,"gold_loss":0,"cards_obtained":["Immolate","Cleave"]}],"is_beta":false,"boss_relics":[{"not_picked":["SacredBark","Runic Pyramid"],"picked":"Snecko Eye"}],"items_purged_floors":[],"is_endless":false,"potions_floor_spawned":[1,2,10,12,13,14,18,25,27],"killed_by":"Champ","ascension_level":1}}