{"host":"iodx9wtiy6cq33np","time":1613225461,"event":{"mods":["2.2 Compatiblity","AchievementEnabler","Act Like it!","BaseMod","Colored Map","DeckTracker","Keyboard Shortcuts","Minty Spire (QoL Compilation)","Permanent Neow","Quick Restart","Rare Cards Sparkle","StSLib","SuperFastMode","The Dragon Tamer","everything is the same but u backflip on backflip"],"gold_per_floor":[119,134,134,134,59,59,87,87,110,110,110,110],"floor_reached":10,"language":"KOR","playtime":100,"items_purged":["DTMod:Strike"],"score":93,"play_id":"37d13383-d442-4631-8f94-01fcefdd829d","local_time":"20210213231101","is_ascension_mode":true,"metric_token":991,"campfire_choices":[{"data":"DTMod:Dissolve","floor":6,"key":"SMITH"},{"data":"DTMod:EchoTactic","floor":8,"key":"SMITH"}],"dtmod_dragon_data":[50,50,-1,-1,0,0],"circlet_count":0,"master_deck":["DTMod:Strike","DTMod:Strike","DTMod:Strike","DTMod:DoubleHit","DTMod:TargetDefense","DTMod:TargetDefense","DTMod:TargetDefense","DTMod:TargetDefense","DTMod:SwitchingTactic+1","DTMod:Dissolve+1","DTMod:BurningEnergy","DTMod:EchoTactic+1"],"relics":["DTMod:PactStone","NeowsBlessing","Blood Vial","Toy Ornithopter"],"acts_visited":["Exordium"],"potions_floor_usage":[],"damage_taken":[{"damage":0,"enemies":"Cultist","floor":1,"turns":1},{"damage":0,"enemies":"2 Louse","floor":2,"turns":1},{"damage":0,"enemies":"3 Sentries","floor":7,"turns":2},{"damage":0,"enemies":"Gremlin Nob","floor":10,"turns":1}],"seed_played":"-2469150797184760330","potions_obtained":[{"floor":7,"key":"Energy Potion"}],"is_trial":false,"path_per_floor":["M","M","?","?","$","R","E","R","T","E"],"character_chosen":"THE_DT","items_purchased":[],"campfire_rested":0,"item_purchase_floors":[],"current_hp_per_floor":[45,45,50,50,50,50,50,50,50,50,50,50],"gold":110,"neow_bonus":"THREE_ENEMY_KILL","is_daily":false,"chose_seed":false,"campfire_upgraded":2,"win_rate":0.0,"timestamp":1613225461,"path_taken":["M","M","?","?","?","R","E","R","T","E"],"items_purchased_type":[],"build_version":"2020-12-22","purchased_purges":1,"victory":false,"max_hp_per_floor":[45,45,50,50,50,50,50,50,50,50,50,50],"card_choices":[{"not_picked":["DTMod:Hide","DTMod:Punisher"],"picked":"DTMod:Dissolve","floor":1},{"not_picked":["DTMod:BuildUp","DTMod:MagiciansMark"],"picked":"DTMod:BurningEnergy","floor":2},{"not_picked":["DTMod:DragonDance","DTMod:Cover"],"picked":"DTMod:EchoTactic","floor":7}],"player_experience":919328,"relics_obtained":[{"floor":7,"key":"Blood Vial"},{"floor":9,"key":"Toy Ornithopter"}],"event_choices":[{"damage_healed":0,"gold_gain":0,"player_choice":"Donut","damage_taken":0,"max_hp_gain":5,"max_hp_loss":0,"event_name":"Big Fish","floor":3,"gold_loss":0},{"damage_healed":0,"gold_gain":0,"player_choice":"Grow","damage_taken":0,"max_hp_gain":0,"max_hp_loss":0,"event_name":"Living Wall","floor":4,"gold_loss":0,"cards_upgraded":["DTMod:SwitchingTactic"]}],"is_beta":false,"boss_relics":[],"items_purged_floors":[5],"is_endless":false,"potions_floor_spawned":[7],"killed_by":"Gremlin Nob","ascension_level":1}}