{"host":"xumidyqji6pg2yy3","time":1613220873,"event":{"mods":["BaseMod","Minty Spire (QoL Compilation)","StSLib","[功能]功能增强和修复MOD"],"gold_per_floor":[13,28,3,3,3,3,22,22,22,22,17,44,44,77,77,176,176,191,191,181,181,193,193,193,210,210,235,235,235,0,15,15,114,114,128,145,145,156,156,184,184,200,252,252],"floor_reached":43,"language":"ZHS","playtime":1625,"items_purged":["Defend_P","Strike_P","Defend_P","Defend_P","Defend_P","ReachHeaven+1","Strike_P+1","Strike_P+1"],"score":732,"play_id":"0d8cc537-e495-4907-81be-39461836ef3c","local_time":"20210213205433","is_ascension_mode":false,"campfire_choices":[{"data":"Vigilance","floor":6.0,"key":"SMITH"},{"data":"ReachHeaven","floor":8.0,"key":"SMITH"},{"data":"Strike_P","floor":10.0,"key":"SMITH"},{"data":"MentalFortress","floor":15.0,"key":"SMITH"},{"data":"SashWhip","floor":23.0,"key":"SMITH"},{"floor":32.0,"key":"REST"},{"data":"Adaptation","floor":41,"key":"SMITH"}],"circlet_count":0,"master_deck":["Eruption+1","Vigilance+1","MentalFortress+1","SashWhip+1","Consecrate+1","RitualDagger+1","MentalFortress+1","FollowUp+1","Adaptation+1"],"relics":["PureWater","FossilizedHelix","Darkstone Periapt","TeardropLocket","TheAbacus","Akabeko","Whetstone","ClockworkSouvenir","Matryoshka","Calipers","Orichalcum","Frozen Eye","Juzu Bracelet","Molten Egg 2","Sundial","HandDrill","HornCleat","SacredBark","Pocketwatch","Du-Vu Doll","Centennial Puzzle","OrangePellets","Boot","Shuriken","Toxic Egg 2","Mercury Hourglass","GoldenEye","Strange Spoon","Pantograph","SlaversCollar","Eternal Feather","Unceasing Top","Toolbox","Mango","Nunchaku","Orrery","Lantern","Toy Ornithopter"],"acts_visited":["Exordium","TheCity","TheBeyond"],"potions_floor_usage":[],"damage_taken":[{"damage":0.0,"enemies":"Cultist","floor":1.0,"turns":2.0},{"damage":0.0,"enemies":"Small Slimes","floor":2.0,"turns":2.0},{"damage":0.0,"enemies":"Jaw Worm","floor":7.0,"turns":1.0},{"damage":1.0,"enemies":"3 Sentries","floor":12.0,"turns":7.0},{"damage":0.0,"enemies":"Lagavulin","floor":14.0,"turns":3.0},{"damage":0.0,"enemies":"The Guardian","floor":16.0,"turns":5.0},{"damage":0.0,"enemies":"2 Thieves","floor":18.0,"turns":2.0},{"damage":0.0,"enemies":"Spheric Guardian","floor":22.0,"turns":1.0},{"damage":0.0,"enemies":"Snake Plant","floor":25.0,"turns":2.0},{"damage":0.0,"enemies":"Slavers","floor":27.0,"turns":4.0},{"damage":0.0,"enemies":"Shelled Parasite and Fungi","floor":31.0,"turns":2.0},{"damage":0.0,"enemies":"Automaton","floor":33.0,"turns":4.0},{"damage":0.0,"enemies":"Orb Walker","floor":35.0,"turns":2.0},{"damage":0.0,"enemies":"3 Shapes","floor":36.0,"turns":2.0},{"damage":0,"enemies":"Spire Growth","floor":38,"turns":1},{"damage":0,"enemies":"Giant Head","floor":40,"turns":3},{"damage":0,"enemies":"Jaw Worm Horde","floor":42,"turns":2}],"seed_played":"-7353391406793542773","potions_obtained":[{"floor":1.0,"key":"Swift Potion"},{"floor":2.0,"key":"SkillPotion"},{"floor":7.0,"key":"PowerPotion"},{"floor":25.0,"key":"LiquidMemories"},{"floor":27.0,"key":"SkillPotion"},{"floor":31.0,"key":"AttackPotion"},{"floor":33.0,"key":"Energy Potion"},{"floor":36.0,"key":"Fruit Juice"},{"floor":36.0,"key":"Energy Potion"}],"is_trial":false,"path_per_floor":["M","M","$","?","$","R","M","R","T","R","$","E","$","E","R","B",null,"M","?","$","?","M","R","$","M","T","E","$","?","?","M","R","B",null,"M","M","$","M","$","E","R","M","T"],"character_chosen":"WATCHER","items_purchased":["Darkstone Periapt","TeardropLocket","TheAbacus","Fire Potion","Akabeko","Whetstone","ClockworkSouvenir","MentalFortress","Calipers","Orichalcum","Frozen Eye","SashWhip","Molten Egg 2","Sundial","HandDrill","Pocketwatch","Du-Vu Doll","EntropicBrew","Centennial Puzzle","OrangePellets","Mercury Hourglass","GoldenEye","Strange Spoon","Eternal Feather","Unceasing Top","Toolbox","FollowUp+1","Adaptation","Mango","Nunchaku","Orrery"],"campfire_rested":1,"item_purchase_floors":[3,3,3,3,5,5,5,11,11,11,11,11,13,13,13,20,20,20,24,24,28,28,28,37,37,37,37,39,39,39,39],"current_hp_per_floor":[72,72,72,72,72,72,72,72,72,72,72,71,71,71,71,71,72,72,66,66,66,66,66,66,66,66,66,66,66,66,66,72,72,72,72,82,82,82,96,96,96,96,96,96],"gold":252,"neow_bonus":"ONE_RARE_RELIC","is_daily":false,"chose_seed":false,"campfire_upgraded":6,"win_rate":0.0,"timestamp":1613220873,"path_taken":["M","M","$","?","$","R","M","R","T","R","$","E","$","E","R","BOSS","M","?","$","?","M","R","$","M","T","E","$","?","?","M","R","BOSS","M","M","$","M","$","E","R","M","T"],"items_purchased_type":["Relic","Relic","Relic","Potion","Relic","Relic","Relic","Card","Relic","Relic","Relic","Card","Relic","Relic","Relic","Relic","Relic","Potion","Relic","Relic","Relic","Relic","Relic","Relic","Relic","Relic","Card","Card","Relic","Relic","Relic"],"build_version":"2020-12-22","purchased_purges":8,"victory":false,"max_hp_per_floor":[72,72,72,72,72,72,72,72,72,72,72,72,72,72,72,72,72,72,72,72,72,72,72,72,72,72,72,72,72,72,72,72,72,72,72,82,82,82,96,96,96,96,96,96],"card_choices":[{"not_picked":["Pray","Wallop","FlyingSleeves"],"picked":"SKIP","floor":1.0},{"not_picked":["Protect","FlyingSleeves","FollowUp"],"picked":"SKIP","floor":2.0},{"not_picked":["WaveOfTheHand","FlyingSleeves","Protect"],"picked":"SKIP","floor":7.0},{"not_picked":["CrushJoints","LikeWater","ClearTheMind"],"picked":"SKIP","floor":12.0},{"not_picked":["LikeWater","BowlingBash+1","Indignation"],"picked":"SKIP","floor":14.0},{"not_picked":["SignatureMove+1","ThirdEye"],"picked":"Consecrate+1","floor":18.0},{"not_picked":["Study+1","FlurryOfBlows+1","BowlingBash+1"],"picked":"SKIP","floor":22.0},{"not_picked":["PathToVictory","ClearTheMind","BowlingBash+1"],"picked":"SKIP","floor":25.0},{"not_picked":["Crescendo+1","Consecrate+1","CarveReality+1"],"picked":"SKIP","floor":27.0},{"not_picked":["Evaluate+1","SandsOfTime+1","EmptyFist+1"],"picked":"SKIP","floor":31.0},{"not_picked":["ThirdEye+1","TalkToTheHand+1","BowlingBash+1"],"picked":"SKIP","floor":35.0},{"not_picked":["Evaluate+1","Prostrate+1","Consecrate+1"],"picked":"SKIP","floor":36.0},{"not_picked":["Weave+1","MentalFortress+1","Crescendo+1"],"picked":"SKIP","floor":38},{"not_picked":["Perseverance+1","LikeWater+1","WreathOfFlame+1"],"picked":"SKIP","floor":40},{"not_picked":["Perseverance+1","LikeWater+1","WreathOfFlame+1"],"picked":"SKIP","floor":40},{"not_picked":["Vengeance+1","CrushJoints+1","WindmillStrike+1"],"picked":"SKIP","floor":42}],"player_experience":57412,"relics_obtained":[{"floor":9.0,"key":"Matryoshka"},{"floor":12.0,"key":"Juzu Bracelet"},{"floor":14.0,"key":"HornCleat"},{"floor":26.0,"key":"Boot"},{"floor":26.0,"key":"Shuriken"},{"floor":27.0,"key":"Toxic Egg 2"},{"floor":40,"key":"Lantern"},{"floor":43,"key":"Toy Ornithopter"}],"event_choices":[{"damage_healed":0.0,"max_hp_gain":0.0,"max_hp_loss":0.0,"gold_gain":0.0,"cards_transformed":["Strike_P"],"event_name":"Living Wall","player_choice":"Change","floor":4.0,"gold_loss":0.0,"damage_taken":0.0,"cards_obtained":["ReachHeaven"]},{"damage_healed":0.0,"max_hp_gain":0.0,"max_hp_loss":0.0,"gold_gain":0.0,"event_name":"Nest","player_choice":"Joined the Cult","floor":19.0,"gold_loss":0.0,"damage_taken":6.0,"cards_obtained":["RitualDagger"]},{"damage_healed":0.0,"max_hp_gain":0.0,"max_hp_loss":0.0,"gold_gain":0.0,"event_name":"Duplicator","player_choice":"Copied","floor":21.0,"gold_loss":0.0,"damage_taken":0.0,"cards_obtained":["MentalFortress"]},{"damage_healed":0.0,"max_hp_gain":0.0,"max_hp_loss":0.0,"gold_gain":0.0,"event_name":"The Mausoleum","player_choice":"Opened","floor":29.0,"gold_loss":0.0,"damage_taken":0.0,"relics_obtained":["Pantograph"]},{"damage_healed":0.0,"max_hp_gain":0.0,"max_hp_loss":0.0,"gold_gain":0.0,"event_name":"Masked Bandits","player_choice":"Paid Fearfully","floor":30.0,"gold_loss":235.0,"damage_taken":0.0}],"is_beta":false,"boss_relics":[{"not_picked":["Fusion Hammer","Velvet Choker"],"picked":"SacredBark"},{"not_picked":["Cursed Key","HolyWater"],"picked":"SlaversCollar"}],"items_purged_floors":[3,3,3,3,3,11,20,20],"is_endless":false,"potions_floor_spawned":[1,2,7,7,12,12,14,16,16,18,22,22,25,27,27,31,33,33,35,36,36,38,40,42],"ascension_level":0}}