{"host":"ZYF","time":1613187237,"event":{"mods":["BaseMod","GungeonMod","Minty Spire (QoL Compilation)","Reliquary","Replay The Spire","StSLib"],"gold_per_floor":[110,110,123,123,133,159,159,159,159,193,193,223,223,237,293,393,393,412,412,412,412,412],"floor_reached":21,"language":"ZHS","playtime":1222,"items_purged":[],"score":185,"play_id":"4a738610-6730-4e12-8675-0121cd0594b8","local_time":"20210213113357","is_ascension_mode":false,"campfire_choices":[{"data":"DemoMod:ZorGun","floor":7,"key":"SMITH"},{"floor":11,"key":"REST"},{"data":"DemoMod:CrossBow","floor":13,"key":"SMITH"}],"circlet_count":0,"master_deck":["DemoMod:Strike_Huntress","DemoMod:Strike_Huntress","DemoMod:Strike_Huntress","DemoMod:Defend_Huntress","DemoMod:Defend_Huntress","DemoMod:Defend_Huntress","DemoMod:Defend_Huntress","DemoMod:Roll","DemoMod:ManualReload+1","DemoMod:RustySidearm","DemoMod:CrossBow+1","DemoMod:Polaris","DemoMod:HighKaliber+1","DemoMod:RadGun","DemoMod:BSG","DemoMod:ChanceBullets+1"],"relics":["DemoMod:Dog","NeowsBlessing","DemoMod:ClearGuonStone","Replay:Baseball","DemoMod:Orange","reliquary:TridentHead","Sozu","DemoMod:GlassGuonStoneRelic","CaptainsWheel","Peace Pipe"],"acts_visited":["Exordium","TheCity"],"potions_floor_usage":[6,16],"damage_taken":[{"damage":0,"enemies":"Small Slimes","floor":1,"turns":2},{"damage":0,"enemies":"Jaw Worm","floor":3,"turns":1},{"damage":0,"enemies":"Cultist","floor":5,"turns":1},{"damage":36,"enemies":"Gremlin Nob","floor":6,"turns":6},{"damage":11,"enemies":"3 Sentries","floor":10,"turns":12},{"damage":0,"enemies":"3 Louse","floor":14,"turns":1},{"damage":27,"enemies":"Fading Forest","floor":16,"turns":11},{"damage":1,"enemies":"Chosen","floor":18,"turns":3},{"damage":0,"enemies":"Masked Bandits","floor":21,"turns":1}],"seed_played":"1176914005640628366","potions_obtained":[{"floor":3,"key":"Explosive Potion"},{"floor":5,"key":"Block Potion"},{"floor":14,"key":"Ancient Potion"}],"is_trial":false,"path_per_floor":["M","?","M","?","M","E","R","?","T","E","R","?","R","M","R","B",null,"M","?","?","?"],"character_chosen":"HUNTRESS","items_purchased":[],"campfire_rested":1,"item_purchase_floors":[],"current_hp_per_floor":[70,70,70,70,70,34,34,34,46,35,59,59,59,59,59,32,82,81,81,81,81,81],"gold":412,"neow_bonus":"THREE_ENEMY_KILL","is_daily":false,"chose_seed":false,"campfire_upgraded":2,"win_rate":0.0,"timestamp":1613187237,"path_taken":["M","?","M","?","?","E","R","?","T","E","R","?","R","M","R","BOSS","M","?","?","?"],"items_purchased_type":[],"build_version":"2020-12-18","purchased_purges":0,"victory":false,"max_hp_per_floor":[70,70,70,70,70,70,70,70,82,82,82,82,82,82,82,82,82,82,82,82,82,82],"card_choices":[{"not_picked":["DemoMod:BoxingGlove","DemoMod:AbyssalTentacle","DemoMod:Polaris"],"picked":"SKIP","floor":1},{"not_picked":["DemoMod:StickyCrossBow","DemoMod:TeaPot","DemoMod:Unmoved"],"picked":"SKIP","floor":3},{"not_picked":["DemoMod:GunstockTap","DemoMod:MachoBrace"],"picked":"DemoMod:Polaris","floor":5},{"not_picked":["DemoMod:FortunesFavor","DemoMod:ThirdPartyController"],"picked":"DemoMod:ZorGun","floor":6},{"not_picked":["DemoMod:DoubleSwitch","DemoMod:StickyCrossBow","DemoMod:ConditionalReflex"],"picked":"SKIP","floor":10},{"not_picked":["DemoMod:Ejector","DemoMod:MegaHand"],"picked":"DemoMod:RadGun","floor":14},{"not_picked":["DemoMod:BulletBore","DemoMod:BlackHoleGun"],"picked":"DemoMod:BSG","floor":16},{"not_picked":["DemoMod:GunShield","DemoMod:DoubleSwitch"],"picked":"DemoMod:ChanceBullets+1","floor":18}],"player_experience":36905,"relics_obtained":[{"floor":6,"key":"Replay:Baseball"},{"floor":9,"key":"DemoMod:Orange"},{"floor":10,"key":"reliquary:TridentHead"},{"floor":16,"key":"reliquary:FerryPass"},{"floor":18,"key":"CaptainsWheel"}],"event_choices":[{"damage_healed":0,"gold_gain":0,"player_choice":"Grow","damage_taken":0,"max_hp_gain":0,"max_hp_loss":0,"event_name":"Living Wall","floor":2,"gold_loss":0,"cards_upgraded":["DemoMod:ManualReload"]},{"damage_healed":0,"gold_gain":0,"player_choice":"Gave Potion","damage_taken":0,"relics_obtained":["DemoMod:ClearGuonStone"],"max_hp_gain":0,"max_hp_loss":0,"event_name":"WeMeetAgain","floor":4,"gold_loss":0},{"damage_healed":0,"gold_gain":30,"player_choice":"Searched \u00271\u0027 times","damage_taken":0,"max_hp_gain":0,"max_hp_loss":0,"event_name":"Dead Adventurer","floor":12,"gold_loss":0},{"damage_healed":0,"gold_gain":0,"player_choice":"Ignored","damage_taken":0,"max_hp_gain":0,"max_hp_loss":0,"event_name":"Ghosts","floor":20,"gold_loss":0},{"damage_healed":0,"gold_gain":0,"player_choice":"Fought Bandits","damage_taken":0,"max_hp_gain":0,"max_hp_loss":0,"event_name":"Masked Bandits","floor":21,"gold_loss":0}],"is_beta":true,"boss_relics":[{"not_picked":["Kintsugi","Velvet Choker"],"picked":"Sozu"}],"items_purged_floors":[],"is_endless":false,"potions_floor_spawned":[3,5,14,18],"killed_by":"Masked Bandits","ascension_level":0}}