{"host":"kr40xqsmov1kh7zv","time":1613193778,"event":{"mods":["AchievementEnabler","Act Like it!","BaseMod","Downfall","Highlight Path","Minty Spire (QoL Compilation)","StSLib"],"gold_per_floor":[99,112,129,579,594,504,504,522,322,337,395,495,253,284,300,402,402,302,319,419,369,369,382,382,400,600,627,627,647,647,647,647,647],"floor_reached":31,"language":"ENG","playtime":2149,"items_purged":["Doubt","bronze:Strike"],"score":320,"play_id":"b372751c-a8fc-4f55-90de-193f5f5bc072","local_time":"20210213162258","is_ascension_mode":true,"campfire_choices":[{"floor":1,"key":"RECALL"},{"data":"bronze:BitShift","floor":9,"key":"SMITH"},{"data":"bronze:ItsAFeature","floor":18,"key":"SMITH"},{"floor":28,"key":"REST"}],"circlet_count":0,"master_deck":["bronze:Strike","bronze:Defend","bronze:Defend","bronze:Replicate","bronze:Goto","bronze:Separator+1","bronze:Branch","downfall:Icky","downfall:Icky","downfall:Icky","bronze:Repair","bronze:Shield","bronze:BitShift+1","bronze:ShipIt+1","bronze:WildBeam","bronze:Assembly","bronze:ChosenStrike","bronze:ItsAFeature+1","bronze:MaxOutput","bronze:WildBeam+1","bronze:Turbo","bronze:HyperBeam","bronze:WhirlingStrike+1","J.A.X.","bronze:Repulsor","bronze:FindAndReplace","bronze:Shield+1","bronze:BugBarrage"],"relics":["bronze:BronzeCore","Ice Cream","downfall:HeartBlessingBlue","downfall:HeartBlessingRed","Pear","Black Star","downfall:HeartBlessingGreen","MutagenicStrength","downfall:RedIOU","Pantograph","Singing Bowl","Whetstone"],"acts_visited":["Exordium","TheCity"],"potions_floor_usage":[10,10,12,12,14,16,27,30],"damage_taken":[{"damage":2,"enemies":"2 Louse","floor":2,"turns":3},{"damage":4,"enemies":"Jaw Worm","floor":3,"turns":4},{"damage":15,"enemies":"Cultist","floor":5,"turns":7},{"damage":1,"enemies":"downfall:FleeingMerchant","floor":6,"turns":4},{"damage":4,"enemies":"Blue Slaver","floor":8,"turns":5},{"damage":5,"enemies":"Exordium Wildlife","floor":10,"turns":3},{"damage":35,"enemies":"3 Sentries","floor":11,"turns":8},{"damage":27,"enemies":"downfall:Heads","floor":12,"turns":8},{"damage":7,"enemies":"downfall:FleeingMerchant","floor":13,"turns":4},{"damage":13,"enemies":"3 Sentries","floor":14,"turns":6},{"damage":10,"enemies":"Exordium Thugs","floor":15,"turns":4},{"damage":21,"enemies":"WA_ARCHETYPE_RETAIN","floor":16,"turns":6},{"damage":34,"enemies":"Chosen","floor":19,"turns":6},{"damage":50,"enemies":"downfall:Augmenter","floor":20,"turns":6},{"damage":10,"enemies":"3 Byrds","floor":23,"turns":3},{"damage":12,"enemies":"3 Cultists","floor":25,"turns":5},{"damage":41,"enemies":"Slavers","floor":27,"turns":5},{"damage":26,"enemies":"Snake Plant","floor":29,"turns":4},{"damage":23,"enemies":"Snecko","floor":30,"turns":4},{"damage":4,"enemies":"Book of Stabbing","floor":31,"turns":1}],"seed_played":"-2243658623279034020","potions_obtained":[{"floor":8,"key":"EntropicBrew"},{"floor":10,"key":"Dexterity Potion"},{"floor":12,"key":"Block Potion"},{"floor":15,"key":"Regen Potion"},{"floor":16,"key":"AttackPotion"},{"floor":23,"key":"Strength Potion"},{"floor":27,"key":"SteroidPotion"}],"is_trial":false,"path_per_floor":["R","M","M","?","M","$","T","M","R","M","?","?","$","E","M","B",null,"R","M","?","?","?","M","T","M","?","E","R","M","M","E"],"character_chosen":"THE_AUTOMATON","items_purchased":["bronze:MaxOutput","bronze:WildBeam"],"campfire_rested":1,"item_purchase_floors":[13,13],"current_hp_per_floor":[70,68,64,64,49,55,55,58,68,70,52,32,32,26,16,17,90,90,63,20,53,53,50,50,45,45,18,45,26,3,0,0,0],"gold":647,"neow_bonus":"ONE_RARE_RELIC","is_daily":false,"chose_seed":false,"campfire_upgraded":2,"win_rate":0.0,"timestamp":1613193778,"path_taken":["R","M","M","?","M","$","T","M","R","M","?","?","?","E","M","BOSS","R","M","?","?","?","M","T","M","?","E","R","M","?","E"],"items_purchased_type":["Card","Card"],"build_version":"2020-12-22","purchased_purges":2,"victory":false,"max_hp_per_floor":[70,70,70,70,70,70,70,70,80,80,90,90,90,90,90,90,90,90,90,90,90,90,90,90,90,90,90,90,90,90,90,90,90],"card_choices":[{"not_picked":["bronze:Iterate","bronze:BitShift"],"picked":"bronze:Separator","floor":2},{"not_picked":["bronze:Separator","bronze:WildBeam"],"picked":"bronze:Branch","floor":3},{"not_picked":["bronze:WildBeam","bronze:Invalidate"],"picked":"bronze:Repair","floor":5},{"not_picked":["bronze:Philosophize","bronze:CutThrough"],"picked":"bronze:Shield","floor":6},{"not_picked":["bronze:DelayedGuard","bronze:DelayedSlice"],"picked":"bronze:BitShift","floor":8},{"not_picked":["bronze:BronzeOrb","bronze:Terminator"],"picked":"bronze:ShipIt","floor":10},{"not_picked":["bronze:Constructor","bronze:Overheat"],"picked":"bronze:WildBeam","floor":11},{"not_picked":["bronze:Philosophize","bronze:ChildClass"],"picked":"bronze:ChosenStrike","floor":12},{"not_picked":["bronze:Separator","bronze:Fortify"],"picked":"bronze:ItsAFeature","floor":13},{"not_picked":["bronze:DelayedGuard","bronze:Constructor","bronze:CleanCode"],"picked":"SKIP","floor":14},{"not_picked":["bronze:DigitalCarnage","bronze:DelayedSlice"],"picked":"bronze:Turbo","floor":15},{"not_picked":["bronze:SpaghettiCode","bronze:Assembly"],"picked":"bronze:HyperBeam","floor":16},{"not_picked":["bronze:FineTuning+1","bronze:Branch+1","bronze:CutThrough"],"picked":"SKIP","floor":19},{"not_picked":["bronze:BitShift","bronze:CutThrough"],"picked":"bronze:WhirlingStrike+1","floor":20},{"not_picked":[],"picked":"J.A.X.","floor":20},{"not_picked":["bronze:Terminator","bronze:Constructor","bronze:Branch+1"],"picked":"SKIP","floor":23},{"not_picked":["bronze:DigitalCarnage+1","bronze:Overheat","bronze:WhirlingStrike"],"picked":"SKIP","floor":25},{"not_picked":["bronze:Overheat","bronze:Fortify+1"],"picked":"bronze:Shield+1","floor":27},{"not_picked":["bronze:Constructor","bronze:Turbo"],"picked":"bronze:BugBarrage","floor":29}],"player_experience":225597,"relics_obtained":[{"floor":14,"key":"Juzu Bracelet"},{"floor":20,"key":"MutagenicStrength"},{"floor":24,"key":"Pantograph"},{"floor":27,"key":"Singing Bowl"},{"floor":27,"key":"Whetstone"}],"event_choices":[{"damage_healed":0,"gold_gain":200,"player_choice":"Gold","damage_taken":0,"max_hp_gain":0,"max_hp_loss":0,"event_name":"Wheel of Change","floor":26,"gold_loss":0}],"is_beta":false,"boss_relics":[{"not_picked":["Cursed Key","Pandora\u0027s Box"],"picked":"Black Star"}],"items_purged_floors":[6,13],"is_endless":false,"potions_floor_spawned":[8,10,11,12,15,16,23,27,30],"killed_by":"Book of Stabbing","ascension_level":1}}