{"host":"2yqfi47fogfu1ic4","time":1613259550,"event":{"mods":["AchievementEnabler","BaseMod","Colored Map","Colored Powertips","Highlight Path","Minty Spire (QoL Compilation)","Permanent Neow","Relic Stats","StSLib"],"gold_per_floor":[114,114,114,132,207,207,219,237,237,27,53,68,86,112,112,186,186,205,221,221,221,233,260,271,298,376,392,418,434,484,496,496,570,570,583,599,599,599,439,439,474,474,474,500,510,537,283,299,299,299,299,299,299,42,77,77],"floor_reached":57,"language":"DEU","playtime":13876,"items_purged":["Strike_G+1","Strike_G+1"],"score":3053,"play_id":"a3e98f4f-0635-4fa8-becf-5a1de06913c6","local_time":"20210214003910","is_ascension_mode":true,"campfire_choices":[{"floor":6.0,"key":"REST"},{"data":"Phantasmal Killer","floor":15.0,"key":"SMITH"},{"data":"Finisher","floor":32.0,"key":"SMITH"},{"data":"Wraith Form v2","floor":40.0,"key":"SMITH"},{"data":"Panacea","floor":42,"key":"SMITH"},{"floor":49,"key":"RECALL"},{"data":"Wraith Form v2","floor":53,"key":"SMITH"}],"circlet_count":0,"master_deck":["AscendersBane","Strike_G+1","Defend_G+1","Defend_G+1","Defend_G+1","Defend_G+1","Survivor","Neutralize","Malaise","Endless Agony","Heel Hook","Poisoned Stab","Finisher+1","Phantasmal Killer+1","Venomology","Blade Dance","Blade Dance","Acrobatics","Cloak And Dagger+1","Leg Sweep+1","PiercingWail","Wraith Form v2+1","CurseOfTheBell","PanicButton","PanicButton","Panacea+1","Terror","Calculated Gamble+1","Wraith Form v2+1","Footwork+1"],"relics":["Empty Cage","Du-Vu Doll","Sling","Pocketwatch","InkBottle","Coffee Dripper","Mercury Hourglass","Gremlin Horn","Singing Bowl","Boot","Calling Bell","Snake Skull","Darkstone Periapt","Incense Burner","Orrery","MealTicket","HornCleat","Lizard Tail","Centennial Puzzle","Mummified Hand"],"acts_visited":["Exordium","TheCity","TheBeyond","TheEnding"],"potions_floor_usage":[41,44,46,48,50,56,56],"damage_taken":[{"damage":5.0,"enemies":"Small Slimes","floor":1.0,"turns":5.0},{"damage":0.0,"enemies":"2 Louse","floor":4.0,"turns":4.0},{"damage":2.0,"enemies":"Cultist","floor":7.0,"turns":6.0},{"damage":0.0,"enemies":"3 Louse","floor":8.0,"turns":5.0},{"damage":0.0,"enemies":"Lagavulin","floor":11.0,"turns":7.0},{"damage":0.0,"enemies":"Large Slime","floor":12.0,"turns":5.0},{"damage":0.0,"enemies":"Blue Slaver","floor":13.0,"turns":4.0},{"damage":8.0,"enemies":"Gremlin Nob","floor":14.0,"turns":3.0},{"damage":0.0,"enemies":"Slime Boss","floor":16.0,"turns":7.0},{"damage":0.0,"enemies":"3 Byrds","floor":18.0,"turns":3.0},{"damage":0.0,"enemies":"2 Thieves","floor":19.0,"turns":3.0},{"damage":0.0,"enemies":"3 Cultists","floor":22.0,"turns":4.0},{"damage":15.0,"enemies":"Book of Stabbing","floor":23.0,"turns":4.0},{"damage":0.0,"enemies":"Chosen and Byrds","floor":24.0,"turns":3.0},{"damage":0.0,"enemies":"Gremlin Leader","floor":25.0,"turns":2.0},{"damage":0.0,"enemies":"Centurion and Healer","floor":27.0,"turns":4.0},{"damage":0.0,"enemies":"Slavers","floor":28.0,"turns":2.0},{"damage":1.0,"enemies":"Snake Plant","floor":29.0,"turns":3.0},{"damage":0.0,"enemies":"3 Cultists","floor":31.0,"turns":3.0},{"damage":22.0,"enemies":"Automaton","floor":33.0,"turns":5.0},{"damage":3.0,"enemies":"Orb Walker","floor":35.0,"turns":3.0},{"damage":0.0,"enemies":"3 Darklings","floor":36.0,"turns":3.0},{"damage":0,"enemies":"Reptomancer","floor":41,"turns":4},{"damage":1,"enemies":"Nemesis","floor":44,"turns":7},{"damage":1,"enemies":"Transient","floor":45,"turns":6},{"damage":4,"enemies":"Giant Head","floor":46,"turns":6},{"damage":0,"enemies":"Sphere and 2 Shapes","floor":48,"turns":6},{"damage":40,"enemies":"Donu and Deca","floor":50,"turns":18},{"damage":21,"enemies":"Awakened One","floor":51,"turns":26},{"damage":2,"enemies":"Shield and Spear","floor":55,"turns":9},{"damage":63,"enemies":"The Heart","floor":56,"turns":13}],"seed_played":"2053413746547525920","potions_obtained":[{"floor":7.0,"key":"CunningPotion"},{"floor":13.0,"key":"SpeedPotion"},{"floor":14.0,"key":"DistilledChaos"},{"floor":21.0,"key":"SteroidPotion"},{"floor":21.0,"key":"FearPotion"},{"floor":25.0,"key":"Strength Potion"},{"floor":33.0,"key":"Weak Potion"},{"floor":44,"key":"DistilledChaos"},{"floor":46,"key":"PowerPotion"},{"floor":48,"key":"Ancient Potion"}],"is_trial":false,"path_per_floor":["M","?","?","M","?","R","M","M","T","$","E","M","M","E","R","B",null,"M","M","?","?","M","E","M","E","T","M","E","M","?","M","R","B",null,"M","M","T","?","$","R","E","R","T","E","M","E","$","M","R","B","B",null,"R","$","E","B",null],"character_chosen":"THE_SILENT","items_purchased":["Sling","Finisher","Orrery","Wraith Form v2","Centennial Puzzle"],"campfire_rested":1,"item_purchase_floors":[10,10,39,47,54],"current_hp_per_floor":[54,34,34,34,23,42,40,40,40,40,40,40,40,32,32,32,58,58,58,58,58,58,43,43,43,43,45,45,46,46,48,48,26,61,60,62,62,52,58,58,60,60,60,61,62,60,75,77,77,37,16,73,73,88,86,23],"gold":77,"neow_bonus":"BOSS_RELIC","is_daily":false,"chose_seed":false,"campfire_upgraded":5,"win_rate":0.0,"timestamp":1613259550,"path_taken":["M","?","?","?","?","R","M","M","T","$","E","M","M","E","R","BOSS","M","M","?","?","?","E","M","E","T","M","E","M","?","M","R","BOSS","M","M","?","?","$","R","E","R","T","E","M","E","$","M","R","BOSS","BOSS","R","$","E","BOSS"],"items_purchased_type":["Relic","Card","Relic","Card","Relic"],"build_version":"2020-12-22","purchased_purges":2,"victory":true,"max_hp_per_floor":[66,66,66,66,66,66,66,66,66,66,66,66,66,66,66,66,66,66,66,66,66,66,66,66,66,66,68,68,70,70,72,72,72,72,74,76,76,76,82,82,84,84,84,86,88,90,90,92,92,92,92,92,92,92,92,92],"relic_stats":{"Darkstone Periapt":0,"Gremlin Horn":[20,19],"Singing Bowl":26,"counters":[31,182],"Snake Skull":[21],"Boot":[69],"Mercury Hourglass":[406],"Lizard Tail":0,"Centennial Puzzle":[6],"Mummified Hand":[3],"MealTicket":30,"obtain_stats":[{"Darkstone Periapt":34,"Gremlin Horn":25,"Singing Bowl":26,"Snake Skull":34,"Incense Burner":34,"Empty Cage":0,"Sling":10,"Boot":28,"Mercury Hourglass":23,"Du-Vu Doll":9,"Calling Bell":34,"Lizard Tail":46,"Centennial Puzzle":54,"HornCleat":43,"Mummified Hand":55,"Orrery":39,"MealTicket":41,"Coffee Dripper":17,"InkBottle":14,"Ring of the Snake":0,"Pocketwatch":11},{"Darkstone Periapt":20,"Gremlin Horn":15,"Singing Bowl":15,"Snake Skull":20,"Incense Burner":20,"Empty Cage":0,"Sling":4,"Boot":17,"Mercury Hourglass":13,"Du-Vu Doll":4,"Calling Bell":20,"Lizard Tail":26,"Centennial Puzzle":29,"HornCleat":23,"Mummified Hand":30,"Orrery":22,"MealTicket":23,"Coffee Dripper":9,"InkBottle":8,"Ring of the Snake":0,"Pocketwatch":5},{"Darkstone Periapt":82,"Gremlin Horn":65,"Singing Bowl":65,"Snake Skull":82,"Incense Burner":82,"Empty Cage":0,"Sling":20,"Boot":71,"Mercury Hourglass":60,"Du-Vu Doll":20,"Calling Bell":82,"Lizard Tail":111,"Centennial Puzzle":160,"HornCleat":92,"Mummified Hand":169,"Orrery":88,"MealTicket":92,"Coffee Dripper":46,"InkBottle":39,"Ring of the Snake":0,"Pocketwatch":27}],"InkBottle":[85],"Pocketwatch":[169]},"card_choices":[{"not_picked":["Deadly Poison","Setup","Dodge and Roll"],"picked":"SKIP","floor":1.0},{"not_picked":["Quick Slash","Dagger Throw"],"picked":"Endless Agony","floor":4.0},{"not_picked":["Caltrops","Flying Knee"],"picked":"Heel Hook","floor":7.0},{"not_picked":["Acrobatics","PiercingWail"],"picked":"Poisoned Stab","floor":8.0},{"not_picked":["Reflex","Underhanded Strike","Acrobatics"],"picked":"SKIP","floor":11.0},{"not_picked":["Prepared","Quick Slash","Outmaneuver"],"picked":"SKIP","floor":12.0},{"not_picked":["Setup","Flying Knee","Deflect"],"picked":"SKIP","floor":13.0},{"not_picked":["Slice","Choke"],"picked":"Phantasmal Killer","floor":14.0},{"not_picked":["Night Terror","A Thousand Cuts"],"picked":"Venomology","floor":16.0},{"not_picked":["Underhanded Strike","Sucker Punch"],"picked":"Blade Dance","floor":18.0},{"not_picked":["Poisoned Stab","Cloak And Dagger"],"picked":"Blade Dance","floor":19.0},{"not_picked":["Infinite Blades","Cloak And Dagger","Storm of Steel"],"picked":"SKIP","floor":22.0},{"not_picked":["Distraction","Quick Slash"],"picked":"Acrobatics","floor":23.0},{"not_picked":["Riddle With Holes","Bane"],"picked":"Cloak And Dagger+1","floor":24.0},{"not_picked":["PiercingWail","Deflect"],"picked":"Leg Sweep+1","floor":25.0},{"not_picked":["Backflip","Flying Knee","Sucker Punch"],"picked":"Singing Bowl","floor":27.0},{"not_picked":["Dodge and Roll","Flying Knee"],"picked":"PiercingWail","floor":28.0},{"not_picked":["Noxious Fumes","Quick Slash","Dodge and Roll"],"picked":"Singing Bowl","floor":29.0},{"not_picked":["Blade Dance","Dagger Spray","Dagger Throw"],"picked":"Singing Bowl","floor":31.0},{"not_picked":["Tools of the Trade","Corpse Explosion"],"picked":"Wraith Form v2","floor":33.0},{"not_picked":["Masterful Stab","Blade Dance","Quick Slash"],"picked":"Singing Bowl","floor":35.0},{"not_picked":["Dagger Throw","Flying Knee","Deflect"],"picked":"Singing Bowl","floor":36.0},{"not_picked":["Dramatic Entrance","Chrysalis"],"picked":"PanicButton","floor":38.0},{"not_picked":["Mind Blast","Impatience"],"picked":"PanicButton","floor":38.0},{"not_picked":["Bandage Up","Discovery"],"picked":"Panacea","floor":38.0},{"not_picked":["Noxious Fumes+1","Deflect","Heel Hook"],"picked":"Singing Bowl","floor":39.0},{"not_picked":["Flying Knee","PiercingWail"],"picked":"Terror","floor":39.0},{"not_picked":["Flying Knee","Prepared+1","Glass Knife"],"picked":"Singing Bowl","floor":39.0},{"not_picked":["Grand Finale","Underhanded Strike","Bane"],"picked":"Singing Bowl","floor":39.0},{"not_picked":["Unload","Backflip"],"picked":"Calculated Gamble+1","floor":39.0},{"not_picked":["Flechettes","Deadly Poison","Bane+1"],"picked":"Singing Bowl","floor":41},{"not_picked":["Reflex","Terror","Quick Slash"],"picked":"Singing Bowl","floor":44},{"not_picked":["Skewer","Dagger Spray","Sucker Punch"],"picked":"Singing Bowl","floor":45},{"not_picked":["Outmaneuver+1","Underhanded Strike","All Out Attack"],"picked":"Singing Bowl","floor":46},{"not_picked":["Slice","Riddle With Holes+1","Blade Dance"],"picked":"Singing Bowl","floor":48},{"not_picked":["Dodge and Roll","Flechettes"],"picked":"Footwork+1","floor":55}],"player_experience":1811307,"relics_obtained":[{"floor":9.0,"key":"Du-Vu Doll"},{"floor":11.0,"key":"Pocketwatch"},{"floor":14.0,"key":"InkBottle"},{"floor":23.0,"key":"Mercury Hourglass"},{"floor":25.0,"key":"Gremlin Horn"},{"floor":26.0,"key":"Singing Bowl"},{"floor":28.0,"key":"Boot"},{"floor":34.0,"key":"Snake Skull"},{"floor":34.0,"key":"Darkstone Periapt"},{"floor":34.0,"key":"Incense Burner"},{"floor":41,"key":"MealTicket"},{"floor":43,"key":"HornCleat"},{"floor":46,"key":"Lizard Tail"},{"floor":55,"key":"Mummified Hand"}],"event_choices":[{"damage_healed":0.0,"max_hp_gain":0.0,"max_hp_loss":0.0,"gold_gain":0.0,"event_name":"Shining Light","player_choice":"Entered Light","floor":2.0,"gold_loss":0.0,"damage_taken":20.0,"cards_upgraded":["Defend_G","Defend_G"]},{"damage_healed":0.0,"max_hp_gain":0.0,"max_hp_loss":0.0,"gold_gain":0.0,"cards_transformed":["Strike_G"],"event_name":"Transmorgrifier","player_choice":"Transformed","floor":3.0,"gold_loss":0.0,"damage_taken":0.0,"cards_obtained":["Malaise"]},{"damage_healed":0.0,"max_hp_gain":0.0,"max_hp_loss":0.0,"gold_gain":75.0,"event_name":"World of Goop","player_choice":"Gather Gold","floor":5.0,"gold_loss":0.0,"damage_taken":11.0},{"damage_healed":0.0,"max_hp_gain":0.0,"max_hp_loss":0.0,"gold_gain":0.0,"event_name":"Back to Basics","player_choice":"Simplicity","floor":20.0,"gold_loss":0.0,"damage_taken":0.0,"cards_upgraded":["Strike_G","Strike_G","Strike_G","Defend_G","Defend_G"]},{"damage_healed":0.0,"max_hp_gain":0.0,"max_hp_loss":0.0,"gold_gain":0.0,"event_name":"Lab","player_choice":"Got Potions","floor":21.0,"gold_loss":0.0,"damage_taken":0.0},{"damage_healed":0.0,"max_hp_gain":0.0,"max_hp_loss":0.0,"gold_gain":50.0,"event_name":"Golden Shrine","player_choice":"Pray","floor":30.0,"gold_loss":0.0,"damage_taken":0.0},{"damage_healed":0.0,"max_hp_gain":0.0,"max_hp_loss":0.0,"gold_gain":0.0,"event_name":"SensoryStone","player_choice":"Memory 3","floor":38.0,"gold_loss":0.0,"damage_taken":10.0}],"is_beta":false,"boss_relics":[{"not_picked":["WristBlade","SlaversCollar"],"picked":"Coffee Dripper"},{"not_picked":["Velvet Choker","HoveringKite"],"picked":"Calling Bell"}],"items_purged_floors":[47,54],"is_endless":false,"potions_floor_spawned":[7,13,14,19,25,27,33,44,45,46,48,55],"ascension_level":20}}