{"host":"yecadp3kwkksam5a","time":1613192375,"event":{"mods":["100% Spire Juice","BaseMod","Minty Spire (QoL Compilation)","StSLib","SuperFastMode","The Cursed","WarShipGirlsR/??á´Ò³R mod"],"gold_per_floor":[112,128,8,18,37,67,67,100,126,126,144,144,178,196,196,274,274,294,77,77,77],"floor_reached":20,"language":"KOR","playtime":544,"items_purged":["Strike_B"],"score":471,"play_id":"5599b32e-76bd-44c7-a49c-0943304c924b","local_time":"20210213135935","is_ascension_mode":true,"campfire_choices":[{"floor":7.0,"key":"REST"},{"data":"Defragment","floor":10.0,"key":"SMITH"},{"data":"Strike_B","floor":12.0,"key":"PURGE"},{"floor":15.0,"key":"REST"}],"circlet_count":0,"master_deck":["AscendersBane","Strike_B","Defend_B","Defend_B","Defend_B","Defend_B","Zap","Dualcast","Conserve Battery","Streamline+1","Ball Lightning","Barrage+1","Echo Form","Defragment+1","Cold Snap","Compile Driver","Defragment","Seek","Go for the Eyes","Seek","Coolheaded+1","Hologram","Core Surge"],"relics":["Cracked Core","Turnip","Peace Pipe","Tiny Chest","Whetstone","PreservedInsect","Philosopher\u0027s Stone","Orrery"],"acts_visited":["Exordium","TheCity"],"potions_floor_usage":[],"damage_taken":[{"damage":1.0,"enemies":"Cultist","floor":1.0,"turns":4.0},{"damage":2.0,"enemies":"Jaw Worm","floor":2.0,"turns":3.0},{"damage":3.0,"enemies":"2 Louse","floor":4.0,"turns":3.0},{"damage":13.0,"enemies":"Large Slime","floor":5.0,"turns":4.0},{"damage":23.0,"enemies":"Gremlin Nob","floor":6.0,"turns":4.0},{"damage":11.0,"enemies":"Lagavulin","floor":8.0,"turns":7.0},{"damage":3.0,"enemies":"Blue Slaver","floor":11.0,"turns":3.0},{"damage":12.0,"enemies":"Gremlin Nob","floor":13.0,"turns":3.0},{"damage":4.0,"enemies":"Looter","floor":14.0,"turns":3.0},{"damage":0.0,"enemies":"Slime Boss","floor":16.0,"turns":6.0},{"damage":36,"enemies":"2 Thieves","floor":18,"turns":3},{"damage":6,"enemies":"3 Byrds","floor":20,"turns":2}],"seed_played":"3260739905270181866","potions_obtained":[{"floor":1.0,"key":"FocusPotion"},{"floor":13.0,"key":"Weak Potion"},{"floor":16.0,"key":"FearPotion"}],"is_trial":false,"path_per_floor":["M","M","$","M","M","E","R","E","T","R","M","R","E","M","R","B",null,"M","$","M"],"character_chosen":"DEFECT","items_purchased":["Ball Lightning","Orrery","Core Surge"],"campfire_rested":2,"item_purchase_floors":[3,19,19],"current_hp_per_floor":[63,61,61,58,45,22,41,30,30,30,27,27,15,11,30,30,56,20,20,14,14],"gold":77,"neow_bonus":"ONE_RARE_RELIC","is_daily":false,"chose_seed":false,"campfire_upgraded":1,"win_rate":0.0,"timestamp":1613192375,"path_taken":["M","M","$","M","M","E","R","E","T","R","M","R","E","M","R","BOSS","M","$","?"],"items_purchased_type":["Card","Relic","Card"],"build_version":"2020-12-22","purchased_purges":1,"victory":false,"max_hp_per_floor":[64,64,64,64,64,64,64,64,64,64,64,64,64,64,64,64,64,64,64,64,64],"card_choices":[{"not_picked":["Tempest","Turbo"],"picked":"Conserve Battery","floor":1.0},{"not_picked":["Hologram","Leap"],"picked":"Streamline","floor":2.0},{"not_picked":["Rebound","Go for the Eyes"],"picked":"Barrage","floor":4.0},{"not_picked":["Scrape","Melter","Doom and Gloom"],"picked":"SKIP","floor":5.0},{"not_picked":["Steam","Fusion"],"picked":"Echo Form","floor":6.0},{"not_picked":["Cold Snap","Go for the Eyes"],"picked":"Defragment","floor":8.0},{"not_picked":["Melter","Hologram"],"picked":"Cold Snap","floor":11.0},{"not_picked":["Streamline","Turbo"],"picked":"Compile Driver","floor":13.0},{"not_picked":["Steam Power","Conserve Battery"],"picked":"Defragment","floor":14.0},{"not_picked":["Thunder Strike","Fission"],"picked":"Seek","floor":16.0},{"not_picked":["Steam","Rip and Tear"],"picked":"Go for the Eyes","floor":18},{"not_picked":["Steam Power","Turbo"],"picked":"Seek","floor":19},{"not_picked":["Compile Driver","Electrodynamics"],"picked":"Coolheaded+1","floor":19},{"not_picked":["Rip and Tear","Multi-Cast"],"picked":"Hologram","floor":19}],"player_experience":625274,"relics_obtained":[{"floor":6.0,"key":"Peace Pipe"},{"floor":8.0,"key":"Tiny Chest"},{"floor":9.0,"key":"Whetstone"},{"floor":13.0,"key":"PreservedInsect"}],"event_choices":[],"is_beta":false,"boss_relics":[{"not_picked":["Astrolabe","SlaversCollar"],"picked":"Philosopher\u0027s Stone"}],"items_purged_floors":[3],"is_endless":false,"potions_floor_spawned":[1,13,14,16],"killed_by":"3 Byrds","ascension_level":15}}