{"host":"fnndj664xgd3vavt","time":1613183396,"event":{"mods":["AchievementEnabler","BaseMod","Colored Powertips","DeckTracker","Downfall","Hermit","Highlight Path","Infinite Spire","Marisa????????","Minty Spire (QoL Compilation)","Quick Restart","Random Character Button","Replay The Spire","StSLib","The Cursed","The Servant 0.9.4"],"gold_per_floor":[99,119,129,195,211,211,211,111,144,156,153,165,162,204,230,242,242,242],"floor_reached":16,"language":"ENG","playtime":587,"items_purged":[],"score":98,"play_id":"00837168-bb15-42ad-a707-bc56c3e96613","local_time":"20210212212956","is_ascension_mode":false,"campfire_choices":[{"data":"Guardian:TwinSlam","floor":1,"key":"SMITH"},{"data":"Guardian:PrimingBeam","floor":6,"key":"SMITH"},{"floor":8,"key":"REST"},{"floor":10,"key":"RECALL"}],"circlet_count":0,"master_deck":["Guardian:Strike_Guardian","Guardian:Strike_Guardian","Guardian:Strike_Guardian","Guardian:Strike_Guardian","Guardian:Defend_Guardian","Guardian:Defend_Guardian","Guardian:Defend_Guardian","Guardian:Defend_Guardian","Guardian:CurlUp","Guardian:TwinSlam+1","Guardian:PrimingBeam+1","Guardian:ExploitGems","Guardian:SentryBeam","Guardian:CrystalBeam","Guardian:Gem_Cyan","Guardian:Gem_Yellow"],"relics":["Guardian:ModeShifter","Chameleon Ring","downfall:HeartBlessingBlue","MawBank","Potion Belt","Odd Mushroom"],"acts_visited":["Exordium"],"potions_floor_usage":[],"damage_taken":[{"damage":3,"enemies":"2 Louse","floor":2,"turns":2},{"damage":8,"enemies":"Small Slimes","floor":3,"turns":3},{"damage":1,"enemies":"Cultist","floor":5,"turns":3},{"damage":4,"enemies":"Gremlin Nob","floor":9,"turns":4},{"damage":0,"enemies":"downfall:FleeingMerchant","floor":11,"turns":4},{"damage":10,"enemies":"downfall:FleeingMerchant","floor":13,"turns":4},{"damage":13,"enemies":"The Mushroom Lair","floor":14,"turns":3},{"damage":8,"enemies":"Red Slaver","floor":15,"turns":3},{"damage":29,"enemies":"WA_ARCHETYPE_RETAIN","floor":16,"turns":4}],"seed_played":"3225647582476377960","potions_obtained":[{"floor":2,"key":"Dexterity Potion"},{"floor":4,"key":"Guardian:DefensiveModePotion"},{"floor":9,"key":"Block Potion"},{"floor":15,"key":"Fire Potion"}],"is_trial":false,"path_per_floor":["R","M","M","?","M","R","T","R","E","R","$","T","$","?","M","B"],"character_chosen":"GUARDIAN","items_purchased":[],"campfire_rested":1,"item_purchase_floors":[],"current_hp_per_floor":[56,53,45,25,24,24,24,61,57,57,57,57,47,34,26,0,0,0],"gold":242,"neow_bonus":"THREE_RARE_CARDS","is_daily":false,"chose_seed":false,"campfire_upgraded":2,"win_rate":0.0,"timestamp":1613183396,"path_taken":["R","M","M","?","?","R","T","R","E","R","$","?","?","?","M","BOSS"],"items_purchased_type":[],"build_version":"2020-12-22","purchased_purges":0,"victory":false,"max_hp_per_floor":[80,80,80,80,80,80,80,90,90,90,90,90,90,90,90,90,90,90],"card_choices":[{"not_picked":["Guardian:BaubleBeam","Guardian:FierceBash"],"picked":"Guardian:Gem_Orange","floor":0},{"not_picked":["Guardian:ShieldCharger","Guardian:SentryBeam"],"picked":"Guardian:PrimingBeam","floor":2},{"not_picked":["Guardian:Incinerate","Guardian:DonusPower"],"picked":"Guardian:Gem_Fragmented","floor":3},{"not_picked":["Guardian:ShieldCharger","Guardian:WalkerClaw"],"picked":"Guardian:Gem_Lightblue","floor":4},{"not_picked":["Guardian:PiercingHide","Guardian:DonusPower"],"picked":"Guardian:Gem_Purple","floor":5},{"not_picked":["Guardian:ShieldSpikes","Guardian:ShieldCharger"],"picked":"Guardian:ExploitGems","floor":9},{"not_picked":["Guardian:Gem_Cyan","Guardian:Gem_Lightblue"],"picked":"Guardian:SentryBeam","floor":11},{"not_picked":["Guardian:WalkerClaw","Guardian:ArmoredProtocol"],"picked":"Guardian:CrystalBeam","floor":13},{"not_picked":["Guardian:PolyBeam","Guardian:RollAttack"],"picked":"Guardian:Gem_Cyan","floor":14},{"not_picked":["Guardian:ExploitGems","Guardian:WalkerClaw"],"picked":"Guardian:Gem_Yellow","floor":15}],"player_experience":316280,"relics_obtained":[{"floor":4,"key":"Chameleon Ring"},{"floor":9,"key":"MawBank"},{"floor":12,"key":"Potion Belt"},{"floor":14,"key":"Odd Mushroom"}],"event_choices":[{"damage_healed":0,"gold_gain":0,"player_choice":"Fought Mushrooms","damage_taken":0,"max_hp_gain":0,"max_hp_loss":0,"event_name":"Mushrooms","floor":14,"gold_loss":0}],"is_beta":false,"boss_relics":[],"items_purged_floors":[],"is_endless":false,"potions_floor_spawned":[2,9,15],"killed_by":"WA_ARCHETYPE_RETAIN","ascension_level":0}}