{"host":"xxl27ehzxw6j4k3y","time":1613215335,"event":{"mods":["Act Like it!","Alarm Clock","Aspiration","BaseMod","Better Altar","Better Match","Better Note","Better Sensory Stone","Better Skull","Better Third Choice","BetterRewards","Card Forge","Conspire","Displayed Cursed Tome","Hermit","Hubris","Minty Spire (QoL Compilation)","Quick Restart","Shop Mod","Spicy Shops","StSLib","SuperFastMode","Transform Curses"],"gold_per_floor":[119,135,154,79,99,131,48,48,94,119,139,165,165,175,175,254,254,274,288,288,288,307,307,307,307],"floor_reached":24,"language":"ENG","playtime":874,"items_purged":[],"score":636,"play_id":"5f4466b5-a954-4fe8-b190-4c99ad3e25bf","local_time":"20210213122215","is_ascension_mode":true,"campfire_choices":[{"floor":8,"key":"REST"},{"floor":13,"key":"REST"},{"floor":15,"key":"REST"},{"floor":23,"key":"REST"}],"circlet_count":0,"master_deck":["AscendersBane","Strike_B","Strike_B","Defend_B","Defend_B","Defend_B","Defend_B","Zap","Dualcast","Ball Lightning","Defragment","BootSequence","Streamline","Rebound","Streamline","Doom and Gloom","conspire:SharedLibrary","Auto Shields","Genetic Algorithm","Chaos","Hello World","hubris:DoWhile","Ball Lightning","Aggregate","Die Die Die","Conserve Battery"],"relics":["Cracked Core","Hammer of Thor","Seething Fire","Anvil of the Gods","Lantern","Membership Card","Thread and Needle","hubris:OldNail","HornCleat","hubris:MedicalManual","conspire:SpecialSausage"],"acts_visited":["Exordium","TheCity"],"potions_floor_usage":[10,10,12,16,16,22,22],"damage_taken":[{"damage":1,"enemies":"Cultist","floor":1,"turns":3},{"damage":0,"enemies":"2 Louse","floor":2,"turns":2},{"damage":2,"enemies":"Jaw Worm","floor":3,"turns":2},{"damage":12,"enemies":"Looter","floor":5,"turns":3},{"damage":39,"enemies":"Gremlin Nob","floor":6,"turns":4},{"damage":3,"enemies":"Lagavulin","floor":10,"turns":6},{"damage":0,"enemies":"Blue Slaver","floor":11,"turns":3},{"damage":20,"enemies":"Gremlin Nob","floor":12,"turns":4},{"damage":0,"enemies":"Lots of Slimes","floor":14,"turns":3},{"damage":31,"enemies":"Slime Boss","floor":16,"turns":7},{"damage":0,"enemies":"Shell Parasite","floor":18,"turns":7},{"damage":32,"enemies":"3 Byrds","floor":19,"turns":4},{"damage":14,"enemies":"Centurion and Healer","floor":22,"turns":5},{"damage":40,"enemies":"Snecko","floor":24,"turns":4}],"seed_played":"-7202963838823084401","potions_obtained":[{"floor":5,"key":"DuplicationPotion"},{"floor":6,"key":"GamblersBrew"},{"floor":11,"key":"Regen Potion"},{"floor":12,"key":"Weak Potion"},{"floor":14,"key":"BlessingOfTheForge"},{"floor":16,"key":"SpeedPotion"},{"floor":18,"key":"FearPotion"}],"is_trial":false,"path_per_floor":["M","M","M","?","M","E","$","R","T","E","M","E","R","M","R","B",null,"M","M","?","?","M","R","M"],"character_chosen":"DEFECT","items_purchased":["Lantern","Membership Card","Ball Lightning","Defragment","conspire:SharedLibrary","DistilledChaos"],"campfire_rested":4,"item_purchase_floors":[0,0,0,0,7,7],"current_hp_per_floor":[63,63,61,61,49,10,10,31,31,28,28,20,41,41,62,31,61,61,29,29,29,15,36,0,0],"gold":307,"neow_bonus":"","is_daily":false,"chose_seed":false,"campfire_upgraded":0,"win_rate":0.0,"timestamp":1613215335,"path_taken":["M","?","M","?","M","E","?","R","T","E","M","E","R","M","R","BOSS","M","M","?","?","?","R","M"],"items_purchased_type":["Relic","Relic","Card","Card","Card","Potion"],"build_version":"2020-12-22","purchased_purges":0,"victory":false,"max_hp_per_floor":[71,71,71,71,71,71,71,71,71,71,71,71,71,71,71,71,71,71,71,71,71,71,71,71,71],"card_choices":[{"not_picked":["Rebound","Redo"],"picked":"BootSequence","floor":1},{"not_picked":["Turbo","Redo"],"picked":"Streamline","floor":2},{"not_picked":["Coolheaded","Machine Learning"],"picked":"Rebound","floor":3},{"not_picked":["Turbo","Coolheaded"],"picked":"Streamline","floor":5},{"not_picked":["Rebound","Genetic Algorithm"],"picked":"Doom and Gloom","floor":6},{"not_picked":["Chill","Aggregate"],"picked":"Auto Shields","floor":10},{"not_picked":["Turbo","Gash"],"picked":"Genetic Algorithm","floor":11},{"not_picked":["Sunder","Blizzard"],"picked":"Chaos","floor":12},{"not_picked":["Conserve Battery","Scrape"],"picked":"Hello World","floor":14},{"not_picked":["hubris:Prefetch","Amplify"],"picked":"hubris:DoWhile","floor":16},{"not_picked":["Leap+1","Static Discharge"],"picked":"Ball Lightning","floor":18},{"not_picked":["Gash","Hologram"],"picked":"Aggregate","floor":19},{"not_picked":["Compile Driver","Coolheaded"],"picked":"Conserve Battery","floor":22}],"player_experience":571577,"relics_obtained":[{"floor":6,"key":"Thread and Needle"},{"floor":9,"key":"hubris:OldNail"},{"floor":10,"key":"HornCleat"},{"floor":12,"key":"hubris:MedicalManual"}],"event_choices":[{"cards_removed":["Strike_B"],"damage_healed":0,"gold_gain":0,"player_choice":"Card Removal","damage_taken":0,"max_hp_gain":0,"max_hp_loss":0,"event_name":"The Cleric","floor":4,"gold_loss":75},{"cards_removed":["Strike_B"],"damage_healed":0,"gold_gain":0,"player_choice":"Purged","damage_taken":0,"max_hp_gain":0,"max_hp_loss":0,"event_name":"Purifier","floor":20,"gold_loss":0},{"cards_removed":["hubris:DoWhile"],"damage_healed":0,"gold_gain":0,"player_choice":"Take \u0026 Give","damage_taken":0,"max_hp_gain":0,"max_hp_loss":0,"event_name":"betterNote:BetterNote","floor":21,"gold_loss":0,"cards_obtained":["Die Die Die"]}],"is_beta":false,"boss_relics":[{"not_picked":["SacredBark","Coffee Dripper"],"picked":"conspire:SpecialSausage"}],"items_purged_floors":[],"is_endless":false,"potions_floor_spawned":[5,6,11,12,14,16,18],"killed_by":"Snecko","ascension_level":20}}