{"host":"fkig9nrckec4xsh0","time":1613183094,"event":{"mods":["Act Like it!","BaseMod","Colored Map","Gensokyo","Hermit","Marisa????????","Minty Spire (QoL Compilation)","Quick Restart","Replay The Spire","StSLib"],"gold_per_floor":[115,115,265,190,203,237,237,269,322,354,371,19,44,57,57,57,57],"floor_reached":16,"language":"ENG","playtime":573,"items_purged":["Strike_G"],"score":275,"play_id":"74511e02-0465-4f0b-9106-d916df5786e0","local_time":"20210212212454","is_ascension_mode":true,"campfire_choices":[{"data":"Backstab","floor":7,"key":"SMITH"},{"floor":15,"key":"REST"}],"circlet_count":0,"master_deck":["AscendersBane","Strike_G","Strike_G","Strike_G","Strike_G","Defend_G","Defend_G","Defend_G","Defend_G","Defend_G","Survivor","Neutralize","Outmaneuver","Accuracy","Backstab+1","A Thousand Cuts","ReplayTheSpireMod:The Works","Acrobatics"],"relics":["Ring of the Snake","NeowsBlessing","ReplayTheSpireMod:Ring of Collecting","ReplayTheSpireMod:Ring of Addiction","White Beast Statue","Toy Ornithopter","Bag of Marbles","Snack Pack","Dream Catcher","Quantum Egg","Replay:Ringing Soul","Replay:Bottled Steam"],"acts_visited":["Exordium"],"potions_floor_usage":[5,8,10,13,13,14,16],"damage_taken":[{"damage":0,"enemies":"Jaw Worm","floor":1,"turns":1},{"damage":0,"enemies":"Small Slimes","floor":5,"turns":1},{"damage":0,"enemies":"Gremlin Nob","floor":6,"turns":1},{"damage":30,"enemies":"Lagavulin","floor":8,"turns":6},{"damage":20,"enemies":"3 Sentries","floor":10,"turns":10},{"damage":1,"enemies":"2 Louse","floor":11,"turns":2},{"damage":10,"enemies":"Gremlin Nob","floor":13,"turns":4},{"damage":7,"enemies":"Gremlin Gang","floor":14,"turns":7},{"damage":52,"enemies":"The Guardian","floor":16,"turns":10}],"seed_played":"-8560672795975848147","potions_obtained":[{"floor":1,"key":"AttackPotion"},{"floor":2,"key":"Explosive Potion"},{"floor":5,"key":"Flashbang"},{"floor":8,"key":"Block Potion"},{"floor":10,"key":"SteroidPotion"},{"floor":13,"key":"Adrenaline Potion"},{"floor":14,"key":"Languid Potion"}],"is_trial":false,"path_per_floor":["M","?","?","?","M","E","R","E","T","E","M","$","E","M","R","B"],"character_chosen":"THE_SILENT","items_purchased":["Replay:Ringing Soul"],"campfire_rested":1,"item_purchase_floors":[12],"current_hp_per_floor":[59,59,59,59,64,64,64,36,36,21,20,20,24,29,52,11,11],"gold":57,"neow_bonus":"THREE_ENEMY_KILL","is_daily":false,"chose_seed":false,"campfire_upgraded":1,"win_rate":0.0,"timestamp":1613183094,"path_taken":["M","?","?","?","?","E","R","E","T","E","M","$","E","M","R","BOSS"],"items_purchased_type":["Relic"],"build_version":"2020-12-22","purchased_purges":1,"victory":false,"max_hp_per_floor":[66,66,66,66,66,66,66,66,66,66,66,66,66,69,72,72,72],"card_choices":[{"not_picked":["Masterful Stab","Dagger Throw"],"picked":"Outmaneuver","floor":1},{"not_picked":["Bane","Slice"],"picked":"Accuracy","floor":5},{"not_picked":["Heel Hook","PiercingWail"],"picked":"Backstab","floor":6},{"not_picked":["Skewer","Escape Plan"],"picked":"A Thousand Cuts","floor":8},{"not_picked":["PiercingWail","Dagger Spray","Dodge and Roll"],"picked":"SKIP","floor":10},{"not_picked":["Sneak Up","Finisher","Riddle With Holes"],"picked":"SKIP","floor":11},{"not_picked":["Deflect","Sucker Punch","Prepared"],"picked":"SKIP","floor":13},{"not_picked":["Flechettes","Outmaneuver"],"picked":"ReplayTheSpireMod:The Works","floor":14},{"not_picked":["Bane","Catalyst"],"picked":"Acrobatics","floor":15}],"player_experience":435472,"relics_obtained":[{"floor":2,"key":"ReplayTheSpireMod:Ring of Collecting"},{"floor":2,"key":"ReplayTheSpireMod:Ring of Addiction"},{"floor":2,"key":"White Beast Statue"},{"floor":2,"key":"Toy Ornithopter"},{"floor":6,"key":"Bag of Marbles"},{"floor":8,"key":"Snack Pack"},{"floor":9,"key":"Dream Catcher"},{"floor":10,"key":"Quantum Egg"},{"floor":13,"key":"Replay:Bottled Steam"}],"event_choices":[{"damage_healed":0,"gold_gain":150,"player_choice":"AGREE","damage_taken":0,"max_hp_gain":0,"max_hp_loss":0,"event_name":"Liars Game","floor":3,"gold_loss":0,"cards_obtained":["Doubt"]},{"cards_removed":["Doubt"],"damage_healed":0,"gold_gain":0,"player_choice":"Card Removal","damage_taken":0,"max_hp_gain":0,"max_hp_loss":0,"event_name":"The Cleric","floor":4,"gold_loss":75}],"is_beta":false,"boss_relics":[],"items_purged_floors":[12],"is_endless":false,"potions_floor_spawned":[1,5,6,8,10,11,13,14],"killed_by":"The Guardian","ascension_level":16}}