{"host":"vgmhxp0kxvybuvcq","time":1613248154,"event":{"mods":["BaseMod","Minty Spire (QoL Compilation)","Replay The Spire","StSLib"],"gold_per_floor":[115,290,290,62,77,105,11,21,21,41,41,61,81,81,81,180,280,291,291,191,217,232,262,262,212,212,228,228,243,243,276,276,376,376,394,394,409,409,409,409,444,494,494,494,509,524,524,556,556,556],"floor_reached":51,"language":"ENG","playtime":4250,"items_purged":["Defend_G","Voices"],"score":1568,"play_id":"c8bbf67e-3cbb-4c26-ab43-1eb39c359d3a","local_time":"20210213122914","is_ascension_mode":true,"campfire_choices":[{"floor":15.0,"key":"REST"},{"floor":24.0,"key":"REST"},{"data":"Replay:Poison Smokescreen","floor":28,"key":"SMITH"},{"floor":32,"key":"REST"},{"data":"Madness","floor":40,"key":"SMITH"},{"data":"1","floor":44,"key":"LIFT"},{"data":"2","floor":47,"key":"LIFT"},{"data":"3","floor":49,"key":"LIFT"}],"circlet_count":0,"master_deck":["Strike_G","Strike_G","Strike_G","Defend_G","Defend_G","Defend_G","Defend_G","Survivor","Neutralize","Dash","PiercingWail","Replay:Poison Smokescreen+1","Replay:Bootleg Shield Generator","All Out Attack","Dodge and Roll","Deadly Poison","PiercingWail","Malaise","Well Laid Plans","ReplayTheSpireMod:Exploit Weakness","Sucker Punch+1","Fluid Movement","Deadly Poison","Underhanded Strike","ReplayTheSpireMod:Speed Training+1","Glass Knife","Backflip+1","Adrenaline","Footwork","Bandage Up","Secret Technique","Prepared+1","Madness+1","Madness","Footwork+1","Backflip+1","Fluid Movement+1","ReplayTheSpireMod:From All Sides","Envenom"],"relics":["Velvet Choker","Replay:Mystery Machine","Tough Bandages","FossilizedHelix","ReplayFunnel","ReplayTheSpireMod:TigerMarble","Replay:Wanted Poster","Ring of Fangs","Red Mask","Centennial Puzzle","Replay:WaspNest","Mercury Hourglass","Honey Jar","Unceasing Top","Girya","Blue Candle","Basket Of Snakes"],"acts_visited":["Exordium","TheCity","TheBeyond"],"potions_floor_usage":[29,31,33,41,45,50,50,50],"damage_taken":[{"damage":0.0,"enemies":"2 Louse","floor":1.0,"turns":3.0},{"damage":0.0,"enemies":"Jaw Worm","floor":5.0,"turns":3.0},{"damage":36.0,"enemies":"Gremlin Nob","floor":6.0,"turns":6.0},{"damage":0.0,"enemies":"Small Slimes","floor":8.0,"turns":3.0},{"damage":0.0,"enemies":"Looter","floor":10.0,"turns":3.0},{"damage":0.0,"enemies":"Exordium Wildlife","floor":12.0,"turns":4.0},{"damage":0.0,"enemies":"3 Louse","floor":13.0,"turns":2.0},{"damage":0.0,"enemies":"Hexaghost","floor":16.0,"turns":12.0},{"damage":0.0,"enemies":"Chosen","floor":18.0,"turns":5.0},{"damage":44.0,"enemies":"Masked Bandits","floor":21.0,"turns":9.0},{"damage":0.0,"enemies":"Spheric Guardian","floor":22.0,"turns":9.0},{"damage":0.0,"enemies":"Replay:Snechameleon","floor":23.0,"turns":9.0},{"damage":0,"enemies":"Shelled Parasite and Fungi","floor":27,"turns":9},{"damage":0,"enemies":"Centurion and Healer","floor":29,"turns":10},{"damage":28,"enemies":"Gremlin Leader","floor":31,"turns":9},{"damage":2,"enemies":"Pondfish","floor":33,"turns":10},{"damage":3,"enemies":"3 Shapes","floor":35,"turns":4},{"damage":0,"enemies":"Orb Walker","floor":37,"turns":4},{"damage":5,"enemies":"Reptomancer","floor":41,"turns":8},{"damage":8,"enemies":"2 Orb Walkers","floor":42,"turns":7},{"damage":0,"enemies":"Jaw Worm Horde","floor":45,"turns":5},{"damage":0,"enemies":"4 Shapes","floor":46,"turns":5},{"damage":6,"enemies":"Giant Head","floor":48,"turns":9},{"damage":7,"enemies":"Donu and Deca","floor":50,"turns":14}],"seed_played":"1259803003312413886","potions_obtained":[{"floor":1.0,"key":"Energy Potion"},{"floor":8.0,"key":"Reflective Coating"},{"floor":12.0,"key":"ColorlessPotion"},{"floor":16.0,"key":"Poison Potion"},{"floor":18.0,"key":"Explosive Potion"},{"floor":22.0,"key":"Fire Potion"},{"floor":23.0,"key":"Energy Potion"},{"floor":27,"key":"Elixir"},{"floor":31,"key":"DuplicationPotion"},{"floor":41,"key":"SteroidPotion"},{"floor":42,"key":"GamblersBrew"},{"floor":45,"key":"Block Potion"},{"floor":48,"key":"PowerPotion"}],"is_trial":false,"path_per_floor":["M","?","?","$","M","E","$","M","T","M","T","M","M","?","R","B",null,"M","?","$","?","M","E","R","$","T","M","R","M","?","E","R","B",null,"M","?","M","?","?","R","E","?","T","R","M","M","R","E","R","B",null],"character_chosen":"THE_SILENT","items_purchased":["Replay:Mystery Machine","Replay:Bootleg Shield Generator","Deadly Poison"],"campfire_rested":3,"item_purchase_floors":[4,7,25],"current_hp_per_floor":[63,63,56,56,56,20,20,20,20,20,20,20,20,13,34,34,61,61,61,61,17,17,17,38,38,38,38,38,38,38,14,35,33,61,58,53,57,57,48,48,47,43,43,43,47,51,51,49,49,46],"gold":556,"neow_bonus":"BOSS_RELIC","is_daily":false,"chose_seed":false,"campfire_upgraded":2,"win_rate":0.0,"timestamp":1613248154,"path_taken":["M","?","?","$","M","E","?","M","T","M","?","M","M","?","R","BOSS","M","?","$","?","M","E","R","?","T","M","R","M","?","E","R","BOSS","M","?","M","?","?","R","E","?","T","R","?","M","R","E","R","BOSS"],"items_purchased_type":["Relic","Card","Card"],"build_version":"2020-12-22","purchased_purges":2,"victory":true,"max_hp_per_floor":[70,70,70,70,70,70,70,70,70,70,70,70,70,70,70,70,70,70,70,70,70,70,70,70,70,70,70,70,70,70,70,70,70,70,70,70,70,70,70,70,70,70,70,70,70,70,70,70,70,70],"card_choices":[{"not_picked":["Backstab","Cloak And Dagger"],"picked":"Dash","floor":1.0},{"not_picked":["Outmaneuver","ReplayTheSpireMod:The Works"],"picked":"PiercingWail","floor":5.0},{"not_picked":["Caltrops","Dodge and Roll"],"picked":"Replay:Poison Smokescreen","floor":6.0},{"not_picked":["Acrobatics","ReplayTheSpireMod:Shiv Toss"],"picked":"All Out Attack","floor":8.0},{"not_picked":["Concentrate","Sucker Punch"],"picked":"Dodge and Roll","floor":10.0},{"not_picked":["Dagger Throw","Dagger Spray"],"picked":"Deadly Poison","floor":12.0},{"not_picked":["Doppelganger","Cloak And Dagger"],"picked":"PiercingWail","floor":13.0},{"not_picked":["Tools of the Trade","Doppelganger"],"picked":"Malaise","floor":16.0},{"not_picked":["Expertise","Backflip"],"picked":"Well Laid Plans","floor":18.0},{"not_picked":["Slice","Blade Dance"],"picked":"ReplayTheSpireMod:Exploit Weakness","floor":21.0},{"not_picked":["Skewer","Dagger Throw"],"picked":"Sucker Punch+1","floor":22.0},{"not_picked":["Escape Plan","Reflex+1"],"picked":"Fluid Movement","floor":23.0},{"not_picked":["Blade Dance+1","Sneak Up"],"picked":"Underhanded Strike","floor":27},{"not_picked":["Dash+1","Flying Knee"],"picked":"ReplayTheSpireMod:Speed Training+1","floor":29},{"not_picked":["A Thousand Cuts","Dagger Throw"],"picked":"Backflip+1","floor":31},{"not_picked":["After Image","Doppelganger"],"picked":"Adrenaline","floor":33},{"not_picked":["Acrobatics+1","Dodge and Roll","Escape Plan"],"picked":"Footwork","floor":35},{"not_picked":["Good Instincts","Trip","Violence"],"picked":"Bandage Up","floor":36},{"not_picked":["Survey Options","Bandage Up","Flash of Steel"],"picked":"Secret Technique","floor":36},{"not_picked":["Quick Slash","ReplayTheSpireMod:The Works+1","Dagger Throw"],"picked":"Prepared+1","floor":37},{"not_picked":["Dodge and Roll","ReplayTheSpireMod:Shiv Toss","Replay:Poison Smokescreen+1"],"picked":"Footwork+1","floor":41},{"not_picked":["PiercingWail","Bane+1","Flying Knee+1"],"picked":"Backflip+1","floor":42},{"not_picked":["Quick Slash+1","Escape Plan","Backflip+1"],"picked":"Fluid Movement+1","floor":45},{"not_picked":["Backflip","Masterful Stab+1","Prepared+1"],"picked":"ReplayTheSpireMod:From All Sides","floor":46},{"not_picked":["Tactician+1","Grand Finale","Infinite Blades+1"],"picked":"Envenom","floor":48}],"player_experience":312558,"relics_obtained":[{"floor":6.0,"key":"Tough Bandages"},{"floor":9.0,"key":"FossilizedHelix"},{"floor":11.0,"key":"ReplayFunnel"},{"floor":19.0,"key":"Ring of Fangs"},{"floor":21.0,"key":"Red Mask"},{"floor":23.0,"key":"Centennial Puzzle"},{"floor":26,"key":"Replay:WaspNest"},{"floor":31,"key":"Mercury Hourglass"},{"floor":41,"key":"Unceasing Top"},{"floor":42,"key":"Girya"},{"floor":43,"key":"Blue Candle"},{"floor":48,"key":"Basket Of Snakes"}],"event_choices":[{"damage_healed":0.0,"max_hp_gain":0.0,"max_hp_loss":0.0,"gold_gain":175.0,"event_name":"Liars Game","player_choice":"AGREE","floor":2.0,"gold_loss":0.0,"damage_taken":0.0,"cards_obtained":["Doubt"]},{"cards_removed":["Doubt"],"damage_healed":0.0,"max_hp_gain":0.0,"max_hp_loss":0.0,"gold_gain":0.0,"event_name":"Golden Wing","player_choice":"Card Removal","floor":3.0,"gold_loss":0.0,"damage_taken":7.0},{"damage_healed":0.0,"max_hp_gain":0.0,"max_hp_loss":0.0,"gold_gain":0.0,"event_name":"Scrap Ooze","player_choice":"Success","floor":14.0,"gold_loss":0.0,"damage_taken":7.0,"relics_obtained":["ReplayTheSpireMod:TigerMarble"]},{"damage_healed":0.0,"max_hp_gain":0.0,"max_hp_loss":0.0,"gold_gain":0.0,"event_name":"Masked Bandits","player_choice":"Fought Bandits","floor":21.0,"gold_loss":0.0,"damage_taken":0.0},{"damage_healed":0,"gold_gain":0,"cards_transformed":["Strike_G"],"player_choice":"Transformed","damage_taken":0,"max_hp_gain":0,"max_hp_loss":0,"event_name":"Transmorgrifier","floor":30,"gold_loss":0,"cards_obtained":["Glass Knife"]},{"damage_healed":0,"gold_gain":0,"player_choice":"Memory 2","damage_taken":5,"max_hp_gain":0,"max_hp_loss":0,"event_name":"SensoryStone","floor":36,"gold_loss":0},{"cards_removed":["Strike_G"],"damage_healed":0,"gold_gain":0,"player_choice":"Removed Attack","damage_taken":0,"max_hp_gain":0,"max_hp_loss":0,"event_name":"Falling","floor":38,"gold_loss":0},{"damage_healed":0,"gold_gain":0,"player_choice":"Embrace Madness","damage_taken":9,"max_hp_gain":0,"max_hp_loss":0,"event_name":"Winding Halls","floor":39,"gold_loss":0,"cards_obtained":["Madness","Madness"]},{"damage_healed":0,"gold_gain":0,"player_choice":"Fight","damage_taken":0,"max_hp_gain":0,"max_hp_loss":0,"event_name":"Mysterious Sphere","floor":42,"gold_loss":0}],"is_beta":false,"boss_relics":[{"not_picked":["ReplayTheSpireMod:DimensionalGlitch","SacredBark"],"picked":"Replay:Wanted Poster"},{"not_picked":["Abe\u0027s Treasure","Runic Dome"],"picked":"Honey Jar"}],"items_purged_floors":[4,20],"is_endless":false,"potions_floor_spawned":[1,8,12,13,16,18,22,23,27,31,41,42,45,48],"ascension_level":7}}