{"host":"dtczkyto5vz790wa","time":1613227137,"event":{"mods":["BaseMod","LagranYue(¿≠∏Ò¿ °§‘¬)","Minty Spire (QoL Compilation)","Replay The Spire","Shop Mod","StSLib","The Alterego","The Animator"],"gold_per_floor":[131,131,131,158,81,89,89],"floor_reached":6,"language":"ZHS","playtime":593,"items_purged":[],"score":34,"play_id":"ec4b30cd-bbc0-4575-970e-f6ff86a71e4f","local_time":"20210213223857","is_ascension_mode":false,"campfire_choices":[],"circlet_count":0,"master_deck":["animator:Strike_Konosuba","animator:Defend_Konosuba+1","animator:Strike","animator:Strike","animator:Strike","animator:Defend","animator:Defend+1","animator:Defend","animator:Kazuma","animator:Aqua","animator:Chris","animator:Darkness","animator:RinTohsaka"],"relics":["animator:LivingPicture","animator:TheMissingPiece","LagranYue:RandomDrawCardRelic","War Paint"],"acts_visited":["Exordium"],"potions_floor_usage":[6,6],"damage_taken":[{"damage":0,"enemies":"2 Louse","floor":1,"turns":4},{"damage":0,"enemies":"Jaw Worm","floor":4,"turns":5},{"damage":40,"enemies":"3 Sentries","floor":6,"turns":15}],"seed_played":"-8217528460399421085","potions_obtained":[{"floor":3,"key":"Weak Potion"},{"floor":3,"key":"Cursed Concoction"},{"floor":3,"key":"ColorlessPotion"}],"is_trial":false,"path_per_floor":["M","?","?","M","$","E"],"character_chosen":"THE_ANIMATOR","items_purchased":["animator:RinTohsaka"],"campfire_rested":0,"item_purchase_floors":[5],"current_hp_per_floor":[72,60,60,63,63,25,25],"gold":89,"neow_bonus":"TEN_PERCENT_HP_BONUS","is_daily":false,"chose_seed":false,"campfire_upgraded":0,"win_rate":0.0,"timestamp":1613227137,"path_taken":["M","?","?","M","$","E"],"items_purchased_type":["Card"],"build_version":"2020-12-22","purchased_purges":0,"victory":false,"max_hp_per_floor":[72,72,72,73,73,73,73],"card_choices":[{"not_picked":["animator:Ciel","animator:Sonic"],"picked":"animator:Chris","floor":1},{"not_picked":["animator:Ciel","animator:Scar"],"picked":"animator:Darkness","floor":4}],"player_experience":221274,"relics_obtained":[],"event_choices":[{"damage_healed":0,"gold_gain":0,"player_choice":"Success","damage_taken":12,"relics_obtained":["War Paint"],"max_hp_gain":0,"max_hp_loss":0,"event_name":"Scrap Ooze","floor":2,"gold_loss":0},{"damage_healed":0,"gold_gain":0,"player_choice":"Got Potions","damage_taken":0,"max_hp_gain":0,"max_hp_loss":0,"event_name":"Lab","floor":3,"gold_loss":0}],"is_beta":false,"boss_relics":[],"items_purged_floors":[],"is_endless":false,"potions_floor_spawned":[4],"killed_by":"3 Sentries","ascension_level":0}}