{"host":"soyfmymeou4emntr","time":1613199857,"event":{"mods":["BaseMod","Minty Spire (QoL Compilation)","Permanent Neow","Relic Sorter","Relic Stats","StSLib"],"gold_per_floor":[109,109,119,134,148,148,181,203,203,203,233,243,24,39,39,111,111,129,144,144,164,164,164,177,177,227,277,303,317,317,334,334,410,410,422,441,178,178,194,194,213,213,213,229,239,264,264,278,278,278,278,278],"floor_reached":51,"language":"ENG","playtime":8067,"items_purged":["Strike_G"],"score":1376,"play_id":"b63ff3cf-9506-4a20-8121-d39b61215375","local_time":"20210213000417","is_ascension_mode":true,"campfire_choices":[{"data":"Blade Dance","floor":6.0,"key":"SMITH"},{"floor":10.0,"key":"REST"},{"data":"Accuracy","floor":15.0,"key":"SMITH"},{"floor":23.0,"key":"REST"},{"data":"Leg Sweep","floor":25.0,"key":"SMITH"},{"data":"Well Laid Plans","floor":30.0,"key":"SMITH"},{"floor":32.0,"key":"REST"},{"data":"Malaise","floor":40.0,"key":"SMITH"},{"floor":42.0,"key":"REST"},{"floor":47,"key":"RECALL"},{"floor":49,"key":"REST"}],"circlet_count":0,"master_deck":["AscendersBane","Strike_G+1","Strike_G+1","Strike_G+1","Defend_G+1","Defend_G+1","Defend_G+1","Defend_G+1","Defend_G+1","Survivor","Neutralize","Grand Finale","Leg Sweep+1","Blade Dance+1","Dagger Throw+1","Dash+1","Dash+1","Acrobatics+1","Well Laid Plans+1","Predator+1","Accuracy+1","Blade Dance","Cloak And Dagger","Glass Knife+1","Flechettes+1","Eviscerate+1","Riddle With Holes+1","Venomology+1","Accuracy","Malaise+1","A Thousand Cuts","Infinite Blades+1","Choke+1"],"relics":["Ring of the Snake","Molten Egg 2","Lantern","Odd Mushroom","Meat on the Bone","Vajra","Snecko Eye","Toy Ornithopter","Art of War","Black Star","Sundial","War Paint","The Courier"],"acts_visited":["Exordium","TheCity","TheBeyond"],"potions_floor_usage":[46,48,50,50,51,51],"damage_taken":[{"damage":1.0,"enemies":"Small Slimes","floor":1.0,"turns":4.0},{"damage":10.0,"enemies":"Cultist","floor":3.0,"turns":7.0},{"damage":0.0,"enemies":"2 Louse","floor":4.0,"turns":2.0},{"damage":1.0,"enemies":"2 Fungi Beasts","floor":5.0,"turns":3.0},{"damage":26.0,"enemies":"Gremlin Nob","floor":7.0,"turns":5.0},{"damage":2.0,"enemies":"The Mushroom Lair","floor":8.0,"turns":5.0},{"damage":5.0,"enemies":"3 Sentries","floor":11.0,"turns":9.0},{"damage":7.0,"enemies":"Gremlin Gang","floor":12.0,"turns":2.0},{"damage":0.0,"enemies":"Large Slime","floor":14.0,"turns":4.0},{"damage":6.0,"enemies":"Hexaghost","floor":16.0,"turns":8.0},{"damage":15.0,"enemies":"3 Byrds","floor":18.0,"turns":3.0},{"damage":4.0,"enemies":"2 Thieves","floor":19.0,"turns":3.0},{"damage":18.0,"enemies":"Snake Plant","floor":21.0,"turns":4.0},{"damage":18.0,"enemies":"Cultist and Chosen","floor":24.0,"turns":5.0},{"damage":0.0,"enemies":"Gremlin Leader","floor":28.0,"turns":4.0},{"damage":0.0,"enemies":"3 Cultists","floor":29.0,"turns":3.0},{"damage":24.0,"enemies":"Shelled Parasite and Fungi","floor":31.0,"turns":6.0},{"damage":6.0,"enemies":"Champ","floor":33.0,"turns":10.0},{"damage":0.0,"enemies":"3 Darklings","floor":35.0,"turns":4.0},{"damage":1.0,"enemies":"3 Shapes","floor":36.0,"turns":5.0},{"damage":18.0,"enemies":"Spire Growth","floor":39.0,"turns":6.0},{"damage":14.0,"enemies":"Transient","floor":41.0,"turns":6.0},{"damage":11.0,"enemies":"Maw","floor":44.0,"turns":9.0},{"damage":0,"enemies":"3 Darklings","floor":45,"turns":3},{"damage":24,"enemies":"Reptomancer","floor":46,"turns":10},{"damage":5,"enemies":"Sphere and 2 Shapes","floor":48,"turns":7},{"damage":15,"enemies":"Time Eater","floor":50,"turns":10},{"damage":80,"enemies":"Donu and Deca","floor":51,"turns":6}],"seed_played":"6459815299091955243","potions_obtained":[{"floor":1.0,"key":"SteroidPotion"},{"floor":4.0,"key":"LiquidBronze"},{"floor":8.0,"key":"SkillPotion"},{"floor":16.0,"key":"LiquidBronze"},{"floor":19.0,"key":"PowerPotion"},{"floor":24.0,"key":"Ancient Potion"},{"floor":31.0,"key":"Ancient Potion"},{"floor":44.0,"key":"GhostInAJar"},{"floor":45,"key":"GamblersBrew"},{"floor":48,"key":"LiquidMemories"}],"is_trial":false,"path_per_floor":["M","?","M","M","M","R","E","?","T","R","E","M","$","M","R","B",null,"M","M","?","M","?","R","M","R","T","?","E","M","R","M","R","B",null,"M","M","$","?","M","R","M","R","T","M","M","E","R","M","R","B","B"],"character_chosen":"THE_SILENT","items_purchased":["Accuracy","Blade Dance","Sundial"],"campfire_rested":5,"item_purchase_floors":[13,13,37],"current_hp_per_floor":[58,58,48,48,47,47,21,19,19,38,45,38,38,38,38,44,61,46,42,42,36,36,55,37,37,37,37,37,37,37,25,44,48,62,62,61,61,61,51,51,37,56,56,45,45,38,38,38,57,52,0,0],"gold":278,"neow_bonus":"ONE_RANDOM_RARE_CARD","is_daily":false,"chose_seed":false,"campfire_upgraded":5,"win_rate":0.0,"timestamp":1613199857,"path_taken":["M","?","M","M","?","R","E","?","T","R","E","M","$","M","R","BOSS","M","M","?","M","?","R","?","R","T","?","E","M","R","M","R","BOSS","M","M","$","?","M","R","?","R","T","M","M","E","R","M","R","BOSS","BOSS"],"items_purchased_type":["Card","Card","Relic"],"build_version":"2020-12-22","purchased_purges":1,"victory":false,"max_hp_per_floor":[66,66,66,66,66,66,66,66,66,66,66,66,66,66,66,66,66,66,66,66,66,66,66,66,66,66,66,66,66,66,66,66,66,66,66,66,66,66,66,66,66,66,66,66,66,66,66,66,66,66,66,66],"relic_stats":{"counters":[28,153],"Sundial":[6],"Snecko Eye":[188,209,186,201],"Art of War":[8],"Black Star":1,"War Paint":["Venomology","Acrobatics"],"obtain_stats":[{"Lantern":7,"Vajra":11,"The Courier":46,"Odd Mushroom":8,"War Paint":46,"Sundial":37,"Snecko Eye":17,"Molten Egg 2":2,"Art of War":28,"Black Star":34,"Toy Ornithopter":26,"Ring of the Snake":0,"Meat on the Bone":9},{"Lantern":5,"Vajra":7,"The Courier":25,"Odd Mushroom":6,"War Paint":25,"Sundial":20,"Snecko Eye":10,"Molten Egg 2":1,"Art of War":15,"Black Star":18,"Toy Ornithopter":14,"Ring of the Snake":0,"Meat on the Bone":6},{"Lantern":21,"Vajra":35,"The Courier":130,"Odd Mushroom":26,"War Paint":130,"Sundial":96,"Snecko Eye":49,"Molten Egg 2":4,"Art of War":68,"Black Star":87,"Toy Ornithopter":64,"Ring of the Snake":0,"Meat on the Bone":26}],"Toy Ornithopter":48,"Ring of the Snake":[56],"Meat on the Bone":60},"card_choices":[{"not_picked":["Bane","Expertise"],"picked":"Leg Sweep","floor":1.0},{"not_picked":["Setup","Bane+1"],"picked":"Blade Dance","floor":3.0},{"not_picked":["Underhanded Strike+1","Bane+1"],"picked":"Dagger Throw+1","floor":4.0},{"not_picked":["Dagger Throw+1","Outmaneuver"],"picked":"Dash+1","floor":5.0},{"not_picked":["Finisher+1","Dodge and Roll"],"picked":"Dash+1","floor":7.0},{"not_picked":["Reflex","Catalyst"],"picked":"Acrobatics","floor":8.0},{"not_picked":["Crippling Poison","Deadly Poison"],"picked":"Well Laid Plans","floor":11.0},{"not_picked":["Dash+1","Slice+1"],"picked":"Predator+1","floor":12.0},{"not_picked":["Calculated Gamble","Flying Knee+1"],"picked":"Cloak And Dagger","floor":14.0},{"not_picked":["Doppelganger","Corpse Explosion"],"picked":"Glass Knife+1","floor":16.0},{"not_picked":["Backflip+1","Acrobatics","Underhanded Strike+1"],"picked":"SKIP","floor":18.0},{"not_picked":["Flying Knee+1","Deadly Poison","Sucker Punch+1"],"picked":"SKIP","floor":19.0},{"not_picked":["Endless Agony+1","Acrobatics"],"picked":"Flechettes+1","floor":21.0},{"not_picked":["Slice+1","Cloak And Dagger"],"picked":"Eviscerate+1","floor":24.0},{"not_picked":["Distraction","Concentrate"],"picked":"Riddle With Holes+1","floor":28.0},{"not_picked":["Flechettes+1","Slice+1"],"picked":"Venomology","floor":29.0},{"not_picked":["Endless Agony+1","Masterful Stab+1"],"picked":"Accuracy","floor":31.0},{"not_picked":["Tools of the Trade","Burst"],"picked":"Malaise","floor":33.0},{"not_picked":["Dodge and Roll","Dagger Throw+1","Bane+1"],"picked":"SKIP","floor":35.0},{"not_picked":["Quick Slash+1","Dagger Throw+1","Slice+1"],"picked":"SKIP","floor":36.0},{"not_picked":["Deadly Poison","Well Laid Plans","Outmaneuver+1"],"picked":"SKIP","floor":39.0},{"not_picked":["Calculated Gamble","Acrobatics","Dagger Throw+1"],"picked":"SKIP","floor":41.0},{"not_picked":["Bane+1","Prepared"],"picked":"A Thousand Cuts","floor":44.0},{"not_picked":["Bane+1","Quick Slash+1","Dagger Throw+1"],"picked":"SKIP","floor":45},{"not_picked":["PiercingWail","Acrobatics"],"picked":"Infinite Blades+1","floor":46},{"not_picked":["Noxious Fumes","Quick Slash+1"],"picked":"Choke+1","floor":48}],"player_experience":3272218,"relics_obtained":[{"floor":7.0,"key":"Lantern"},{"floor":8.0,"key":"Odd Mushroom"},{"floor":9.0,"key":"Meat on the Bone"},{"floor":11.0,"key":"Vajra"},{"floor":26.0,"key":"Toy Ornithopter"},{"floor":28.0,"key":"Art of War"},{"floor":46,"key":"War Paint"},{"floor":46,"key":"The Courier"}],"event_choices":[{"damage_healed":0.0,"max_hp_gain":0.0,"max_hp_loss":0.0,"gold_gain":0.0,"event_name":"WeMeetAgain","player_choice":"Gave Potion","floor":2.0,"gold_loss":0.0,"damage_taken":0.0,"relics_obtained":["Molten Egg 2"]},{"damage_healed":0.0,"max_hp_gain":0.0,"max_hp_loss":0.0,"gold_gain":0.0,"event_name":"Mushrooms","player_choice":"Fought Mushrooms","floor":8.0,"gold_loss":0.0,"damage_taken":0.0},{"damage_healed":0.0,"max_hp_gain":0.0,"max_hp_loss":0.0,"gold_gain":0.0,"event_name":"Back to Basics","player_choice":"Simplicity","floor":20.0,"gold_loss":0.0,"damage_taken":0.0,"cards_upgraded":["Strike_G","Strike_G","Strike_G","Strike_G","Defend_G","Defend_G","Defend_G","Defend_G","Defend_G"]},{"cards_removed":["Strike_G"],"damage_healed":0.0,"max_hp_gain":0.0,"max_hp_loss":0.0,"gold_gain":0.0,"event_name":"Purifier","player_choice":"Purged","floor":22.0,"gold_loss":0.0,"damage_taken":0.0},{"damage_healed":0.0,"max_hp_gain":0.0,"max_hp_loss":0.0,"gold_gain":50.0,"event_name":"Nest","player_choice":"Stole From Cult","floor":27.0,"gold_loss":0.0,"damage_taken":0.0},{"damage_healed":0.0,"max_hp_gain":0.0,"max_hp_loss":0.0,"gold_gain":0.0,"event_name":"Lab","player_choice":"Got Potions","floor":38.0,"gold_loss":0.0,"damage_taken":0.0}],"is_beta":false,"boss_relics":[{"not_picked":["Pandora\u0027s Box","Tiny House"],"picked":"Snecko Eye"},{"not_picked":["Runic Pyramid","HoveringKite"],"picked":"Black Star"}],"items_purged_floors":[13],"is_endless":false,"potions_floor_spawned":[1,4,8,16,19,24,31,44,45,46,48],"killed_by":"Donu and Deca","ascension_level":20}}