{"host":"pi8b3ffzwvxqztac","time":1613242253,"event":{"mods":["BaseMod","Colored Map","Custom Start","Downfall","Minty Spire (QoL Compilation)","StSLib"],"gold_per_floor":[99,110,110,126,139,153,178,205,5,5,16,91,91,28,46,148,148,48,58,43,55,85,85,85,95,5,20,20,38,38,13,25,120,120,120,134,184,209,260,260,340,374,76,76,76,102,102,102,114,114,114,114,114,114],"floor_reached":52,"language":"ENG","playtime":3533,"items_purged":["Slimebound:Defend_Slimebound"],"score":904,"play_id":"3eeae218-a758-4c46-b5aa-c10fdf6dfec4","local_time":"20210214075053","is_ascension_mode":true,"campfire_choices":[{"floor":1,"key":"RECALL"},{"data":"Slimebound:Split","floor":9,"key":"SMITH"},{"data":"Slimebound:CorrosiveSpit","floor":13,"key":"SMITH"},{"data":"Slimebound:TongueLash","floor":18,"key":"SMITH"},{"data":"Slimebound:Schlurp","floor":28,"key":"SMITH"},{"data":"Slimebound:SpikyOuterGoop","floor":30,"key":"SMITH"},{"data":"Slimebound:SamplingLick","floor":35,"key":"SMITH"},{"floor":40,"key":"REST"},{"data":"Slimebound:OozeBath","floor":45,"key":"SMITH"},{"floor":47,"key":"DIG"}],"circlet_count":0,"master_deck":["Slimebound:Strike_Slimebound","Slimebound:Strike_Slimebound+1","Slimebound:Strike_Slimebound+1","Slimebound:Defend_Slimebound","Slimebound:Defend_Slimebound+1","Slimebound:Split+1","Slimebound:CorrosiveSpit+1","Slimebound:SpikyOuterGoop+1","Slimebound:Schlurp+1","Slimebound:HungryTackle","Slimebound:Recollect","Slimebound:TongueLash+1","Slimebound:SplitBruiser","Slimebound:SpikyOuterGoop+1","Slimebound:SamplingLick+1","Slimebound:HauntingLick","Slimebound:SplitMire+1","Slimebound:OozeBath+1","Slimebound:MegaLick","Slimebound:SamplingLick","Slimebound:LivingWall","Slimebound:GoopSpray","Slimebound:RejuvenatingLick"],"relics":["Slimebound:AbsorbEndCombat","Anchor","downfall:HeartBlessingBlue","downfall:HeartBlessingGreen","Busted Crown","downfall:HeartBlessingRed","Red Mask","Darkstone Periapt","champ:Barbells","hexamod:BolsterEngine","SlaversCollar","Ice Cream","Dream Catcher","Shovel","Eternal Feather","Bronze Scales","bronze:DecasWashers","Oddly Smooth Stone","hexamod:CandleOfCauterizing"],"acts_visited":["Exordium","TheCity","TheBeyond","TheEnding"],"potions_floor_usage":[8,11,16,33,33,36,50,50],"damage_taken":[{"damage":4,"enemies":"Cultist","floor":2,"turns":5},{"damage":6,"enemies":"2 Louse","floor":4,"turns":2},{"damage":7,"enemies":"Jaw Worm","floor":5,"turns":4},{"damage":5,"enemies":"Blue Slaver","floor":6,"turns":4},{"damage":51,"enemies":"Gremlin Nob","floor":8,"turns":5},{"damage":2,"enemies":"Exordium Wildlife","floor":11,"turns":3},{"damage":3,"enemies":"downfall:FleeingMerchant","floor":14,"turns":4},{"damage":2,"enemies":"Exordium Thugs","floor":15,"turns":4},{"damage":7,"enemies":"IC_STATUS_ARCHETYPE","floor":16,"turns":7},{"damage":14,"enemies":"3 Byrds","floor":19,"turns":5},{"damage":8,"enemies":"downfall:FleeingMerchant","floor":20,"turns":4},{"damage":0,"enemies":"Chosen","floor":21,"turns":3},{"damage":21,"enemies":"Masked Bandits","floor":22,"turns":4},{"damage":1,"enemies":"Shelled Parasite and Fungi","floor":25,"turns":5},{"damage":14,"enemies":"downfall:FleeingMerchant","floor":26,"turns":4},{"damage":0,"enemies":"3 Cultists","floor":27,"turns":5},{"damage":9,"enemies":"Centurion and Healer","floor":29,"turns":5},{"damage":10,"enemies":"downfall:FleeingMerchant","floor":31,"turns":4},{"damage":0,"enemies":"Snake Plant","floor":32,"turns":4},{"damage":7,"enemies":"DF_ARCHETYPE_CLAW","floor":33,"turns":6},{"damage":0,"enemies":"3 Darklings","floor":36,"turns":5},{"damage":3,"enemies":"3 Darklings","floor":37,"turns":5},{"damage":52,"enemies":"2 Orb Walkers","floor":39,"turns":6},{"damage":26,"enemies":"Giant Head","floor":42,"turns":8},{"damage":0,"enemies":"Nemesis","floor":46,"turns":7},{"damage":0,"enemies":"Orb Walker","floor":49,"turns":3},{"damage":20,"enemies":"WA_ARCHETYPE_DIVINITY","floor":50,"turns":11},{"damage":95,"enemies":"downfall:CharBossMerchant","floor":52,"turns":8}],"seed_played":"-1423394288610042315","potions_obtained":[{"floor":4,"key":"DistilledChaos"},{"floor":6,"key":"Regen Potion"},{"floor":8,"key":"Swift Potion"},{"floor":11,"key":"Fruit Juice"},{"floor":15,"key":"Dexterity Potion"},{"floor":22,"key":"PowerPotion"},{"floor":23,"key":"CultistPotion"},{"floor":33,"key":"SkillPotion"},{"floor":36,"key":"Swift Potion"},{"floor":46,"key":"Guardian:BlockOnCardUsePotion"},{"floor":49,"key":"Dexterity Potion"}],"is_trial":false,"path_per_floor":["R","M","?","M","M","M","T","E","R","?","M","?","R","$","M","B",null,"R","M","$","M","?","?","T","M","$","M","R","M","R","$","M","B",null,"R","M","?","?","?","R","T","E","$","?","R","E","R","$","M","B",null,"E"],"character_chosen":"SLIMEBOUND","items_purchased":["Slimebound:HauntingLick","Slimebound:MegaLick","champ:Barbells","hexamod:BolsterEngine","bronze:DecasWashers","ColorlessPotion"],"campfire_rested":1,"item_purchase_floors":[14,26,31,31,43,43],"current_hp_per_floor":[65,65,65,65,64,65,65,18,28,28,35,35,35,40,46,47,72,72,66,64,70,57,57,57,64,56,64,64,63,63,61,67,68,77,77,80,77,77,32,56,56,38,38,38,50,58,70,70,74,60,75,0,0,0],"gold":114,"neow_bonus":"TRANSFORM_CARD","is_daily":false,"chose_seed":false,"campfire_upgraded":7,"win_rate":0.0,"timestamp":1613242253,"path_taken":["R","M","?","?","M","M","T","E","R","?","M","?","R","?","M","BOSS","R","M","$","M","?","?","T","M","?","M","R","M","R","$","M","BOSS","R","M","?","?","?","R","T","E","$","?","R","E","R","$","M","BOSS","E"],"items_purchased_type":["Card","Card","Relic","Relic","Relic","Potion"],"build_version":"2020-12-22","purchased_purges":1,"victory":false,"max_hp_per_floor":[65,65,65,65,65,65,65,65,75,75,80,80,80,80,80,80,80,80,80,80,80,80,80,80,80,80,80,80,80,80,80,80,80,80,80,80,80,80,80,80,80,80,80,80,80,80,80,80,80,80,80,80,80,80],"card_choices":[{"not_picked":["Slimebound:LivingWall","Slimebound:GoopTackle"],"picked":"Slimebound:Schlurp","floor":2},{"not_picked":["Slimebound:FlameTackle","Slimebound:SlimeSpikes"],"picked":"Slimebound:Recollect","floor":4},{"not_picked":["Slimebound:ComboTackle","Slimebound:Schlurp"],"picked":"Slimebound:TongueLash","floor":5},{"not_picked":["Slimebound:ViciousTackle","Slimebound:LeechEnergy","Slimebound:ForwardTackle"],"picked":"SKIP","floor":6},{"not_picked":["Slimebound:FlameTackle","Slimebound:DivideAndConquer"],"picked":"Slimebound:SplitBruiser","floor":8},{"not_picked":["Slimebound:HauntingLick","Slimebound:Prepare"],"picked":"Slimebound:SpikyOuterGoop","floor":11},{"not_picked":["Slimebound:ViciousTackle","Slimebound:ItLooksTasty"],"picked":"Slimebound:SamplingLick","floor":14},{"not_picked":["Slimebound:AcidTongue","Slimebound:LeadByExample"],"picked":"Slimebound:SplitMire","floor":15},{"not_picked":["Slimebound:WasteNot","Slimebound:MassFeed"],"picked":"Slimebound:OozeBath","floor":16},{"not_picked":["Slimebound:ProtectTheBoss"],"picked":"SKIP","floor":19},{"not_picked":["Slimebound:SplitAcid+1"],"picked":"SKIP","floor":20},{"not_picked":["Slimebound:ForwardTackle"],"picked":"SKIP","floor":21},{"not_picked":["Slimebound:GoopTackle"],"picked":"SKIP","floor":25},{"not_picked":["Slimebound:Repurpose"],"picked":"SKIP","floor":26},{"not_picked":["Slimebound:BestDefense"],"picked":"SKIP","floor":27},{"not_picked":[],"picked":"Slimebound:SamplingLick","floor":29},{"not_picked":["Slimebound:SplitMire"],"picked":"SKIP","floor":31},{"not_picked":[],"picked":"Slimebound:LivingWall","floor":32},{"not_picked":["Slimebound:LeechingTouch"],"picked":"SKIP","floor":36},{"not_picked":[],"picked":"Slimebound:GoopSpray","floor":37},{"not_picked":[],"picked":"Slimebound:RejuvenatingLick","floor":40},{"not_picked":["Slimebound:Prepare+1"],"picked":"SKIP","floor":42},{"not_picked":["Slimebound:SplitLeeching+1"],"picked":"SKIP","floor":46},{"not_picked":["Slimebound:SplitAcid"],"picked":"SKIP","floor":49}],"player_experience":779255,"relics_obtained":[{"floor":8,"key":"Anchor"},{"floor":22,"key":"Red Mask"},{"floor":24,"key":"Darkstone Periapt"},{"floor":37,"key":"Ice Cream"},{"floor":38,"key":"Dream Catcher"},{"floor":39,"key":"Shovel"},{"floor":41,"key":"Eternal Feather"},{"floor":42,"key":"Bronze Scales"},{"floor":46,"key":"Oddly Smooth Stone"},{"floor":47,"key":"hexamod:CandleOfCauterizing"}],"event_choices":[{"damage_healed":0,"gold_gain":0,"player_choice":"Grow","damage_taken":0,"max_hp_gain":0,"max_hp_loss":0,"event_name":"Living Wall","floor":10,"gold_loss":0,"cards_upgraded":["Slimebound:SpikyOuterGoop"]},{"damage_healed":0,"gold_gain":0,"player_choice":"Fought Bandits","damage_taken":0,"max_hp_gain":0,"max_hp_loss":0,"event_name":"Masked Bandits","floor":22,"gold_loss":0},{"damage_healed":0,"gold_gain":0,"player_choice":"Fight","damage_taken":0,"max_hp_gain":0,"max_hp_loss":0,"event_name":"Mysterious Sphere","floor":39,"gold_loss":0}],"is_beta":false,"boss_relics":[{"not_picked":["Astrolabe","SacredBark"],"picked":"Busted Crown"},{"not_picked":["Snecko Eye","Tiny House"],"picked":"SlaversCollar"}],"items_purged_floors":[31],"is_endless":false,"potions_floor_spawned":[4,6,8,11,15,22,25,27,29,33,36,46,49],"killed_by":"downfall:CharBossMerchant","ascension_level":5}}