{"host":"fortuna","time":1613241996,"event":{"mods":["100% Spire Juice","Act Like it!","Arknights","BaseMod","CapriCore","Gensokyo","Hallownest","Koishi","Minty Spire (QoL Compilation)","MostiFishMod","Reimu£®≤©¿ˆ¡È√Œ£©","Relic Stats","StSLib","The Animator","The Bug Knight","The Immortal","Waifu the Spire","WarShipGirlsR/’ΩΩ¢…Ÿ≈ÆR mod","Yakumo Yukari mod"],"gold_per_floor":[115,133,152,77,77,111,111,138,161,175,191,216,216,216,216,315,315,330,340,340,340,405,405,424,457,457,389,418,418,450,467,467,572,572,585,575,575,735,751,751,778,778,804,804,278,153,187,201,201,201],"floor_reached":51,"language":"ZHS","playtime":1910,"items_purged":["Strike_Lin:ReiMu"],"score":1267,"play_id":"8fb51ded-a7d6-47d2-9759-3715c34f2058","local_time":"20210214024636","is_ascension_mode":true,"campfire_choices":[{"data":"NB:ReiMu","floor":7.0,"key":"SMITH"},{"data":"Hallownest:skillGreenpathMap","floor":13.0,"key":"SMITH"},{"data":"SealNeedle:ReiMu","floor":15.0,"key":"SMITH"},{"data":"NineCharacters:ReiMu","floor":23.0,"key":"SMITH"},{"data":"KamiRite:ReiMu","floor":29.0,"key":"SMITH"},{"data":"InherentArray:ReiMu","floor":32,"key":"SMITH"},{"data":"CleanRite:ReiMu","floor":40,"key":"SMITH"},{"data":"RainPray2:ReiMu","floor":42,"key":"SMITH"},{"data":"YinYang:ReiMu","floor":44,"key":"SMITH"},{"data":"UniversalSpiritual:ReiMu","floor":49,"key":"SMITH"}],"circlet_count":0,"master_deck":["Strike_Lin:ReiMu","Strike_Lin:ReiMu","Defend_Lin:ReiMu","Defend_Lin:ReiMu","Defend_Lin:ReiMu","Defend_Lin:ReiMu","NB:ReiMu+1","Stagnation:ReiMu","RainPray2:ReiMu","RainPray2:ReiMu","AirStrike:ReiMu","Hallownest:skillGreenpathMap+1","Gathering:ReiMu","SealNeedle:ReiMu+1","InherentArray:ReiMu+1","Dreaming:ReiMu","YinYang:ReiMu+1","RainPray2:ReiMu+1","Conquer:ReiMu","AlertArray:ReiMu","NineCharacters:ReiMu+1","Crusade:ReiMu","AirStrike:ReiMu","KamiRite:ReiMu+1","BlastKick2:ReiMu","ShadowOfCrow2:ReiMu","RainPray2:ReiMu+1","CleanRite:ReiMu+1","BlastKick2:ReiMu","Free:ReiMu","RainPray2:ReiMu+1","UniversalSpiritual:ReiMu+1"],"relics":["ShineYinYang:ReiMu","DaveBox","NeowsBlessing","SynthV:TestCard","FeatherPendant","Hallownest:DreamNailRelic","SkyOrb:ReiMu","Pen Nib","Bag of Preparation","Boot","Hallownest:SheosBrushRelic","Oddly Smooth Stone","Omamori","Juzu Bracelet","Bottled Flame","ChiXiaoBlade","Hallownest:HeavyBlowRelic","Hallownest:GodTamersBeastRelic","Nunchaku","PureWhite:ReiMu","TentaclePot:ReiMu","Toxic Egg 2","Pocketwatch"],"acts_visited":["Hallownest:Greenpath","Hallownest:CityofTears","Hallownest:KingdomsEdge"],"potions_floor_usage":[],"damage_taken":[{"damage":0.0,"enemies":"Hallownest:2_MossCreeps","floor":1.0,"turns":1.0},{"damage":0.0,"enemies":"Hallownest:monsterHuskGuard","floor":2.0,"turns":1.0},{"damage":0.0,"enemies":"Hallownest:monsterHuskWarrior","floor":3.0,"turns":1.0},{"damage":0.0,"enemies":"Hallownest:eliteMossKnight","floor":6.0,"turns":6.0},{"damage":0.0,"enemies":"Hallownest:eliteVengeflyKing","floor":8.0,"turns":3.0},{"damage":0.0,"enemies":"Hallownest:1_Ooma_and_2_Uuma","floor":10.0,"turns":3.0},{"damage":0.0,"enemies":"Hallownest:monsterFoolEater","floor":11.0,"turns":2.0},{"damage":0.0,"enemies":"Hallownest:eliteCrystalGuardian","floor":12.0,"turns":5.0},{"damage":6.0,"enemies":"Hallownest:BossFalseKnight","floor":16.0,"turns":4.0},{"damage":0.0,"enemies":"Hallownest:3_Youths","floor":18.0,"turns":3.0},{"damage":0.0,"enemies":"Hallownest:Guard_and_Sentry","floor":19.0,"turns":3.0},{"damage":0.0,"enemies":"Hallownest:Glutton_and_Coward","floor":22.0,"turns":3.0},{"damage":0.0,"enemies":"Hallownest:Warrior_and_Youth","floor":24.0,"turns":1.0},{"damage":0.0,"enemies":"Hallownest:eliteWatcherKnight","floor":25.0,"turns":8.0},{"damage":0.0,"enemies":"Hallownest:eliteSoulWarrior","floor":28.0,"turns":2.0},{"damage":0,"enemies":"Hallownest:eliteWatcherKnight","floor":30,"turns":7},{"damage":0,"enemies":"Hallownest:monsterShrumalOgre","floor":31,"turns":2},{"damage":0,"enemies":"Hallownest:BossSoulMaster","floor":33,"turns":4},{"damage":0,"enemies":"Hallownest:2_Littles","floor":35,"turns":3},{"damage":1,"enemies":"Hallownest:2_Littles","floor":38,"turns":3},{"damage":4,"enemies":"Hallownest:2_Littles","floor":38,"turns":3},{"damage":0,"enemies":"Hallownest:2_Littles","floor":38,"turns":3},{"damage":0,"enemies":"Hallownest:2_Littles","floor":38,"turns":2},{"damage":0,"enemies":"Hallownest:Shield_Heavy","floor":39,"turns":2},{"damage":0,"enemies":"Hallownest:eliteHiveKnight","floor":41,"turns":3},{"damage":0,"enemies":"Hallownest:StalkingDevout","floor":47,"turns":3},{"damage":0,"enemies":"Hallownest:2_Soldiers_and_1_Guardian","floor":48,"turns":2},{"damage":0,"enemies":"Hallownest:Radiance","floor":50,"turns":3}],"seed_played":"-3581167571477488104","potions_obtained":[{"floor":3.0,"key":"Strength Potion"},{"floor":6.0,"key":"AttackPotion"},{"floor":8.0,"key":"SpeedPotion"},{"floor":10.0,"key":"MagicPotion:ReiMu"},{"floor":24.0,"key":"Dexterity Potion"}],"is_trial":false,"path_per_floor":["M","M","M","?","?","E","R","E","T","M","M","E","R","?","R","B",null,"M","M","?","?","M","R","M","E","T","$","E","R","E","M","R","B",null,"M","?","?","?","M","R","E","R","T","R","$","?","E","M","R","B",null],"character_chosen":"REIMU","items_purchased":["KamiRite:ReiMu","PureWhite:ReiMu","TentaclePot:ReiMu"],"campfire_rested":0,"item_purchase_floors":[27,45,45],"current_hp_per_floor":[65,65,65,65,65,65,65,65,65,65,65,65,65,65,65,59,65,65,65,65,65,65,65,65,65,65,65,65,65,65,65,65,65,65,65,65,65,60,60,60,60,60,60,60,60,60,60,60,60,60],"gold":201,"neow_bonus":"THREE_ENEMY_KILL","is_daily":false,"chose_seed":false,"campfire_upgraded":10,"win_rate":0.0,"timestamp":1613241996,"path_taken":["M","M","?","?","?","E","R","E","T","?","M","E","R","?","R","BOSS","M","M","?","?","?","R","?","E","T","$","E","R","E","M","R","BOSS","M","?","?","?","M","R","E","R","T","R","$","?","E","M","R","BOSS"],"items_purchased_type":["Card","Relic","Relic"],"build_version":"2020-12-18","purchased_purges":1,"victory":true,"max_hp_per_floor":[65,65,65,65,65,65,65,65,65,65,65,65,65,65,65,65,65,65,65,65,65,65,65,65,65,65,65,65,65,65,65,65,65,65,65,65,65,65,65,65,65,65,65,65,65,65,65,65,65,65],"relic_stats":{"Nunchaku":[2],"counters":[28,85],"Pen Nib":[21],"Bag of Preparation":[46],"Juzu Bracelet":0,"Boot":[164],"obtain_stats":[{"DaveBox":0,"NeowsBlessing":0,"TentaclePot:ReiMu":45,"ShineYinYang:ReiMu":17,"Oddly Smooth Stone":25,"Pen Nib":8,"Hallownest:DreamNailRelic":5,"Bag of Preparation":9,"Omamori":26,"Juzu Bracelet":28,"Hallownest:HeavyBlowRelic":37,"Boot":12,"Hallownest:GodTamersBeastRelic":38,"Hallownest:SheosBrushRelic":14,"Bottled Flame":30,"Nunchaku":41,"PureWhite:ReiMu":45,"SynthV:TestCard":1,"FeatherPendant":1,"ChiXiaoBlade":34,"SkyOrb:ReiMu":6,"Toxic Egg 2":46,"FlyPower:ReiMu":0,"Pocketwatch":47},{"DaveBox":0,"NeowsBlessing":0,"TentaclePot:ReiMu":25,"ShineYinYang:ReiMu":9,"Oddly Smooth Stone":14,"Pen Nib":5,"Hallownest:DreamNailRelic":3,"Bag of Preparation":5,"Omamori":14,"Juzu Bracelet":15,"Hallownest:HeavyBlowRelic":19,"Boot":8,"Hallownest:GodTamersBeastRelic":23,"Hallownest:SheosBrushRelic":8,"Bottled Flame":16,"Nunchaku":25,"PureWhite:ReiMu":25,"SynthV:TestCard":1,"FeatherPendant":1,"ChiXiaoBlade":18,"SkyOrb:ReiMu":4,"Toxic Egg 2":25,"FlyPower:ReiMu":0,"Pocketwatch":26},{"DaveBox":0,"NeowsBlessing":0,"TentaclePot:ReiMu":77,"ShineYinYang:ReiMu":26,"Oddly Smooth Stone":44,"Pen Nib":12,"Hallownest:DreamNailRelic":3,"Bag of Preparation":12,"Omamori":44,"Juzu Bracelet":46,"Hallownest:HeavyBlowRelic":62,"Boot":22,"Hallownest:GodTamersBeastRelic":72,"Hallownest:SheosBrushRelic":22,"Bottled Flame":53,"Nunchaku":77,"PureWhite:ReiMu":77,"SynthV:TestCard":1,"FeatherPendant":1,"ChiXiaoBlade":59,"SkyOrb:ReiMu":9,"Toxic Egg 2":77,"FlyPower:ReiMu":0,"Pocketwatch":80}],"Pocketwatch":[0]},"card_choices":[{"not_picked":["PassingAway:ReiMu","CareerPray:ReiMu"],"picked":"RainPray2:ReiMu","floor":1.0},{"not_picked":["Revelation:ReiMu","Crusade:ReiMu","SubAcupoint:ReiMu","Enchanting:ReiMu"],"picked":"RainPray2:ReiMu","floor":2.0},{"not_picked":["SubcavityInstant:ReiMu","PassingAway:ReiMu","KamiSacrifice:ReiMu","UniversalSpiritual:ReiMu"],"picked":"AirStrike:ReiMu","floor":3.0},{"not_picked":["KyokaiOfKami:ReiMu","AirStrike:ReiMu","BarrageOfMoneybags:ReiMu","Intuition:ReiMu"],"picked":"Gathering:ReiMu","floor":6.0},{"not_picked":["CareerPray:ReiMu","Amulet:ReiMu","SpringWay:ReiMu","Mountainwind:ReiMu","SubAcupoint:ReiMu"],"picked":"SKIP","floor":8.0},{"not_picked":["SafetyPray:ReiMu","Enchanting:ReiMu","Gathering:ReiMu","Revelation:ReiMu"],"picked":"SealNeedle:ReiMu","floor":10.0},{"not_picked":["Amulet:ReiMu","SpringWay:ReiMu","Mountainwind:ReiMu","EmergencyTakeOff:ReiMu"],"picked":"InherentArray:ReiMu","floor":11.0},{"not_picked":["OctopathBindingBorder2:ReiMu","TightArray:ReiMu","FantasyMoon:ReiMu","OctopathSalyBorderN:ReiMu"],"picked":"Dreaming:ReiMu","floor":12.0},{"not_picked":["PrayRite:ReiMu","Dreaming:ReiMu","HakureiPhantom:ReiMu","Shading:ReiMu"],"picked":"YinYang:ReiMu","floor":16.0},{"not_picked":["Meditation:ReiMu","OctopathBindingBorder2:ReiMu","UpKicking:ReiMu","SpringWay:ReiMu"],"picked":"RainPray2:ReiMu+1","floor":18.0},{"not_picked":["SubAcupoint:ReiMu+1","EmergencyTakeOff:ReiMu","PayForSelf:ReiMu","YinYangSange:ReiMu"],"picked":"Conquer:ReiMu","floor":19.0},{"not_picked":["WonderfulDomain:ReiMu","Enchanting:ReiMu","Intuition:ReiMu","SubcavityInstant:ReiMu"],"picked":"AlertArray:ReiMu","floor":20.0},{"not_picked":["LovePray:ReiMu+1","SpreadBorder2:ReiMu","EmergencyTakeOff:ReiMu","OctopathBindingBorder2:ReiMu"],"picked":"NineCharacters:ReiMu","floor":22.0},{"not_picked":["EmergencyTakeOff:ReiMu","BarrageOfMoneybags:ReiMu","CollectionFlower2:ReiMu+1","AirManeuver:ReiMu"],"picked":"Crusade:ReiMu","floor":24.0},{"not_picked":["LovePray:ReiMu","Revelation:ReiMu","SpreadBorder2:ReiMu","FantasyMoon:ReiMu"],"picked":"AirStrike:ReiMu","floor":25.0},{"not_picked":["Amulet:ReiMu+1","RainPray2:ReiMu+1","Conquer:ReiMu","LovePray:ReiMu+1"],"picked":"BlastKick2:ReiMu","floor":28.0},{"not_picked":["Enchanting:ReiMu","HakureiPhantom:ReiMu","BarrageOfMoneybags:ReiMu","YinYangSign:ReiMu"],"picked":"ShadowOfCrow2:ReiMu","floor":30},{"not_picked":["EmergencyTakeOff:ReiMu","WonderfulDomain:ReiMu","Meditation:ReiMu","Conquer:ReiMu+1"],"picked":"RainPray2:ReiMu","floor":31},{"not_picked":["Shading:ReiMu","BlastKick2:ReiMu","Authority:ReiMu","CardOfSanctity:ReiMu"],"picked":"CleanRite:ReiMu","floor":33},{"not_picked":["OrbThrow:ReiMu","Meditation:ReiMu+1","Conquer:ReiMu","EmergencyTakeOff:ReiMu+1","CareerPray:ReiMu"],"picked":"SKIP","floor":35},{"not_picked":[],"picked":"BlastKick2:ReiMu","floor":36},{"not_picked":["AlertArray:ReiMu+1","EmergencyTakeOff:ReiMu","Meditation:ReiMu","TightArray:ReiMu+1","SpreadBorder2:ReiMu+1"],"picked":"SKIP","floor":39},{"not_picked":["Conquer:ReiMu+1","SpringWay:ReiMu+1","AlertArray:ReiMu+1","AirStrike:ReiMu+1"],"picked":"Free:ReiMu","floor":41},{"not_picked":["SubAcupoint:ReiMu","PrepareRite:ReiMu+1","LovePray:ReiMu+1","PhosphorusFlame:ReiMu+1"],"picked":"RainPray2:ReiMu+1","floor":47},{"not_picked":["TakeOff:ReiMu+1","PhosphorusFlame:ReiMu+1","CareerPray:ReiMu+1","SubcavityInstant:ReiMu+1"],"picked":"UniversalSpiritual:ReiMu","floor":48}],"player_experience":382220,"relics_obtained":[{"floor":1.0,"key":"SynthV:TestCard"},{"floor":6.0,"key":"SkyOrb:ReiMu"},{"floor":8.0,"key":"Pen Nib"},{"floor":9.0,"key":"Bag of Preparation"},{"floor":12.0,"key":"Boot"},{"floor":25.0,"key":"Oddly Smooth Stone"},{"floor":26.0,"key":"Omamori"},{"floor":28.0,"key":"Juzu Bracelet"},{"floor":30,"key":"Bottled Flame"},{"floor":41,"key":"Nunchaku"},{"floor":47,"key":"Pocketwatch"}],"event_choices":[],"is_beta":true,"boss_relics":[{"not_picked":["Busted Crown","ExusiaiGun"],"picked":"ShineYinYang:ReiMu"},{"not_picked":["RedLine:ReiMu","Runic Pyramid"],"picked":"ChiXiaoBlade"}],"items_purged_floors":[45],"is_endless":false,"potions_floor_spawned":[3,6,8,10,16,18,22,24,25,30,35,38,39,48],"ascension_level":3}}