{"host":"u7y9frlpoazak2mn","time":1613234044,"event":{"mods":["AchievementEnabler","Act Like it!","Aspiration","BaseMod","Beaked The Cultist","Better Altar","Better Match","Better Note","Better Sensory Stone","Better Skull","Better Third Choice","Colored Map","Colored Powertips","Displayed Cursed Tome","Downfall","Emptier Cage","Energized Spire","GifTheSpireLib","Hermit","Marked Mod","Mimic Mod","Minty Spire (QoL Compilation)","Permanent Neow","Prisma Mod","Rare Cards Sparkle","Relic Stats","StSLib","The Construct","Waifu the Spire"],"gold_per_floor":[16,16,36,55,75,75,2,2,2,15,15,43,43,60,60,162,162,148,148,73,85,34,34,49,64,64,64,64,74,74,84,84,189,189,201,6,6,24,38,38,58,58,91,91,91,105,105,130,130,130,130],"floor_reached":50,"language":"ENG","playtime":2549,"items_purged":["beaked:SurvivalInstinct"],"score":474,"play_id":"1684452b-d5b3-4ea8-abd9-49c3beaf2d00","local_time":"20210213113404","is_ascension_mode":false,"campfire_choices":[{"data":"beaked:MachineSpirit","floor":6,"key":"SMITH"},{"floor":11,"key":"REST"},{"floor":15,"key":"REST"},{"data":"beaked:AwakenedForm","floor":23,"key":"SMITH"},{"floor":28,"key":"REST"},{"floor":30,"key":"REST"},{"data":"beaked:Insight","floor":32,"key":"SMITH"},{"floor":40,"key":"REST"},{"data":"Fasting2","floor":42,"key":"SMITH"},{"floor":44,"key":"REST"},{"floor":49,"key":"REST"}],"circlet_count":0,"master_deck":["beaked:Strike_Y","beaked:Strike_Y","beaked:Strike_Y","beaked:Defend_Y","beaked:Defend_Y","beaked:Defend_Y","beaked:Defend_Y","beaked:Ceremony","beaked:Ceremony","beaked:Ceremony","beaked:MachineSpirit+1","beaked:Windmill","beaked:Insight+1","beaked:AwakenedForm+1","beaked:Insight+1","beaked:MachineSpirit","beaked:Struggle","beaked:WarriorEssence","downfall:Icky","sneckomod:UnknownClassMIYU_BLUE+1","Fasting2+1"],"relics":["beaked:MendingPlumage","aspiration:HatOfInfinitePower","Lizard Tail","energizedSpire:CursedPentagram","Happy Flower","Empty Cage","PrismaticShard","CeramicFish"],"acts_visited":["Exordium","TheCity","TheBeyond"],"potions_floor_usage":[5,16,16,25,25,39,41,46,50],"damage_taken":[{"damage":20,"enemies":"Jaw Worm","floor":1,"turns":5},{"damage":5,"enemies":"Cultist","floor":3,"turns":4},{"damage":5,"enemies":"Small Slimes","floor":4,"turns":4},{"damage":8,"enemies":"Red Slaver","floor":5,"turns":8},{"damage":36,"enemies":"3 Louse","floor":10,"turns":4},{"damage":39,"enemies":"Lagavulin","floor":12,"turns":7},{"damage":19,"enemies":"2 Fungi Beasts","floor":14,"turns":3},{"damage":36,"enemies":"The Guardian","floor":16,"turns":9},{"damage":24,"enemies":"2 Thieves","floor":18,"turns":4},{"damage":5,"enemies":"Chosen","floor":21,"turns":4},{"damage":46,"enemies":"Sentry and Sphere","floor":24,"turns":6},{"damage":41,"enemies":"Centurion and Healer","floor":25,"turns":6},{"damage":33,"enemies":"Snake Plant","floor":29,"turns":5},{"damage":31,"enemies":"Chosen and Byrds","floor":31,"turns":6},{"damage":50,"enemies":"Champ","floor":33,"turns":9},{"damage":48,"enemies":"3 Darklings","floor":35,"turns":6},{"damage":51,"enemies":"3 Shapes","floor":38,"turns":5},{"damage":72,"enemies":"Jaw Worm Horde","floor":39,"turns":5},{"damage":49,"enemies":"Maw","floor":41,"turns":10},{"damage":23,"enemies":"Writhing Mass","floor":43,"turns":5},{"damage":47,"enemies":"Writhing Mass","floor":46,"turns":4},{"damage":53,"enemies":"Nemesis","floor":48,"turns":7},{"damage":68,"enemies":"Donu and Deca","floor":50,"turns":3}],"seed_played":"7770337475997251810","potions_obtained":[{"floor":3,"key":"Slimebound:ThreeZeroPotion"},{"floor":5,"key":"Guardian:BlockOnCardUsePotion"},{"floor":10,"key":"Explosive Potion"},{"floor":21,"key":"LiquidBronze"},{"floor":24,"key":"hexamod:SoulburnPotion"},{"floor":31,"key":"construct:ShiftPotion"},{"floor":38,"key":"Explosive Potion"},{"floor":41,"key":"champ:CounterPotion"},{"floor":46,"key":"bronze:BurnAndBuffPotion"},{"floor":48,"key":"SteroidPotion"}],"is_trial":false,"path_per_floor":["M","?","M","M","M","R","$","?","T","M","R","E","?","M","R","B",null,"M","?","$","M","$","R","M","M","T","?","R","M","R","M","R","B",null,"M","$","?","M","M","R","M","R","MIM","R","$","M","?","E","R","B"],"character_chosen":"BEAKED_THE_CULTIST","items_purchased":["beaked:Windmill","beaked:Insight","beaked:Insight","PrismaticShard","beaked:WarriorEssence"],"campfire_rested":7,"item_purchase_floors":[7,7,22,36,36],"current_hp_per_floor":[37,40,45,47,50,50,50,50,50,27,42,22,22,17,32,22,50,41,41,41,50,50,50,24,14,14,14,29,22,37,49,49,50,50,31,31,31,12,15,30,39,39,33,48,48,50,50,29,44,0,0],"gold":130,"neow_bonus":"THREE_RARE_CARDS","is_daily":false,"chose_seed":false,"campfire_upgraded":4,"win_rate":0.0,"timestamp":1613234044,"path_taken":["M","?","M","M","?","R","$","?","T","?","R","E","?","?","R","BOSS","M","?","?","M","$","R","?","M","T","?","R","M","R","M","R","BOSS","M","$","?","M","M","R","?","R","MIM","R","$","M","?","E","R","BOSS"],"items_purchased_type":["Card","Card","Card","Relic","Card"],"build_version":"2020-12-22","purchased_purges":1,"victory":false,"max_hp_per_floor":[50,50,50,50,50,50,50,50,50,50,50,50,50,50,50,50,50,50,50,50,50,50,50,50,50,50,50,50,50,50,50,50,50,50,50,50,50,50,50,50,50,50,50,50,50,50,50,50,50,50,50],"relic_stats":{"Lizard Tail":25,"Happy Flower":[21],"counters":[23,129],"CeramicFish":0,"obtain_stats":[{"Lizard Tail":12,"energizedSpire:CursedPentagram":17,"Happy Flower":26,"CeramicFish":48,"beaked:MendingPlumage":0,"aspiration:HatOfInfinitePower":9,"Empty Cage":34,"PrismaticShard":36},{"Lizard Tail":6,"energizedSpire:CursedPentagram":8,"Happy Flower":12,"CeramicFish":22,"beaked:MendingPlumage":0,"aspiration:HatOfInfinitePower":4,"Empty Cage":15,"PrismaticShard":16},{"Lizard Tail":32,"energizedSpire:CursedPentagram":44,"Happy Flower":64,"CeramicFish":126,"beaked:MendingPlumage":0,"aspiration:HatOfInfinitePower":21,"Empty Cage":84,"PrismaticShard":90}]},"card_choices":[{"not_picked":["beaked:FakeOut","beaked:Caw"],"picked":"beaked:WildInstinct","floor":0},{"not_picked":["beaked:Redirect","beaked:Evade"],"picked":"beaked:SurvivalInstinct","floor":1},{"not_picked":["beaked:SacrificialAttack","beaked:BloodForTheGods","beaked:SacrificialScars"],"picked":"SKIP","floor":3},{"not_picked":["beaked:Negation","beaked:TuckingFeathers"],"picked":"beaked:SurvivalInstinct","floor":4},{"not_picked":["beaked:Tweet","beaked:CursingBlood"],"picked":"beaked:MachineSpirit","floor":5},{"not_picked":["beaked:BounceBack","beaked:Roost","beaked:Brainwash"],"picked":"SKIP","floor":10},{"not_picked":["beaked:Tradeoff","beaked:Brace","beaked:MimicHuntress"],"picked":"SKIP","floor":12},{"not_picked":["beaked:BounceBack","beaked:BloodForTheGods","beaked:DigDeeper"],"picked":"SKIP","floor":14},{"not_picked":["beaked:DarkTribute","beaked:FakeOut"],"picked":"beaked:AwakenedForm","floor":16},{"not_picked":["beaked:DigDeeper+1","beaked:HuntressSpirit+1","beaked:Roost+1"],"picked":"SKIP","floor":18},{"not_picked":["beaked:Flinch","beaked:TuckingFeathers","beaked:FeelMyPain"],"picked":"SKIP","floor":21},{"not_picked":["beaked:Tweet","beaked:Replenish+1","beaked:Redirect"],"picked":"SKIP","floor":24},{"not_picked":["beaked:Cower","beaked:Poke"],"picked":"beaked:MachineSpirit","floor":25},{"not_picked":["beaked:Replenish","beaked:CursingBlood"],"picked":"beaked:Struggle","floor":29},{"not_picked":["beaked:Flinch","beaked:Negation","beaked:CursingBlood"],"picked":"SKIP","floor":31},{"not_picked":["beaked:Overpower","beaked:StunningBlow+1","beaked:Redirect+1"],"picked":"SKIP","floor":35},{"not_picked":["beaked:Negation+1","Warcry","hexamod:BacktrackSmack+1"],"picked":"SKIP","floor":38},{"not_picked":["PrismaMod:ChloeExhaustTwo+1","bronze:FollowUp"],"picked":"sneckomod:UnknownClassMIYU_BLUE+1","floor":39},{"not_picked":["bronze:BugBarrage","Slimebound:ViciousTackle"],"picked":"Fasting2","floor":41},{"not_picked":["PrismaMod:ChloeUncommonDefend","PrismaMod:IllyaPartialInstallAssassin","hermit:TakeAim+1"],"picked":"SKIP","floor":46},{"not_picked":["expansioncontent:PrepareCrush+1","champ:SetATrap+1","champ:FocusedBerserking+1"],"picked":"SKIP","floor":48}],"player_experience":447149,"relics_obtained":[{"floor":9,"key":"aspiration:HatOfInfinitePower"},{"floor":12,"key":"Lizard Tail"},{"floor":26,"key":"Happy Flower"},{"floor":48,"key":"CeramicFish"}],"event_choices":[{"damage_healed":3,"gold_gain":0,"player_choice":"LEAVE ","damage_taken":0,"relics_obtained":[],"max_hp_gain":0,"max_hp_loss":0,"event_name":"betterSkull:BetterSkull","floor":2,"gold_loss":0,"cards_upgraded":[]},{"cards_removed":["beaked:SurvivalInstinct"],"damage_healed":5,"gold_gain":0,"player_choice":"Offered Common","damage_taken":0,"max_hp_gain":0,"max_hp_loss":0,"event_name":"Bonfire Elementals","floor":8,"gold_loss":0},{"cards_removed":["beaked:SurvivalInstinct"],"damage_healed":5,"gold_gain":0,"player_choice":"Offered Special","damage_taken":0,"max_hp_gain":0,"max_hp_loss":0,"event_name":"Bonfire Elementals","floor":8,"gold_loss":0},{"damage_healed":0,"gold_gain":0,"player_choice":"Upgraded","damage_taken":0,"max_hp_gain":0,"max_hp_loss":0,"event_name":"Upgrade Shrine","floor":13,"gold_loss":0,"cards_upgraded":["beaked:Insight"]},{"cards_removed":["beaked:WildInstinct"],"damage_healed":0,"gold_gain":0,"player_choice":"Purged","damage_taken":0,"max_hp_gain":0,"max_hp_loss":0,"event_name":"Purifier","floor":19,"gold_loss":0},{"damage_healed":0,"gold_gain":0,"cards_transformed":["beaked:Strike_Y"],"player_choice":"Transformed","damage_taken":0,"max_hp_gain":0,"max_hp_loss":0,"event_name":"Transmorgrifier","floor":27,"gold_loss":0,"cards_obtained":["beaked:WildInstinct"]},{"damage_healed":0,"gold_gain":0,"player_choice":"Ignored","damage_taken":0,"max_hp_gain":0,"max_hp_loss":0,"event_name":"betterNote:BetterNote","floor":37,"gold_loss":0,"cards_obtained":["PathToVictory"]},{"damage_healed":0,"gold_gain":3,"player_choice":"1","damage_taken":0,"max_hp_gain":0,"max_hp_loss":0,"event_name":"betterStone:BetterStone","floor":47,"gold_loss":0}],"is_beta":false,"boss_relics":[{"not_picked":["Black Star","aspiration:DefectSkillbook"],"picked":"energizedSpire:CursedPentagram"},{"not_picked":["Cursed Key","Pandora\u0027s Box"],"picked":"Empty Cage"}],"items_purged_floors":[20],"is_endless":false,"potions_floor_spawned":[3,5,10,21,24,31,38,41,46,48],"killed_by":"Donu and Deca","ascension_level":0}}