{"host":"y98rs9c3ubr5er25","time":1613256050,"event":{"mods":["AchievementEnabler","Aspiration","Bartender","BaseMod","Better Altar","Better Match","Better Note","Better Sensory Stone","Better Skull","Better Third Choice","Downfall","GifTheSpireLib","HololiveMod","Hubris","Infinite Spire","Minty Spire (QoL Compilation)","Relic Stats","Replay The Spire","StSLib","The Construct","The Poker Player"],"gold_per_floor":[115,115,115,129,143,170,189,224,250,250,250,175,175,206,206,301,401,411,511,525,539,550,583,593,619,695,695,720,735,755,783,783,882,882,899,602,715,467,479,479,491,516,516,535,564,564,578,588,588,686,686,695,701,701,764,772,780,780,780,780,780,776,778,778,777,777,866,866,867,867,866,866,864,880,880,886,886,886,893,893,897,920,920,1006,1006,1008,1008,1009,1014,1039,1056,1050,1054,1104,1104,1102,1108,1108,1131,1217,1291,1291,1291],"floor_reached":102,"language":"ENG","playtime":11430,"items_purged":[],"score":2930,"play_id":"8749de4e-c861-462b-a53b-0f51d5cb5f1b","local_time":"20210213224050","is_ascension_mode":true,"campfire_choices":[{"floor":13.0,"key":"REST"},{"data":"hubris:PowerSurge","floor":15.0,"key":"SMITH"},{"data":"Creative AI","floor":27.0,"key":"SMITH"},{"data":"FIFO Queue","floor":32.0,"key":"SMITH"},{"data":"Electrodynamics","floor":40.0,"key":"SMITH"},{"data":"Aggregate","floor":46.0,"key":"SMITH"},{"data":"Zap","floor":49.0,"key":"SMITH"},{"data":"ReplayTheSpireMod:Fabricate Wheel","floor":58.0,"key":"SMITH"},{"data":"Loop","floor":61.0,"key":"SMITH"},{"data":"Defragment","floor":66.0,"key":"SMITH"},{"data":"Loop","floor":75,"key":"SMITH"},{"data":"Thunder Strike","floor":78,"key":"SMITH"},{"data":"Creative AI","floor":80,"key":"SMITH"},{"data":"Hello World","floor":83,"key":"SMITH"},{"data":"infinitespire:UltimateForm","floor":95,"key":"SMITH"},{"data":"Lockon","floor":98,"key":"SMITH"}],"circlet_count":0,"master_deck":["Strike_B","Strike_B","Strike_B+1","Strike_B","Defend_B","Defend_B","Defend_B+1","Defend_B","Zap+1","Dualcast","Gash","Self Repair","FIFO Queue+1","Barrage","ReplayRNGCard","Demon Form","hubris:PowerSurge+1","Consume","Multi-Cast","Self Repair","ReplayTheSpireMod:Reroute Power","Barrage","hubris:PowerSurge","Creative AI+1","Beam Cell","hubris:Ukulele","Aggregate+1","Compile Driver","hubris:Ukulele","Electrodynamics+1","Force Field","Hello World","Go for the Eyes","Conserve Battery","Conserve Battery","Beam Cell+1","Stack","Loop+1","Barrage","ReplaySolidLightProjector","Loop+1","Impatience+1","Core Surge","Defragment+1","Lockon+1","Loop+1","ReplayTheSpireMod:System Scan","Thunder Strike+1","infinitespire:Punishment","Ball Lightning","Redo+1","Ball Lightning","Tempest","Creative AI+1","Hello World+1","Amplify","ReplayRNGCard","Sweeping Beam+1","Barrage","infinitespire:UltimateForm+1","hubris:Ukulele","infinitespire:Punishment","Rainbow","Storm+1","Barrage+1","Darkness","Thunder Strike"],"relics":["Cracked Core","aspiration:Nostalgia","m_IronCrown","Eternal Feather","Choco_Feather","hubris:BottledRain","Orichalcum","infinitespire:CursedDice","hubris:Icosahedron","hubris:OldNail","Replay:Wanted Poster","Replay:Antivirus Software","Protect_Vest","White Beast Statue","Strawberry","infinitespire:Eraser","hubris:VirtuousBlindfold","hubris:PeanutButter","infinitespire:ShieldingShard","Dream Catcher","infinitespire:Broken Mirror","aspiration:FrozenJewel","Sozu","Blue Candle","Replay:Baseball","aspiration:HummingbirdHeart","Prayer Wheel","aspiration:StickyExplosives_weak","Snecko Heart","aspiration:FaultyCoupler","infinitespire:Lychee Nut","aspiration:Lifesprig","Toy Ornithopter","Silver_Glasses","hubris:Potato","Replay:PocketPolymizer","hubris:RGBLights","Simple Rune","Centennial Puzzle","hubris:MobiusCoin","Hololive_Finger"],"acts_visited":["Exordium","TheCity","TheBeyond","Exordium","TheCity","TheBeyond","Exordium"],"potions_floor_usage":[],"damage_taken":[{"damage":8.0,"enemies":"2 Louse","floor":1.0,"turns":3.0},{"damage":1.0,"enemies":"Small Slimes","floor":4.0,"turns":3.0},{"damage":13.0,"enemies":"infinitespire:Voidling","floor":5.0,"turns":4.0},{"damage":25.0,"enemies":"Lagavulin","floor":6.0,"turns":7.0},{"damage":17.0,"enemies":"Exordium Wildlife","floor":7.0,"turns":4.0},{"damage":38.0,"enemies":"Gremlin Nob","floor":8.0,"turns":5.0},{"damage":25.0,"enemies":"Lagavulin","floor":14.0,"turns":5.0},{"damage":48.0,"enemies":"Slime Boss","floor":16.0,"turns":9.0},{"damage":17.0,"enemies":"3 Byrds","floor":18.0,"turns":4.0},{"damage":7.0,"enemies":"Chosen","floor":20.0,"turns":4.0},{"damage":10.0,"enemies":"Snecko","floor":21.0,"turns":4.0},{"damage":17.0,"enemies":"Sentry and Sphere","floor":22.0,"turns":4.0},{"damage":23.0,"enemies":"Book of Stabbing","floor":23.0,"turns":3.0},{"damage":25.0,"enemies":"3 Cultists","floor":24.0,"turns":5.0},{"damage":48.0,"enemies":"Replay:Snechameleon","floor":25.0,"turns":4.0},{"damage":18.0,"enemies":"Nightmare","floor":28.0,"turns":6.0},{"damage":36.0,"enemies":"Chosen and Byrds","floor":29.0,"turns":5.0},{"damage":0.0,"enemies":"Cultist and Chosen","floor":30.0,"turns":3.0},{"damage":45.0,"enemies":"Replay:Snechameleon","floor":31.0,"turns":6.0},{"damage":41.0,"enemies":"Collector","floor":33.0,"turns":7.0},{"damage":31.0,"enemies":"3 Darklings","floor":35.0,"turns":4.0},{"damage":13.0,"enemies":"Orb Walker","floor":37.0,"turns":4.0},{"damage":4.0,"enemies":"Spire Growth","floor":39.0,"turns":4.0},{"damage":11.0,"enemies":"Sphere and 2 Shapes","floor":41.0,"turns":4.0},{"damage":37.0,"enemies":"Reptomancer","floor":42.0,"turns":5.0},{"damage":1.0,"enemies":"Transient","floor":44.0,"turns":5.0},{"damage":55.0,"enemies":"Nightmare","floor":45.0,"turns":6.0},{"damage":0.0,"enemies":"Maw","floor":47.0,"turns":6.0},{"damage":0.0,"enemies":"Writhing Mass","floor":48.0,"turns":3.0},{"damage":0.0,"enemies":"hubris:GrandSnecko","floor":50.0,"turns":4.0},{"damage":0.0,"enemies":"Cultist","floor":52.0,"turns":2.0},{"damage":0.0,"enemies":"2 Louse","floor":53.0,"turns":1.0},{"damage":0.0,"enemies":"Jaw Worm","floor":56.0,"turns":1.0},{"damage":15.0,"enemies":"3 Sentries","floor":57.0,"turns":3.0},{"damage":0.0,"enemies":"Large Slime","floor":62.0,"turns":3.0},{"damage":0.0,"enemies":"Blue Slaver","floor":63.0,"turns":3.0},{"damage":0.0,"enemies":"2 Fungi Beasts","floor":65.0,"turns":3.0},{"damage":0.0,"enemies":"Slime Boss","floor":67.0,"turns":4.0},{"damage":0.0,"enemies":"Shell Parasite","floor":69.0,"turns":3.0},{"damage":0,"enemies":"3 Byrds","floor":71,"turns":3},{"damage":0,"enemies":"Centurion and Healer","floor":73,"turns":3},{"damage":0,"enemies":"Gremlin Leader","floor":74,"turns":3},{"damage":0,"enemies":"Snake Plant","floor":76,"turns":2},{"damage":0,"enemies":"Snecko","floor":79,"turns":3},{"damage":0,"enemies":"3 Cultists","floor":81,"turns":1},{"damage":0,"enemies":"hubris:MusketHawk","floor":84,"turns":5},{"damage":0,"enemies":"3 Shapes","floor":86,"turns":2},{"damage":9,"enemies":"3 Darklings","floor":88,"turns":3},{"damage":0,"enemies":"Spire Growth","floor":89,"turns":2},{"damage":42,"enemies":"2 Orb Walkers","floor":90,"turns":4},{"damage":0,"enemies":"R_Hoarder","floor":91,"turns":4},{"damage":0,"enemies":"Maw","floor":92,"turns":4},{"damage":55,"enemies":"Nightmare","floor":93,"turns":4},{"damage":0,"enemies":"R_Hoarder","floor":96,"turns":5},{"damage":0,"enemies":"Sphere and 2 Shapes","floor":97,"turns":3},{"damage":0,"enemies":"Nemesis","floor":99,"turns":3},{"damage":0,"enemies":"hubris:GrandSnecko","floor":101,"turns":4}],"seed_played":"5086732079274530642","potions_obtained":[{"floor":1.0,"key":"Reflective Coating"},{"floor":4.0,"key":"Adrenaline Potion"},{"floor":14.0,"key":"Slimebound:ThreeZeroPotion"},{"floor":16.0,"key":"infinitespire:BlackPotion"},{"floor":18.0,"key":"Toxic Potion"},{"floor":24.0,"key":"GamblersBrew"},{"floor":25.0,"key":"construct:ShiftPotion"},{"floor":28.0,"key":"hexamod:SoulburnPotion"},{"floor":29.0,"key":"PowerPotion"},{"floor":31.0,"key":"SneckoOil"},{"floor":33.0,"key":"PowerPotion"},{"floor":35.0,"key":"Adrenaline Potion"},{"floor":37.0,"key":"bronze:BurnAndBuffPotion"},{"floor":39.0,"key":"Fire Potion"},{"floor":41.0,"key":"AttackPotion"},{"floor":42.0,"key":"FocusPotion"},{"floor":44.0,"key":"Weak Potion"},{"floor":45.0,"key":"PowerPotion"}],"is_trial":false,"path_per_floor":["M","?","?","M","M","E","M","E","T","?","?","$","R","E","R","B",null,"M","?","M","M","M","E","M","E","T","R","NM","M","M","E","R","B",null,"M","$","M","$","M","R","M","E","T","M","NM","R","M","M","R","B",null,"M","M","?","?","M","E","R","?","T","R","M","M","?","M","R","B",null,"M","?","M","T","M","E","R","M","T","R","M","R","M","T","R","B",null,"M","?","M","M","?","E","M","NM","T","R","E","M","R","E","R","B",null],"character_chosen":"DEFECT","items_purchased":["hubris:PowerSurge","hubris:PeanutButter","Hello World","infinitespire:ShieldingShard"],"campfire_rested":1,"item_purchase_floors":[12,36,36,38],"current_hp_per_floor":[73,78,78,80,80,68,64,39,39,22,22,22,55,43,52,17,80,76,76,80,80,80,70,65,30,30,45,54,38,51,26,44,16,87,76,76,76,76,85,87,87,63,63,82,40,61,74,87,87,87,87,87,87,82,82,87,78,87,87,87,87,87,87,87,87,87,87,87,87,87,87,87,87,65,65,65,65,65,65,65,65,65,65,65,65,65,49,51,60,36,48,65,23,23,59,65,65,65,65,65,65,65,65],"gold":1291,"neow_bonus":"NOSTALGIA","is_daily":false,"chose_seed":false,"campfire_upgraded":15,"win_rate":0.0,"timestamp":1613256050,"path_taken":["M","?","?","M","M","E","?","E","T","?","?","$","R","E","R","BOSS","M","?","M","M","?","E","M","E","T","R","NM","M","?","E","R","BOSS","M","$","M","$","M","R","M","E","T","M","NM","R","M","M","R","BOSS","M","M","?","?","M","E","R","?","T","R","?","M","?","M","R","BOSS","M","?","?","?","M","E","R","M","T","R","M","R","M","?","R","BOSS","M","?","M","M","?","E","M","NM","T","R","E","M","R","E","R","BOSS"],"items_purchased_type":["Card","Relic","Card","Relic"],"build_version":"2020-12-22","purchased_purges":0,"victory":false,"max_hp_per_floor":[75,80,80,80,80,80,80,80,80,80,80,80,80,80,80,80,80,80,80,80,80,80,80,80,80,80,80,87,87,87,87,87,87,87,87,87,87,87,87,87,87,87,87,87,87,87,87,87,87,87,87,87,87,87,87,87,87,87,87,87,87,87,87,87,87,87,87,87,87,87,87,87,87,65,65,65,65,65,65,65,65,65,65,65,65,65,65,65,65,65,65,65,65,65,65,65,65,65,65,65,65,65,65],"relic_stats":{"Sozu":18,"Dream Catcher":0,"Centennial Puzzle":[0],"counters":[57,218],"Blue Candle":[1],"Eternal Feather":119,"Prayer Wheel":13,"Orichalcum":[738],"obtain_stats":[{"aspiration:Lifesprig":77,"Snecko Heart":68,"Replay:PocketPolymizer":91,"m_IronCrown":0,"hubris:VirtuousBlindfold":34,"aspiration:StickyExplosives_weak":64,"Silver_Glasses":85,"Replay:Wanted Poster":17,"Sozu":51,"Dream Catcher":42,"Centennial Puzzle":96,"hubris:Icosahedron":11,"infinitespire:ShieldingShard":38,"Strawberry":28,"Prayer Wheel":63,"Hololive_Finger":102,"Replay:Antivirus Software":23,"infinitespire:Eraser":31,"Cracked Core":0,"hubris:RGBLights":93,"aspiration:FaultyCoupler":72,"hubris:MobiusCoin":99,"aspiration:Nostalgia":0,"infinitespire:CursedDice":10,"Choco_Feather":6,"Blue Candle":54,"Eternal Feather":3,"Protect_Vest":25,"aspiration:HummingbirdHeart":60,"Orichalcum":9,"White Beast Statue":26,"aspiration:FrozenJewel":45,"Replay:Baseball":57,"infinitespire:Broken Mirror":43,"infinitespire:Lychee Nut":74,"hubris:PeanutButter":36,"Simple Rune":94,"hubris:OldNail":14,"Toy Ornithopter":82,"hubris:Potato":90,"hubris:BottledRain":8},{"aspiration:Lifesprig":43,"Snecko Heart":38,"Replay:PocketPolymizer":51,"m_IronCrown":0,"hubris:VirtuousBlindfold":20,"aspiration:StickyExplosives_weak":36,"Silver_Glasses":46,"Replay:Wanted Poster":8,"Sozu":30,"Dream Catcher":25,"Centennial Puzzle":54,"hubris:Icosahedron":6,"infinitespire:ShieldingShard":22,"Strawberry":16,"Prayer Wheel":36,"Hololive_Finger":57,"Replay:Antivirus Software":13,"infinitespire:Eraser":19,"Cracked Core":0,"hubris:RGBLights":53,"aspiration:FaultyCoupler":40,"hubris:MobiusCoin":56,"aspiration:Nostalgia":0,"infinitespire:CursedDice":6,"Choco_Feather":4,"Blue Candle":32,"Eternal Feather":1,"Protect_Vest":15,"aspiration:HummingbirdHeart":34,"Orichalcum":6,"White Beast Statue":15,"aspiration:FrozenJewel":27,"Replay:Baseball":34,"infinitespire:Broken Mirror":25,"infinitespire:Lychee Nut":42,"hubris:PeanutButter":21,"Simple Rune":53,"hubris:OldNail":7,"Toy Ornithopter":45,"hubris:Potato":50,"hubris:BottledRain":6},{"aspiration:Lifesprig":172,"Snecko Heart":159,"Replay:PocketPolymizer":196,"m_IronCrown":0,"hubris:VirtuousBlindfold":95,"aspiration:StickyExplosives_weak":153,"Silver_Glasses":181,"Replay:Wanted Poster":40,"Sozu":140,"Dream Catcher":116,"Centennial Puzzle":208,"hubris:Icosahedron":26,"infinitespire:ShieldingShard":103,"Strawberry":74,"Prayer Wheel":151,"Hololive_Finger":218,"Replay:Antivirus Software":59,"infinitespire:Eraser":88,"Cracked Core":0,"hubris:RGBLights":204,"aspiration:FaultyCoupler":165,"hubris:MobiusCoin":214,"aspiration:Nostalgia":0,"infinitespire:CursedDice":26,"Choco_Feather":17,"Blue Candle":143,"Eternal Feather":3,"Protect_Vest":68,"aspiration:HummingbirdHeart":147,"Orichalcum":26,"White Beast Statue":68,"aspiration:FrozenJewel":127,"Replay:Baseball":147,"infinitespire:Broken Mirror":116,"infinitespire:Lychee Nut":170,"hubris:PeanutButter":99,"Simple Rune":204,"hubris:OldNail":31,"Toy Ornithopter":176,"hubris:Potato":192,"hubris:BottledRain":26}],"Toy Ornithopter":0},"card_choices":[{"not_picked":["Steam","Streamline"],"picked":"Gash","floor":1.0},{"not_picked":["champ:AdrenalArmor","BasicCrystalCard"],"picked":"Darkness","floor":4.0},{"not_picked":["Rupture","BasicCrystalCard"],"picked":"Self Repair","floor":5.0},{"not_picked":["Whirlwind","Panic Button"],"picked":"FIFO Queue","floor":6.0},{"not_picked":["Reprogram","Streamline"],"picked":"Barrage","floor":7.0},{"not_picked":["ReplayTheSpireMod:Repulse","Hemokinesis"],"picked":"ReplayRNGCard","floor":8.0},{"not_picked":["Sunder","Panic Button"],"picked":"Consume","floor":14.0},{"not_picked":["Hyperbeam","hubris:SpecializedCircuitry"],"picked":"Multi-Cast","floor":16.0},{"not_picked":["ReplayTheSpireMod:Repulse+1","BasicCrystalCard"],"picked":"Self Repair","floor":18.0},{"not_picked":["Force Field","Coolheaded"],"picked":"ReplayTheSpireMod:Reroute Power","floor":20.0},{"not_picked":["Compile Driver","Hologram"],"picked":"Barrage","floor":21.0},{"not_picked":["Coolheaded+1","Stack"],"picked":"hubris:PowerSurge","floor":22.0},{"not_picked":["Conserve Battery","Consume+1"],"picked":"Creative AI","floor":23.0},{"not_picked":["Redo","Fusion+1","Panic Button"],"picked":"SKIP","floor":24.0},{"not_picked":["Sweeping Beam","Cold Snap+1"],"picked":"Beam Cell","floor":25.0},{"not_picked":["ReplaySolidLightProjector","Go for the Eyes"],"picked":"hubris:Ukulele","floor":28.0},{"not_picked":["ReplayTheSpireMod:Reroute Power+1","Sweeping Beam"],"picked":"Aggregate","floor":29.0},{"not_picked":["BasicCrystalCard","Cold Snap"],"picked":"Compile Driver","floor":30.0},{"not_picked":["Seek","Compile Driver"],"picked":"hubris:Ukulele","floor":31.0},{"not_picked":["hubris:Prefetch","Hyperbeam"],"picked":"Electrodynamics","floor":33.0},{"not_picked":["Turbo+1","Sunder"],"picked":"Force Field","floor":35.0},{"not_picked":["Conserve Battery","Coolheaded"],"picked":"Go for the Eyes","floor":37.0},{"not_picked":["Sweeping Beam","Hologram","Steam"],"picked":"SKIP","floor":39.0},{"not_picked":["Cold Snap+1","ReplayTheSpireMod:Repulse"],"picked":"Conserve Battery","floor":41.0},{"not_picked":["Leap","Auto Shields+1"],"picked":"Conserve Battery","floor":42.0},{"not_picked":["Hyperbeam","Streamline"],"picked":"Beam Cell+1","floor":44.0},{"not_picked":["hubris:PowerSurge+1","Redo+1"],"picked":"Stack","floor":45.0},{"not_picked":["Cold Snap","Streamline+1","Undo"],"picked":"SKIP","floor":47.0},{"not_picked":["ReplayTheSpireMod:Reroute Power","Ball Lightning"],"picked":"Loop+1","floor":48.0},{"not_picked":["All For One","Rainbow"],"picked":"ReplayTheSpireMod:Fabricate Wheel","floor":50.0},{"not_picked":["Glacier","Recycle"],"picked":"Barrage","floor":52.0},{"not_picked":["ReplayTheSpireMod:Repulse","BasicCrystalCard","Coolheaded"],"picked":"SKIP","floor":53.0},{"not_picked":["Steam","Blizzard"],"picked":"ReplaySolidLightProjector","floor":56.0},{"not_picked":["Rip and Tear","hubris:Ukulele"],"picked":"Loop","floor":57.0},{"not_picked":["Replay:BasicMightCard+1","Enlightenment+1"],"picked":"Impatience+1","floor":59.0},{"not_picked":["Redo","Leap","hubris:Prefetch"],"picked":"SKIP","floor":62.0},{"not_picked":["Compile Driver","Consume"],"picked":"Defragment","floor":63.0},{"not_picked":["Barrage","ReplayTheSpireMod:Repulse"],"picked":"Lockon","floor":63.0},{"not_picked":["ReplayTheSpireMod:GoodbyeWorld","Conserve Battery"],"picked":"Loop","floor":65.0},{"not_picked":["Beam Cell","Hologram"],"picked":"ReplayTheSpireMod:System Scan","floor":65.0},{"not_picked":["ReplayRNGCard","Rainbow"],"picked":"Thunder Strike","floor":67.0},{"not_picked":["infinitespire:FutureSight","infinitespire:TheBestDefense"],"picked":"infinitespire:Punishment","floor":69.0},{"not_picked":["Conserve Battery","Undo","FTL"],"picked":"SKIP","floor":69.0},{"not_picked":["BasicCrystalCard","Darkness","Beam Cell"],"picked":"SKIP","floor":69.0},{"not_picked":["Glacier","Core Surge"],"picked":"Ball Lightning","floor":71},{"not_picked":["Compile Driver","Panic Button"],"picked":"Redo+1","floor":71},{"not_picked":["Glacier","BasicCrystalCard"],"picked":"Ball Lightning","floor":73},{"not_picked":["Recycle","Barrage"],"picked":"Tempest","floor":73},{"not_picked":["FTL","BasicCrystalCard","Steam"],"picked":"SKIP","floor":74},{"not_picked":["champ:HeartStrike","champ:AdrenalArmor","Barrage"],"picked":"SKIP","floor":76},{"not_picked":["Panic Button","Auto Shields+1","champ:AdrenalArmor"],"picked":"SKIP","floor":76},{"not_picked":["Consume","Go for the Eyes"],"picked":"Creative AI","floor":79},{"not_picked":["ReplaySort+1","Melter"],"picked":"Hello World","floor":79},{"not_picked":["Redo","Blizzard"],"picked":"Amplify","floor":81},{"not_picked":["Steam","Cold Snap","Conserve Battery"],"picked":"SKIP","floor":81},{"not_picked":["ReplayTheSpireMod:Omega Cannon","Biased Cognition"],"picked":"ReplayRNGCard","floor":84},{"not_picked":["Leap+1","Redo"],"picked":"Sweeping Beam+1","floor":86},{"not_picked":["Sunder+1","ReplaySort"],"picked":"Barrage","floor":86},{"not_picked":["ReplayTheSpireMod:Echoes of Time","infinitespire:FinalStrike"],"picked":"infinitespire:UltimateForm","floor":87},{"not_picked":["Coolheaded","Reinforced Body","Conserve Battery"],"picked":"SKIP","floor":88},{"not_picked":["Panic Button","Cold Snap","ReplayTheSpireMod:Repulse"],"picked":"SKIP","floor":88},{"not_picked":["Static Discharge","Conserve Battery","Leap+1"],"picked":"SKIP","floor":89},{"not_picked":["Sweeping Beam","Cold Snap+1","Panic Button+1"],"picked":"SKIP","floor":89},{"not_picked":["Conserve Battery+1","ReplayRNGCard"],"picked":"hubris:Ukulele","floor":91},{"not_picked":["FIFO Queue","Coolheaded","Hologram+1"],"picked":"SKIP","floor":92},{"not_picked":["BasicCrystalCard","Darkness","Chaos"],"picked":"SKIP","floor":92},{"not_picked":["FIFO Queue","Coolheaded","Hologram+1"],"picked":"SKIP","floor":92},{"not_picked":["BasicCrystalCard","Darkness","Chaos"],"picked":"SKIP","floor":92},{"not_picked":["infinitespire:Execution","infinitespire:FutureSight"],"picked":"infinitespire:Punishment","floor":93},{"not_picked":["Beam Cell+1","Meteor Strike","Streamline+1"],"picked":"SKIP","floor":93},{"not_picked":["BasicCrystalCard","Cold Snap+1","Hologram"],"picked":"SKIP","floor":96},{"not_picked":["BasicCrystalCard","Cold Snap+1","Hologram"],"picked":"SKIP","floor":96},{"not_picked":["Turbo","Steam+1"],"picked":"Rainbow","floor":97},{"not_picked":["BasicCrystalCard+1","Coolheaded"],"picked":"Storm+1","floor":97},{"not_picked":["Hyperbeam","Sweeping Beam"],"picked":"Barrage+1","floor":99},{"not_picked":["Multi-Cast","hubris:SpecializedCircuitry"],"picked":"Thunder Strike","floor":101}],"player_experience":522286,"relics_obtained":[{"floor":6.0,"key":"Choco_Feather"},{"floor":8.0,"key":"hubris:BottledRain"},{"floor":9.0,"key":"Orichalcum"},{"floor":14.0,"key":"hubris:OldNail"},{"floor":23.0,"key":"Replay:Antivirus Software"},{"floor":25.0,"key":"Protect_Vest"},{"floor":26.0,"key":"White Beast Statue"},{"floor":28.0,"key":"Strawberry"},{"floor":31.0,"key":"infinitespire:Eraser"},{"floor":42.0,"key":"Dream Catcher"},{"floor":43.0,"key":"infinitespire:Broken Mirror"},{"floor":45.0,"key":"aspiration:FrozenJewel"},{"floor":57.0,"key":"Replay:Baseball"},{"floor":60.0,"key":"aspiration:HummingbirdHeart"},{"floor":64.0,"key":"aspiration:StickyExplosives_weak"},{"floor":72,"key":"aspiration:FaultyCoupler"},{"floor":74,"key":"infinitespire:Lychee Nut"},{"floor":77,"key":"aspiration:Lifesprig"},{"floor":82,"key":"Toy Ornithopter"},{"floor":90,"key":"hubris:Potato"},{"floor":91,"key":"Replay:PocketPolymizer"},{"floor":93,"key":"hubris:RGBLights"},{"floor":94,"key":"Simple Rune"},{"floor":96,"key":"Centennial Puzzle"},{"floor":99,"key":"hubris:MobiusCoin"}],"event_choices":[{"damage_healed":0.0,"max_hp_gain":5.0,"max_hp_loss":0.0,"gold_gain":0.0,"event_name":"Big Fish","player_choice":"Donut","floor":2.0,"gold_loss":0.0,"damage_taken":0.0},{"damage_healed":0.0,"max_hp_gain":0.0,"max_hp_loss":0.0,"gold_gain":0.0,"event_name":"WeMeetAgain","player_choice":"Gave Potion","floor":3.0,"gold_loss":0.0,"damage_taken":0.0,"relics_obtained":["Eternal Feather"]},{"damage_healed":0.0,"max_hp_gain":0.0,"max_hp_loss":0.0,"gold_gain":100.0,"event_name":"Golden Shrine","player_choice":"Pray","floor":19.0,"gold_loss":0.0,"damage_taken":0.0},{"damage_healed":0.0,"max_hp_gain":0.0,"max_hp_loss":0.0,"gold_gain":63.0,"event_name":"Golden Wing","player_choice":"Gained Gold","floor":55.0,"gold_loss":0.0,"damage_taken":0.0},{"damage_healed":0.0,"max_hp_gain":0.0,"max_hp_loss":0.0,"gold_gain":0.0,"event_name":"betterMatch:BetterMatch","player_choice":"2","floor":59.0,"gold_loss":0.0,"damage_taken":0.0,"cards_obtained":["betterMatch:ColorlessUncommonCard"]},{"damage_healed":0.0,"max_hp_gain":0.0,"max_hp_loss":0.0,"gold_gain":0.0,"event_name":"The Woman in Blue","player_choice":"Bought 0 Potions","floor":70.0,"gold_loss":0.0,"damage_taken":0.0},{"damage_healed":0,"gold_gain":0,"player_choice":"Fight","damage_taken":0,"max_hp_gain":0,"max_hp_loss":0,"event_name":"Mysterious Sphere","floor":90,"gold_loss":0}],"is_beta":false,"boss_relics":[{"not_picked":["Replay:Drink Me","aspiration:PoetsPen_weak"],"picked":"Replay:Wanted Poster"},{"not_picked":["hubris:Backtick","hubris:GrandSneckoEye"],"picked":"hubris:VirtuousBlindfold"},{"not_picked":["construct:WeddingRing","SacredBark"],"picked":"Sozu"},{"not_picked":["Honey Jar","Empty Cage"],"picked":"Snecko Heart"},{"not_picked":["Runic Dome","hubris:Stopwatch"],"picked":"Silver_Glasses"},{"not_picked":["Cursed Key","Snecko Eye"],"picked":"Hololive_Finger"}],"items_purged_floors":[],"is_endless":true,"potions_floor_spawned":[1,4,14,16,18,24,25,28,29,30,31,33,35,37,39,41,42,44,45,47,48,50,52,53,56,57,62,63,65,67,69,71,73,74,76,79,81,84,86,88,89,90,91,92,93,96,97,99,101],"ascension_level":4}}