{"host":"178rghtqlvp3zue2","time":1613260637,"event":{"mods":["2.2 Compatiblity","AchievementEnabler","BaseMod","DeckTracker","Minty Spire (QoL Compilation)","Quick Restart","SuperFastMode","The Servant 0.9.4"],"gold_per_floor":[119,119,294,69,69,103,123,123,123,137,162,240,240,259,259,259,259],"floor_reached":16,"language":"KOR","playtime":788,"items_purged":["Doubt"],"score":125,"play_id":"be1023e0-8a85-40b4-9eff-e2e3255bd226","local_time":"20210214085717","is_ascension_mode":false,"campfire_choices":[{"data":"Exchange","floor":8,"key":"SMITH"},{"data":"SurpressingFire","floor":13,"key":"SMITH"},{"data":"SilverBlades","floor":15,"key":"SMITH"}],"circlet_count":0,"master_deck":["Strike_S","Strike_S","Strike_S","Defend_S","Defend_S+1","Defend_S","Defend_S","KidneyShot","Exchange+1","Reset+1","SilverBlades+1","GearUp","Spin","BottledTime","Defy","SurpressingFire+1","Spin","Unruled"],"relics":["Uniform","NeowsBlessing","Golden Idol","War Paint","Lantern","Sundial"],"acts_visited":["Exordium"],"potions_floor_usage":[16,16],"damage_taken":[{"damage":0,"enemies":"Small Slimes","floor":1,"turns":1},{"damage":0,"enemies":"3 Sentries","floor":6,"turns":2},{"damage":0,"enemies":"2 Louse","floor":7,"turns":1},{"damage":1,"enemies":"Jaw Worm","floor":10,"turns":5},{"damage":2,"enemies":"Large Slime","floor":11,"turns":7},{"damage":2,"enemies":"3 Sentries","floor":12,"turns":8},{"damage":1,"enemies":"Blue Slaver","floor":14,"turns":5},{"damage":39,"enemies":"The Guardian","floor":16,"turns":11}],"seed_played":"-1016856282440700920","potions_obtained":[{"floor":1,"key":"LiquidMemories"},{"floor":10,"key":"Strength Potion"},{"floor":12,"key":"ColorlessPotion"}],"is_trial":false,"path_per_floor":["M","?","?","$","?","E","M","R","T","M","M","?","R","M","R","B"],"character_chosen":"THE_SERVANT","items_purchased":["SilverBlades","GearUp"],"campfire_rested":0,"item_purchase_floors":[4,4],"current_hp_per_floor":[65,49,49,49,42,42,42,42,42,41,39,37,37,36,36,0,0],"gold":259,"neow_bonus":"THREE_ENEMY_KILL","is_daily":false,"chose_seed":false,"campfire_upgraded":3,"win_rate":0.0,"timestamp":1613260637,"path_taken":["M","?","?","$","?","E","?","R","T","M","M","?","R","M","R","BOSS"],"items_purchased_type":["Card","Card"],"build_version":"2020-12-22","purchased_purges":1,"victory":false,"max_hp_per_floor":[65,65,65,65,65,65,65,65,65,65,65,65,65,65,65,65,65],"card_choices":[{"not_picked":["SpecialFormula","Defy"],"picked":"Reset","floor":1},{"not_picked":["SpecialFormula","FanOfKnives"],"picked":"Spin","floor":6},{"not_picked":["Foresight","Gouge"],"picked":"BottledTime","floor":7},{"not_picked":["Moonlight","Potential"],"picked":"Defy","floor":10},{"not_picked":["Gouge","Desolation"],"picked":"SurpressingFire","floor":11},{"not_picked":["Barrier","Unruled"],"picked":"Spin","floor":12},{"not_picked":["Spin","Potential"],"picked":"Unruled","floor":14}],"player_experience":268284,"relics_obtained":[{"floor":6,"key":"War Paint"},{"floor":9,"key":"Lantern"},{"floor":12,"key":"Sundial"}],"event_choices":[{"damage_healed":0,"gold_gain":0,"player_choice":"Take Damage","damage_taken":16,"relics_obtained":["Golden Idol"],"max_hp_gain":0,"max_hp_loss":0,"event_name":"Golden Idol","floor":2,"gold_loss":0},{"damage_healed":0,"gold_gain":175,"player_choice":"AGREE","damage_taken":0,"max_hp_gain":0,"max_hp_loss":0,"event_name":"Liars Game","floor":3,"gold_loss":0,"cards_obtained":["Doubt"]},{"cards_removed":["Strike_S"],"damage_healed":0,"gold_gain":0,"player_choice":"Card Removal","damage_taken":7,"max_hp_gain":0,"max_hp_loss":0,"event_name":"Golden Wing","floor":5,"gold_loss":0},{"damage_healed":0,"gold_gain":0,"player_choice":"Searched \u00271\u0027 times","damage_taken":0,"max_hp_gain":0,"max_hp_loss":0,"event_name":"Dead Adventurer","floor":12,"gold_loss":0}],"is_beta":false,"boss_relics":[],"items_purged_floors":[4],"is_endless":false,"potions_floor_spawned":[1,10,12],"killed_by":"The Guardian","ascension_level":0}}