{"host":"344lv32hnei0mdhu","time":1613256136,"event":{"mods":["Act Like it!","BaseMod","Better Match","Better Sensory Stone","Better Skull","Better Third Choice","Better Vampires","Colored Powertips","Highlight Path","Minty Spire (QoL Compilation)","Quick Restart","Random Character Button","Rare Cards Sparkle","StSLib"],"gold_per_floor":[110,42,9,27,37,65,65,85,85,103,119,84,97,131,131,232,232,244,244,159,159,177,177,377,377,377,405,405,405],"floor_reached":28,"language":"ENG","playtime":764,"items_purged":[],"score":397,"play_id":"4030fb6e-b7fe-4584-8279-caba11a300b4","local_time":"20210213164216","is_ascension_mode":true,"campfire_choices":[{"data":"ConjureBlade","floor":7.0,"key":"SMITH"},{"floor":15.0,"key":"REST"},{"floor":23,"key":"REST"},{"floor":25,"key":"REST"}],"circlet_count":0,"master_deck":["AscendersBane","Strike_P","Strike_P","Strike_P","Strike_P","Defend_P","Defend_P","Defend_P","Defend_P","Eruption","Vigilance","Crescendo","WaveOfTheHand","SandsOfTime","ClearTheMind","SashWhip","ConjureBlade+1","Prostrate","ForeignInfluence","SpiritShield","Devotion","RitualDagger","Establishment","Worship"],"relics":["PureWater","NeowsBlessing","Mercury Hourglass","HornCleat","Pen Nib","SlaversCollar","GoldenEye","Happy Flower"],"acts_visited":["Exordium","TheCity"],"potions_floor_usage":[18,27],"damage_taken":[{"damage":0.0,"enemies":"Cultist","floor":1.0,"turns":1.0},{"damage":0.0,"enemies":"Small Slimes","floor":4.0,"turns":1.0},{"damage":0.0,"enemies":"2 Louse","floor":5.0,"turns":1.0},{"damage":20.0,"enemies":"Lagavulin","floor":6.0,"turns":8.0},{"damage":2.0,"enemies":"2 Fungi Beasts","floor":8.0,"turns":3.0},{"damage":0.0,"enemies":"Looter","floor":10.0,"turns":1.0},{"damage":0.0,"enemies":"Large Slime","floor":11.0,"turns":3.0},{"damage":6.0,"enemies":"Exordium Thugs","floor":13.0,"turns":3.0},{"damage":15.0,"enemies":"Gremlin Nob","floor":14.0,"turns":4.0},{"damage":14.0,"enemies":"Slime Boss","floor":16.0,"turns":4.0},{"damage":24,"enemies":"Shell Parasite","floor":18,"turns":5},{"damage":21,"enemies":"2 Thieves","floor":22,"turns":5},{"damage":48,"enemies":"Slavers","floor":27,"turns":9},{"damage":16,"enemies":"Snake Plant","floor":28,"turns":1}],"seed_played":"-1556162639838159697","potions_obtained":[{"floor":1.0,"key":"BottledMiracle"},{"floor":6.0,"key":"SneckoOil"},{"floor":10.0,"key":"FearPotion"},{"floor":14.0,"key":"AttackPotion"},{"floor":16.0,"key":"PowerPotion"},{"floor":22,"key":"BlessingOfTheForge"}],"is_trial":false,"path_per_floor":["M","$","$","M","M","E","R","M","T","M","M","?","M","E","R","B",null,"M","?","?","?","M","R","?","R","T","E","M"],"character_chosen":"WATCHER","items_purchased":["WaveOfTheHand","SandsOfTime"],"campfire_rested":3,"item_purchase_floors":[2,3],"current_hp_per_floor":[65,65,65,65,65,45,45,43,43,43,43,61,55,40,61,47,66,42,42,42,36,15,36,36,57,57,9,0,0],"gold":405,"neow_bonus":"THREE_ENEMY_KILL","is_daily":false,"chose_seed":false,"campfire_upgraded":1,"win_rate":0.0,"timestamp":1613256136,"path_taken":["M","?","$","?","M","E","R","M","T","?","M","?","M","E","R","BOSS","M","?","?","?","M","R","?","R","T","E","?"],"items_purchased_type":["Card","Card"],"build_version":"2020-12-22","purchased_purges":0,"victory":false,"max_hp_per_floor":[72,72,72,72,72,72,72,72,72,72,72,72,72,72,72,72,72,72,72,72,72,72,72,72,72,72,72,72,72],"card_choices":[{"not_picked":["Collect","CutThroughFate"],"picked":"Crescendo","floor":1.0},{"not_picked":["BowlingBash","SashWhip"],"picked":"ClearTheMind","floor":4.0},{"not_picked":["Weave","CrushJoints"],"picked":"SashWhip","floor":5.0},{"not_picked":["SandsOfTime","DeceiveReality"],"picked":"ConjureBlade","floor":6.0},{"not_picked":["BowlingBash","CrushJoints"],"picked":"Prostrate","floor":8.0},{"not_picked":["Crescendo","Wireheading","EmptyFist"],"picked":"SKIP","floor":10.0},{"not_picked":["Weave","ClearTheMind","CutThroughFate"],"picked":"SKIP","floor":11.0},{"not_picked":["CutThroughFate","SashWhip"],"picked":"ForeignInfluence","floor":13.0},{"not_picked":["SashWhip","WindmillStrike"],"picked":"SpiritShield","floor":14.0},{"not_picked":["SpiritShield","Wish"],"picked":"Devotion","floor":16.0},{"not_picked":["BowlingBash","WindmillStrike","FlurryOfBlows"],"picked":"SKIP","floor":18},{"not_picked":["JustLucky","SashWhip"],"picked":"Establishment","floor":22},{"not_picked":["CrushJoints","FlurryOfBlows"],"picked":"Worship","floor":27}],"player_experience":371335,"relics_obtained":[{"floor":6.0,"key":"Mercury Hourglass"},{"floor":9.0,"key":"HornCleat"},{"floor":14.0,"key":"Pen Nib"},{"floor":27,"key":"Happy Flower"}],"event_choices":[{"damage_healed":18.0,"max_hp_gain":0.0,"max_hp_loss":0.0,"gold_gain":0.0,"event_name":"The Cleric","player_choice":"Healed","floor":12.0,"gold_loss":35.0,"damage_taken":0.0},{"damage_healed":0,"gold_gain":0,"player_choice":"Ignored","damage_taken":0,"max_hp_gain":0,"max_hp_loss":0,"event_name":"Beggar","floor":19,"gold_loss":0},{"damage_healed":0,"gold_gain":0,"player_choice":"Obtained Relic","damage_taken":0,"relics_obtained":["GoldenEye"],"max_hp_gain":0,"max_hp_loss":0,"event_name":"Addict","floor":20,"gold_loss":85},{"damage_healed":0,"gold_gain":0,"player_choice":"Dagger","damage_taken":6,"max_hp_gain":0,"max_hp_loss":0,"event_name":"betterThird:BetterNest","floor":21,"gold_loss":0,"cards_obtained":["RitualDagger"]},{"damage_healed":0,"gold_gain":200,"player_choice":"Gold","damage_taken":0,"max_hp_gain":0,"max_hp_loss":0,"event_name":"Wheel of Change","floor":24,"gold_loss":0}],"is_beta":false,"boss_relics":[{"not_picked":["VioletLotus","Calling Bell"],"picked":"SlaversCollar"}],"items_purged_floors":[],"is_endless":false,"potions_floor_spawned":[1,6,8,10,14,16,22],"killed_by":"Snake Plant","ascension_level":12}}