{"host":"uexz8m6e0pxi7xat","time":1613216693,"event":{"mods":["BaseMod","Bestiary","Minty Spire (QoL Compilation)","Relic Stats","ojb\u0027s Info Mod"],"gold_per_floor":[110,121,40,40,57,57,83,93,93,107,107,32,32,67,67,141,141,155,155,175,199,26,53,53,71,71,100,100,135,135,145,145,222,222,233,245,245,292,51,84,84,117,199,233,233,49,49,76,76,76,76,76,76,76,102,102],"floor_reached":57,"language":"ENG","playtime":6030,"items_purged":["Catalyst","Defend_G"],"score":3014,"play_id":"ed66eac6-c088-4416-a1a4-a0743f4f618e","local_time":"20210214004453","is_ascension_mode":true,"campfire_choices":[{"data":"Dagger Spray","floor":6,"key":"SMITH"},{"floor":13,"key":"REST"},{"data":"Neutralize","floor":15,"key":"SMITH"},{"floor":30,"key":"RECALL"},{"floor":32,"key":"REST"},{"floor":41,"key":"REST"},{"floor":49,"key":"REST"},{"floor":53,"key":"REST"}],"circlet_count":0,"master_deck":["AscendersBane","Strike_G","Strike_G","Defend_G","Defend_G","Survivor","Neutralize+1","Dagger Spray+1","Riddle With Holes","Underhanded Strike","Dagger Throw","Endless Agony","Adrenaline","Wraith Form v2+1","Crippling Poison","Cloak And Dagger","Wraith Form v2+1","After Image+1","Endless Agony+1","Terror","Deadly Poison","Footwork+1","Malaise","Backflip+1","Wraith Form v2+1","Heel Hook+1","Leg Sweep+1","Backflip+1","Noxious Fumes+1","Noxious Fumes+1","Bullet Time","Crippling Poison+1","Escape Plan","Acrobatics"],"relics":["Ring of the Snake","Vajra","Frozen Egg 2","Paper Crane","Fusion Hammer","Bronze Scales","DollysMirror","Gremlin Horn","Ornamental Fan","InkBottle","Bag of Marbles","Runic Pyramid","Incense Burner","Medical Kit","Potion Belt","Oddly Smooth Stone","Pear","Boot","Art of War","Snake Skull"],"acts_visited":["Exordium","TheCity","TheBeyond","TheEnding"],"potions_floor_usage":[7,14,16,29,55],"damage_taken":[{"damage":0,"enemies":"Cultist","floor":1,"turns":3},{"damage":0,"enemies":"2 Louse","floor":2,"turns":2},{"damage":0,"enemies":"Small Slimes","floor":5,"turns":2},{"damage":30,"enemies":"Lagavulin","floor":7,"turns":5},{"damage":4,"enemies":"Blue Slaver","floor":8,"turns":4},{"damage":1,"enemies":"2 Fungi Beasts","floor":10,"turns":3},{"damage":0,"enemies":"Gremlin Nob","floor":14,"turns":3},{"damage":23,"enemies":"The Guardian","floor":16,"turns":16},{"damage":4,"enemies":"Shell Parasite","floor":18,"turns":4},{"damage":2,"enemies":"2 Thieves","floor":20,"turns":4},{"damage":2,"enemies":"Gremlin Leader","floor":23,"turns":7},{"damage":3,"enemies":"Centurion and Healer","floor":25,"turns":6},{"damage":0,"enemies":"Book of Stabbing","floor":27,"turns":5},{"damage":6,"enemies":"Slavers","floor":29,"turns":5},{"damage":1,"enemies":"Snake Plant","floor":31,"turns":4},{"damage":2,"enemies":"Automaton","floor":33,"turns":11},{"damage":0,"enemies":"3 Darklings","floor":35,"turns":4},{"damage":0,"enemies":"3 Shapes","floor":36,"turns":5},{"damage":1,"enemies":"2 Orb Walkers","floor":38,"turns":7},{"damage":1,"enemies":"Giant Head","floor":40,"turns":10},{"damage":0,"enemies":"Reptomancer","floor":42,"turns":6},{"damage":0,"enemies":"Giant Head","floor":44,"turns":10},{"damage":0,"enemies":"Reptomancer","floor":48,"turns":7},{"damage":6,"enemies":"Awakened One","floor":50,"turns":22},{"damage":14,"enemies":"Time Eater","floor":51,"turns":14},{"damage":8,"enemies":"Shield and Spear","floor":55,"turns":7},{"damage":48,"enemies":"The Heart","floor":56,"turns":10}],"seed_played":"5083919871392551133","potions_obtained":[{"floor":1,"key":"Fire Potion"},{"floor":14,"key":"AttackPotion"},{"floor":16,"key":"Block Potion"},{"floor":27,"key":"Swift Potion"},{"floor":29,"key":"Weak Potion"},{"floor":36,"key":"Explosive Potion"},{"floor":40,"key":"SkillPotion"},{"floor":44,"key":"DistilledChaos"},{"floor":48,"key":"AttackPotion"}],"is_trial":false,"path_per_floor":["M","M","$","?","M","R","E","M","T","M","?","$","R","E","R","B",null,"M","?","M","T","$","E","?","M","T","E","?","E","R","M","R","B",null,"M","M","?","?","$","E","R","E","T","E","?","$","?","E","R","B","B",null,"R","$","E","B",null],"character_chosen":"THE_SILENT","items_purchased":["CunningPotion","DollysMirror","Medical Kit","Noxious Fumes+1","DuplicationPotion"],"campfire_rested":5,"item_purchase_floors":[3,22,39,39,46],"current_hp_per_floor":[59,59,59,59,59,59,29,25,25,24,17,17,36,36,36,13,53,49,49,47,47,47,45,45,42,42,42,42,36,36,35,54,52,63,63,63,63,62,62,61,66,66,76,76,72,72,72,72,72,66,52,67,72,72,64,16],"gold":102,"neow_bonus":"RANDOM_COMMON_RELIC","is_daily":false,"chose_seed":false,"campfire_upgraded":2,"win_rate":0.0,"timestamp":1613216693,"path_taken":["M","?","$","?","M","R","E","M","T","M","?","?","R","E","R","BOSS","M","?","M","?","$","E","?","M","T","E","?","E","R","M","R","BOSS","M","M","?","?","$","E","R","E","T","E","?","$","?","E","R","BOSS","BOSS","R","$","E","BOSS"],"items_purchased_type":["Potion","Relic","Relic","Card","Potion"],"build_version":"2020-12-22","purchased_purges":2,"victory":true,"max_hp_per_floor":[66,66,66,66,66,66,66,66,66,66,66,66,66,66,66,66,66,66,66,66,66,66,66,66,66,66,66,66,66,66,66,66,66,66,66,66,66,66,66,66,66,66,76,76,72,72,72,72,72,72,72,72,72,72,72,72],"relic_stats":{"Gremlin Horn":[25,27],"counters":[27,186],"Ornamental Fan":[212],"Bronze Scales":[701],"Snake Skull":[13],"Art of War":[12],"Medical Kit":[13],"Boot":[37],"obtain_stats":[{"Potion Belt":40,"Pear":43,"Gremlin Horn":23,"Vajra":0,"Oddly Smooth Stone":42,"Snake Skull":55,"Incense Burner":38,"Frozen Egg 2":7,"Paper Crane":14,"Medical Kit":39,"Boot":44,"DollysMirror":22,"Ornamental Fan":26,"Bronze Scales":21,"Fusion Hammer":17,"Bag of Marbles":29,"Art of War":48,"InkBottle":27,"Ring of the Snake":0,"Runic Pyramid":34},{"Potion Belt":20,"Pear":21,"Gremlin Horn":11,"Vajra":0,"Oddly Smooth Stone":21,"Snake Skull":26,"Incense Burner":19,"Frozen Egg 2":4,"Paper Crane":7,"Medical Kit":19,"Boot":22,"DollysMirror":10,"Ornamental Fan":12,"Bronze Scales":10,"Fusion Hammer":8,"Bag of Marbles":14,"Art of War":23,"InkBottle":13,"Ring of the Snake":0,"Runic Pyramid":16},{"Potion Belt":110,"Pear":116,"Gremlin Horn":53,"Vajra":0,"Oddly Smooth Stone":116,"Snake Skull":176,"Incense Burner":100,"Frozen Egg 2":12,"Paper Crane":22,"Medical Kit":100,"Boot":126,"DollysMirror":46,"Ornamental Fan":59,"Bronze Scales":46,"Fusion Hammer":38,"Bag of Marbles":69,"Art of War":133,"InkBottle":64,"Ring of the Snake":0,"Runic Pyramid":84}],"InkBottle":[49],"Ring of the Snake":[57]},"card_choices":[{"not_picked":["Calculated Gamble","Slice"],"picked":"Dagger Spray","floor":1},{"not_picked":["Outmaneuver","Escape Plan"],"picked":"Riddle With Holes","floor":2},{"not_picked":["Caltrops","Blur"],"picked":"Underhanded Strike","floor":5},{"not_picked":["Tactician","Flechettes","Bane"],"picked":"SKIP","floor":7},{"not_picked":["Tactician","Flechettes","Bane"],"picked":"SKIP","floor":7},{"not_picked":["Poisoned Stab","Quick Slash"],"picked":"Dagger Throw","floor":8},{"not_picked":["Acrobatics","Riddle With Holes"],"picked":"Endless Agony","floor":10},{"not_picked":["Deadly Poison","Riddle With Holes"],"picked":"Adrenaline","floor":14},{"not_picked":["Adrenaline","Die Die Die"],"picked":"Wraith Form v2+1","floor":16},{"not_picked":["Escape Plan","Flying Knee"],"picked":"Crippling Poison","floor":18},{"not_picked":["Bane","Deflect"],"picked":"Cloak And Dagger","floor":20},{"not_picked":["Poisoned Stab","Setup"],"picked":"After Image+1","floor":23},{"not_picked":["Eviscerate","Accuracy+1"],"picked":"Endless Agony+1","floor":25},{"not_picked":["Caltrops+1","Outmaneuver"],"picked":"Terror","floor":27},{"not_picked":["Terror","Acrobatics"],"picked":"Malaise","floor":29},{"not_picked":["Dagger Spray+1","Masterful Stab"],"picked":"Backflip+1","floor":31},{"not_picked":["Doppelganger","After Image+1"],"picked":"Wraith Form v2+1","floor":33},{"not_picked":["Distraction","Predator+1"],"picked":"Heel Hook+1","floor":35},{"not_picked":["Dagger Spray","Distraction"],"picked":"Leg Sweep+1","floor":36},{"not_picked":["Accuracy+1","Outmaneuver+1"],"picked":"Backflip+1","floor":38},{"not_picked":["Quick Slash","Backflip"],"picked":"Noxious Fumes+1","floor":40},{"not_picked":["Quick Slash","Prepared"],"picked":"Bullet Time","floor":42},{"not_picked":["Grand Finale","Dagger Spray+1"],"picked":"Crippling Poison+1","floor":44},{"not_picked":["Prepared","Riddle With Holes"],"picked":"Escape Plan","floor":48},{"not_picked":["Eviscerate+1","PiercingWail+1"],"picked":"Acrobatics","floor":55}],"player_experience":1009356,"relics_obtained":[{"floor":7,"key":"Frozen Egg 2"},{"floor":14,"key":"Paper Crane"},{"floor":21,"key":"Bronze Scales"},{"floor":23,"key":"Gremlin Horn"},{"floor":26,"key":"Ornamental Fan"},{"floor":27,"key":"InkBottle"},{"floor":29,"key":"Bag of Marbles"},{"floor":38,"key":"Incense Burner"},{"floor":40,"key":"Potion Belt"},{"floor":42,"key":"Oddly Smooth Stone"},{"floor":43,"key":"Pear"},{"floor":44,"key":"Boot"},{"floor":48,"key":"Art of War"},{"floor":55,"key":"Snake Skull"}],"event_choices":[{"damage_healed":0,"gold_gain":0,"cards_transformed":["Strike_G"],"player_choice":"Change","damage_taken":0,"max_hp_gain":0,"max_hp_loss":0,"event_name":"Living Wall","floor":4,"gold_loss":0,"cards_obtained":["Catalyst"]},{"cards_removed":["Strike_G"],"damage_healed":0,"gold_gain":0,"player_choice":"Card Removal","damage_taken":7,"max_hp_gain":0,"max_hp_loss":0,"event_name":"Golden Wing","floor":11,"gold_loss":0},{"damage_healed":0,"gold_gain":0,"player_choice":"Ignored","damage_taken":0,"max_hp_gain":0,"max_hp_loss":0,"event_name":"Beggar","floor":19,"gold_loss":0},{"damage_healed":0,"gold_gain":0,"player_choice":"Ignored","damage_taken":0,"max_hp_gain":0,"max_hp_loss":0,"event_name":"Vampires","floor":24,"gold_loss":0},{"damage_healed":0,"gold_gain":0,"cards_transformed":["Defend_G","Defend_G"],"player_choice":"Became Test Subject","damage_taken":0,"max_hp_gain":0,"max_hp_loss":0,"event_name":"Drug Dealer","floor":28,"gold_loss":0,"cards_obtained":["Deadly Poison","Footwork"]},{"damage_healed":0,"gold_gain":0,"player_choice":"Ignored","damage_taken":0,"max_hp_gain":0,"max_hp_loss":0,"event_name":"Tomb of Lord Red Mask","floor":37,"gold_loss":0},{"damage_healed":0,"gold_gain":0,"player_choice":"Fight","damage_taken":0,"max_hp_gain":0,"max_hp_loss":0,"event_name":"Mysterious Sphere","floor":38,"gold_loss":0},{"damage_healed":0,"gold_gain":0,"player_choice":"Max HP","damage_taken":0,"max_hp_gain":0,"max_hp_loss":4,"event_name":"Winding Halls","floor":45,"gold_loss":0},{"cards_removed":["Strike_G"],"damage_healed":0,"gold_gain":0,"player_choice":"Removed Attack","damage_taken":0,"max_hp_gain":0,"max_hp_loss":0,"event_name":"Falling","floor":47,"gold_loss":0}],"is_beta":false,"boss_relics":[{"not_picked":["HoveringKite","Pandora\u0027s Box"],"picked":"Fusion Hammer"},{"not_picked":["Coffee Dripper","Tiny House"],"picked":"Runic Pyramid"}],"items_purged_floors":[12,46],"is_endless":false,"potions_floor_spawned":[1,14,16,27,29,33,36,40,44,48],"ascension_level":20}}