{"host":"dcj2yvrgcvh5dl2s","time":1613181840,"event":{"mods":["BaseMod","Bestiary","Better Note","Block Reminder","Colored Powertips","Curses Come First","DeckTracker","Displayed Cursed Tome","Minty Spire (QoL Compilation)","Quick Restart","Rare Cards Sparkle","Relic Stats","StSLib"],"gold_per_floor":[109,128,128,151,56,56,56],"floor_reached":6,"language":"ENG","playtime":183,"items_purged":[],"score":72,"play_id":"c3584755-8e68-4490-b2b9-00b9fa36c586","local_time":"20210213120400","is_ascension_mode":true,"campfire_choices":[],"circlet_count":0,"master_deck":["AscendersBane","Strike_R","Strike_R","Strike_R","Strike_R","Strike_R","Defend_R","Defend_R","Defend_R","Defend_R","Bash","Parasite","Juggernaut","Cleave","Pommel Strike","Panacea"],"relics":["Burning Blood","Golden Idol"],"acts_visited":[],"potions_floor_usage":[6],"damage_taken":[{"damage":19,"enemies":"Jaw Worm","floor":1,"turns":4},{"damage":9,"enemies":"Small Slimes","floor":2,"turns":3},{"damage":2,"enemies":"Cultist","floor":4,"turns":4},{"damage":40,"enemies":"Gremlin Nob","floor":6,"turns":4}],"seed_played":"-9016970358844893898","potions_obtained":[{"floor":1,"key":"Strength Potion"}],"is_trial":false,"path_per_floor":["M","M","?","M","$","E"],"character_chosen":"IRONCLAD","items_purchased":["Panacea"],"campfire_rested":0,"item_purchase_floors":[5],"current_hp_per_floor":[55,52,26,30,30,0,0],"gold":56,"neow_bonus":"THREE_RARE_CARDS","is_daily":false,"chose_seed":false,"campfire_upgraded":0,"win_rate":0.0,"timestamp":1613181840,"path_taken":["M","M","?","M","$","E"],"items_purchased_type":["Card"],"build_version":"2020-12-22","purchased_purges":0,"victory":false,"max_hp_per_floor":[75,75,75,75,75,75,75],"relic_stats":{"counters":[4,15],"Golden Idol":5,"obtain_stats":[{"Golden Idol":3,"Burning Blood":0},{"Golden Idol":2,"Burning Blood":0},{"Golden Idol":7,"Burning Blood":0}],"Burning Blood":18},"card_choices":[{"not_picked":["Exhume","Fiend Fire"],"picked":"Juggernaut","floor":0},{"not_picked":["Power Through","Armaments"],"picked":"Cleave","floor":1},{"not_picked":["Clothesline","Headbutt","True Grit"],"picked":"SKIP","floor":2},{"not_picked":["Headbutt","Cleave"],"picked":"Pommel Strike","floor":4}],"player_experience":2398774,"relics_obtained":[],"event_choices":[{"damage_healed":0,"gold_gain":0,"player_choice":"Take Damage","damage_taken":26,"relics_obtained":["Golden Idol"],"max_hp_gain":0,"max_hp_loss":0,"event_name":"Golden Idol","floor":3,"gold_loss":0}],"is_beta":false,"boss_relics":[],"items_purged_floors":[],"is_endless":false,"potions_floor_spawned":[1],"killed_by":"Gremlin Nob","ascension_level":20}}