{"host":"s2ygc4jgfm0lziqy","time":1613250205,"event":{"mods":["2.2 Compatiblity","Astrologer","Bard","BaseMod","Bestiary","Card Forge","Colored Map","DeckTracker","Downfall","GungeonMod","Highlight Path","Minty Spire (QoL Compilation)","Robot Space Explorer","StSLib","The Disciple","The Gatherer","The Marked","The Poker Player","TheBandit","TheSurvivalist","Weighted Paths"],"gold_per_floor":[111,126,77,152,171,171,171,171],"floor_reached":6,"language":"ENG","playtime":360,"items_purged":[],"score":36,"play_id":"cc489314-cfe5-4509-9681-a0c35166b9ed","local_time":"20210213210325","is_ascension_mode":false,"campfire_choices":[],"circlet_count":0,"master_deck":["wariomod:Strike","wariomod:Strike","wariomod:Strike","wariomod:Strike","wariomod:Defend","wariomod:Defend","wariomod:Defend","wariomod:Defend","wariomod:Step","wariomod:Leap","wariomod:RacingSpeed","wariomod:SmackSlam","wariomod:SimpleShield","wariomod:DoubleDash"],"relics":["wariomod:TheHat","Hammer of Thor","Seething Fire","Anvil of the Gods","DemoMod:GlassGuonStoneRelic"],"acts_visited":["Exordium"],"potions_floor_usage":[],"damage_taken":[{"damage":4,"enemies":"Cultist","floor":1,"turns":4},{"damage":0,"enemies":"Small Slimes","floor":2,"turns":3},{"damage":6,"enemies":"2 Louse","floor":5,"turns":2},{"damage":0,"enemies":"3 Sentries","floor":6,"turns":1}],"seed_played":"5075580663461020484","potions_obtained":[{"floor":2,"key":"champ:CounterPotion"}],"is_trial":false,"path_per_floor":["M","M","$","?","M","E"],"character_chosen":"THE_BANDIT","items_purchased":["wariomod:SimpleShield"],"campfire_rested":0,"item_purchase_floors":[3],"current_hp_per_floor":[84,84,84,73,67,67,67,67],"gold":171,"neow_bonus":"TEN_PERCENT_HP_BONUS","is_daily":false,"chose_seed":false,"campfire_upgraded":0,"win_rate":0.0,"timestamp":1613250205,"path_taken":["M","M","?","?","M","E"],"items_purchased_type":["Card"],"build_version":"2020-12-22","purchased_purges":0,"victory":false,"max_hp_per_floor":[88,88,88,88,88,88,88,88],"card_choices":[{"not_picked":["wariomod:ThatsNotAll","wariomod:Purify"],"picked":"wariomod:RacingSpeed","floor":1},{"not_picked":["wariomod:BodyBlock","wariomod:Boomsmack"],"picked":"wariomod:SmackSlam","floor":2},{"not_picked":["wariomod:NullJump","wariomod:DamnedStrength"],"picked":"wariomod:DoubleDash","floor":5}],"player_experience":8039,"relics_obtained":[],"event_choices":[{"damage_healed":0,"gold_gain":75,"player_choice":"Gather Gold","damage_taken":11,"max_hp_gain":0,"max_hp_loss":0,"event_name":"World of Goop","floor":4,"gold_loss":0}],"is_beta":false,"boss_relics":[],"items_purged_floors":[],"is_endless":false,"potions_floor_spawned":[2],"killed_by":"3 Sentries","ascension_level":0}}