{"host":"4t0z2wyk4ymtbfy7","time":1613213895,"event":{"mods":["AchievementEnabler","BaseMod","Colored Map","Colored Powertips","DeckTracker","Keyboard Shortcuts","Marisa£¨Ùöéë¡¡Øª×âÞÞ£©","Minty Spire (QoL Compilation)","SuperFastMode","Td1madao Mod"],"gold_per_floor":[119,131,131,131,142,142,170,170,241,268,268,268,285,296,296,399,399,411,215,229,229,229],"floor_reached":21,"language":"KOR","playtime":587,"items_purged":[],"score":255,"play_id":"6a43c601-878b-4232-871d-a1b19a0c1894","local_time":"20210213195815","is_ascension_mode":true,"campfire_choices":[{"data":"Corpse Explosion","floor":6.0,"key":"SMITH"},{"floor":8.0,"key":"REST"},{"floor":12.0,"key":"REST"},{"floor":15.0,"key":"REST"}],"circlet_count":0,"master_deck":["Strike_G","Strike_G","Strike_G","Strike_G+1","Strike_G+1","Defend_G","Defend_G","Defend_G","Defend_G","Defend_G","Survivor","Neutralize","Corpse Explosion+1","Bane","Envenom","Catalyst","Distraction","Deadly Poison","Bullet Time","Outmaneuver","Apotheosis","Outmaneuver+1"],"relics":["Ring of the Snake","Boot","Gremlin Horn","Thread and Needle","Sozu"],"acts_visited":["Exordium","TheCity"],"potions_floor_usage":[],"damage_taken":[{"damage":4.0,"enemies":"Small Slimes","floor":1.0,"turns":4.0},{"damage":3.0,"enemies":"Cultist","floor":2.0,"turns":5.0},{"damage":6.0,"enemies":"2 Louse","floor":5.0,"turns":2.0},{"damage":12.0,"enemies":"3 Sentries","floor":7.0,"turns":4.0},{"damage":36.0,"enemies":"Lagavulin","floor":10.0,"turns":6.0},{"damage":17.0,"enemies":"Exordium Thugs","floor":13.0,"turns":2.0},{"damage":2.0,"enemies":"Looter","floor":14.0,"turns":5.0},{"damage":25.0,"enemies":"Hexaghost","floor":16.0,"turns":8.0},{"damage":11,"enemies":"2 Thieves","floor":18,"turns":3},{"damage":33,"enemies":"Spheric Guardian","floor":20,"turns":7},{"damage":20,"enemies":"Snecko","floor":21,"turns":3}],"seed_played":"8652427671125084805","potions_obtained":[{"floor":2.0,"key":"DistilledChaos"},{"floor":7.0,"key":"DistilledChaos"},{"floor":16.0,"key":"AttackPotion"}],"is_trial":false,"path_per_floor":["M","M","$","?","M","R","E","R","T","E","?","R","M","M","R","B",null,"M","$","M","M"],"character_chosen":"THE_SILENT","items_purchased":["Apotheosis"],"campfire_rested":3,"item_purchase_floors":[19],"current_hp_per_floor":[59,56,56,42,36,36,24,45,45,9,9,30,13,11,32,7,54,43,43,10,0,0],"gold":229,"neow_bonus":"ONE_RANDOM_RARE_CARD","is_daily":false,"chose_seed":false,"campfire_upgraded":1,"win_rate":0.0,"timestamp":1613213895,"path_taken":["M","M","$","?","M","R","E","R","T","E","?","R","?","M","R","BOSS","M","$","M","M"],"items_purchased_type":["Card"],"build_version":"2020-12-22","purchased_purges":0,"victory":false,"max_hp_per_floor":[70,70,70,70,70,70,70,70,70,70,70,70,70,70,70,70,70,70,70,70,70,70],"card_choices":[{"not_picked":["Sucker Punch","Underhanded Strike","Dodge and Roll"],"picked":"SKIP","floor":1.0},{"not_picked":["Finisher","Accuracy","PiercingWail"],"picked":"SKIP","floor":2.0},{"not_picked":["Dagger Spray","Dagger Throw"],"picked":"Bane","floor":5.0},{"not_picked":["Poisoned Stab","Escape Plan"],"picked":"Envenom","floor":7.0},{"not_picked":["Flying Knee","Eviscerate"],"picked":"Catalyst","floor":10.0},{"not_picked":["PiercingWail","Predator"],"picked":"Distraction","floor":13.0},{"not_picked":["Accuracy","Underhanded Strike"],"picked":"Deadly Poison","floor":14.0},{"not_picked":["Unload","Corpse Explosion"],"picked":"Bullet Time","floor":16.0},{"not_picked":["Dodge and Roll","Calculated Gamble"],"picked":"Outmaneuver","floor":18},{"not_picked":["PiercingWail+1","Underhanded Strike"],"picked":"Outmaneuver+1","floor":20}],"player_experience":98183,"relics_obtained":[{"floor":7.0,"key":"Boot"},{"floor":9.0,"key":"Gremlin Horn"},{"floor":10.0,"key":"Thread and Needle"}],"event_choices":[{"damage_healed":0.0,"max_hp_gain":0.0,"max_hp_loss":0.0,"gold_gain":0.0,"event_name":"Shining Light","player_choice":"Entered Light","floor":4.0,"gold_loss":0.0,"damage_taken":14.0,"cards_upgraded":["Strike_G","Strike_G"]},{"damage_healed":0.0,"max_hp_gain":0.0,"max_hp_loss":0.0,"gold_gain":0.0,"event_name":"The Woman in Blue","player_choice":"Bought 0 Potions","floor":11.0,"gold_loss":0.0,"damage_taken":0.0}],"is_beta":false,"boss_relics":[{"not_picked":["Calling Bell","HoveringKite"],"picked":"Sozu"}],"items_purged_floors":[],"is_endless":false,"potions_floor_spawned":[2,7,16,18,20],"killed_by":"Snecko","ascension_level":7}}