{"host":"mykjnfgvckiyjptv","time":1613203602,"event":{"mods":["2.2 Compatiblity","Act Like it!","Aspiration","BaseMod","Better Altar","Better Third Choice","BetterRewards","Card Forge","Custom Start","Energized Spire","GifTheSpireLib","Gold Saver","Halation","Hubris","Infinite Spire","Jedi Mod","Minty Spire (QoL Compilation)","Pale of the Ancients","Permanent Neow","RatMod","Replay The Spire","Shop Mod","Small Relic Pack","Spicy Shops","Spikes Relics","StSLib","Stuff the Spire","SuperFastMode","The Servant 0.9.4","??????REMEMod"],"gold_per_floor":[109,123,123,123,123,123,156,156,183,258,277,277,292,312,312,416,416,434,414,429,444,1,1,14,47,125,125,143,158,158,158,158,258,258,278,278,54,71,83,110,128,149,174,198,244,244,277,313,313,433,433,433,433],"floor_reached":52,"language":"ENG","playtime":3276,"items_purged":[],"score":963,"play_id":"622b059b-0620-46fa-88f6-1f63b1f23c9c","local_time":"20210213020642","is_ascension_mode":false,"campfire_choices":[{"data":"LightFlow","floor":6.0,"key":"SMITH"},{"data":"Starlight","floor":8.0,"key":"SMITH"},{"floor":15.0,"key":"REST"},{"floor":23.0,"key":"REST"},{"floor":27.0,"key":"REST"},{"floor":32,"key":"DIG"}],"circlet_count":0,"master_deck":["Strike_S","Strike_S","Strike_S","Strike_S","Defend_S","Defend_S","Defend_S","Defend_S","KidneyShot+1","Exchange+1","jedi:LeechingStrike","LightFlow+1","Starlight+1","BottledTime+1","Burn","Comet+1","MoonPhase+1","hubris:NaturalOne","KillingDoll+1","SilverBlades+1","Sunlight+1","StarChef+1","SilverBlades+1","GearUp+1","Hightail+1","SpecialFormula+1","Luminosity+1","MurderousAura+1","SilverBlades+1","SurpressingFire+1","SurpressingFire+1","Deny+1","Desolation+1","BestPractice+1","BottledTime","Parasite","Initiator"],"relics":["Uniform","Hammer of Thor","Seething Fire","Anvil of the Gods","REME_ComplimentaryCards","hubris:Icosahedron","Pen Nib","Vajra","Replay:Baseball","hubris:GlazedTorus","Simple Rune","BrokenLever","REME_ChargedStone","Strange Spoon","hubris:ToyBattleship","infinitespire:EvilPickle","PreservedInsect","hubris:CrystalStatue","Fusion Hammer"],"acts_visited":["Exordium","TheCity","TheBeyond","Exordium"],"potions_floor_usage":[35,42,45,48,50],"damage_taken":[{"damage":8.0,"enemies":"2 Louse","floor":1.0,"turns":2.0},{"damage":1.0,"enemies":"Jaw Worm","floor":2.0,"turns":3.0},{"damage":29.0,"enemies":"3 Sentries","floor":7.0,"turns":8.0},{"damage":0.0,"enemies":"Small Slimes","floor":11.0,"turns":1.0},{"damage":9.0,"enemies":"2 Fungi Beasts","floor":13.0,"turns":2.0},{"damage":2.0,"enemies":"Looter","floor":14.0,"turns":2.0},{"damage":43.0,"enemies":"The Guardian","floor":16.0,"turns":8.0},{"damage":10.0,"enemies":"Spheric Guardian","floor":18.0,"turns":3.0},{"damage":20.0,"enemies":"2 Thieves","floor":20.0,"turns":2.0},{"damage":21.0,"enemies":"Shelled Parasite and Fungi","floor":21.0,"turns":3.0},{"damage":4.0,"enemies":"Snecko","floor":24.0,"turns":3.0},{"damage":17.0,"enemies":"Nightmare","floor":25.0,"turns":6.0},{"damage":22.0,"enemies":"Centurion and Healer","floor":28.0,"turns":6.0},{"damage":2.0,"enemies":"Snake Plant","floor":29.0,"turns":5.0},{"damage":20,"enemies":"Pondfish","floor":33,"turns":8},{"damage":10,"enemies":"Orb Walker","floor":35,"turns":2},{"damage":20,"enemies":"3 Darklings","floor":38,"turns":5},{"damage":45,"enemies":"Sphere and 2 Shapes","floor":39,"turns":4},{"damage":21,"enemies":"R_Hoarder","floor":40,"turns":7},{"damage":12,"enemies":"4 Shapes","floor":41,"turns":4},{"damage":18,"enemies":"Transient","floor":42,"turns":5},{"damage":30,"enemies":"Maw","floor":44,"turns":7},{"damage":63,"enemies":"Nemesis","floor":45,"turns":5},{"damage":24,"enemies":"Jaw Worm Horde","floor":47,"turns":2},{"damage":12,"enemies":"Writhing Mass","floor":48,"turns":5},{"damage":37,"enemies":"Donu and Deca","floor":50,"turns":6},{"damage":70,"enemies":"2 Louse","floor":52,"turns":5}],"seed_played":"3210819435551328371","potions_obtained":[{"floor":7.0,"key":"Fire Potion"},{"floor":11.0,"key":"EssenceOfSteel"},{"floor":13.0,"key":"Strength Potion"},{"floor":14.0,"key":"FairyPotion"},{"floor":18.0,"key":"Weak Potion"},{"floor":19.0,"key":"SneckoOil"},{"floor":21.0,"key":"Block Potion"},{"floor":28.0,"key":"Weak Potion"},{"floor":33,"key":"Swift Potion"},{"floor":41,"key":"LifebloodPotion"},{"floor":44,"key":"SkillPotion"},{"floor":45,"key":"Strength Potion"},{"floor":48,"key":"Energy Potion"},{"floor":50,"key":"FearPotion"}],"is_trial":false,"path_per_floor":["M","M","?","?","?","R","E","R","T","?","M","?","M","M","R","B",null,"M","?","M","M","$","R","M","NM","T","R","M","M","?","?","R","B",null,"M","?","$","M","M","E","M","M","T","M","E","?","M","M","R","B",null,"M"],"character_chosen":"THE_SERVANT","items_purchased":["Replay:Baseball","hubris:GlazedTorus","SurpressingFire","Strange Spoon"],"campfire_rested":3,"item_purchase_floors":[22,22,37,37],"current_hp_per_floor":[51,56,56,56,56,56,29,29,29,18,18,18,16,21,38,4,59,49,49,29,13,13,30,26,18,18,35,27,40,40,40,40,35,59,57,57,57,59,14,46,59,58,58,41,26,52,28,40,52,47,52,0,0],"gold":433,"neow_bonus":"RANDOM_COLORLESS_2","is_daily":false,"chose_seed":false,"campfire_upgraded":2,"win_rate":0.0,"timestamp":1613203602,"path_taken":["M","M","?","?","?","R","E","R","T","?","?","?","M","M","R","BOSS","M","?","?","?","$","R","M","NM","T","R","?","M","?","?","R","BOSS","M","?","$","?","M","E","M","M","T","?","E","?","M","M","R","BOSS","M"],"items_purchased_type":["Relic","Relic","Card","Relic"],"build_version":"2020-12-22","purchased_purges":0,"victory":false,"max_hp_per_floor":[59,59,59,59,59,59,59,59,59,59,59,59,59,59,59,59,59,59,59,59,59,59,59,59,59,59,59,59,59,59,59,59,59,59,59,59,59,59,59,59,59,59,59,59,59,52,52,52,52,52,52,52,52],"card_choices":[{"not_picked":["Transmutation","Reforge"],"picked":"jedi:LeechingStrike","floor":0.0},{"not_picked":["FastForward","Replace"],"picked":"Starlight","floor":1.0},{"not_picked":["Unruled","ReturningBlade"],"picked":"BottledTime","floor":2.0},{"not_picked":["Rearm","Starlight","ShatteredReality"],"picked":"SKIP","floor":7.0},{"not_picked":["DoubleEdge","DualDimension"],"picked":"Comet","floor":11.0},{"not_picked":["Moonlight","Unruled"],"picked":"KillingDoll","floor":13.0},{"not_picked":["FastForward","Revamp"],"picked":"SilverBlades","floor":14.0},{"not_picked":["KillingDoll","SoulSculpture"],"picked":"Sunlight","floor":16.0},{"not_picked":["Foresight","ShiftingGears"],"picked":"StarChef","floor":18.0},{"not_picked":["Misdirection+1","Unruled"],"picked":"SilverBlades","floor":20.0},{"not_picked":["Rearm","Ricochet"],"picked":"GearUp","floor":21.0},{"not_picked":["Moondial","Ricochet+1","Replace+1"],"picked":"SKIP","floor":24.0},{"not_picked":["Rearm+1","Sabotage+1"],"picked":"Hightail","floor":25.0},{"not_picked":["BottledTime","FanOfKnives"],"picked":"SpecialFormula","floor":28.0},{"not_picked":["Starlight","Ricochet","Solidify"],"picked":"SKIP","floor":29},{"not_picked":["SoulSculpture","FloweringNight"],"picked":"MurderousAura","floor":33},{"not_picked":["Ricochet","Shuttle","Replace"],"picked":"SKIP","floor":35},{"not_picked":["Ricochet+1","SilverBlades"],"picked":"SurpressingFire+1","floor":38},{"not_picked":["FastForward","Rearm+1","Hightail+1"],"picked":"SKIP","floor":39},{"not_picked":["Rewind","Starlight+1"],"picked":"Deny","floor":40},{"not_picked":["FastForward","Rewind"],"picked":"Desolation","floor":41},{"not_picked":["BestPractice","GearUp","Contraction+1"],"picked":"SKIP","floor":42},{"not_picked":["Sabotage+1","Revamp"],"picked":"BestPractice+1","floor":44},{"not_picked":["Ricochet+1","Deny","Shuttle+1"],"picked":"SKIP","floor":45},{"not_picked":["Potential+1","ShatteredReality+1"],"picked":"BottledTime","floor":47},{"not_picked":["Collapse+1","FastForward+1","Alleviate+1"],"picked":"SKIP","floor":48},{"not_picked":["FloweringNight","MurderousAura"],"picked":"Initiator","floor":50}],"player_experience":437687,"relics_obtained":[{"floor":7.0,"key":"Pen Nib"},{"floor":9.0,"key":"Vajra"},{"floor":25.0,"key":"Simple Rune"},{"floor":32,"key":"BrokenLever"},{"floor":40,"key":"hubris:ToyBattleship"},{"floor":43,"key":"PreservedInsect"},{"floor":45,"key":"hubris:CrystalStatue"}],"event_choices":[{"damage_healed":56.0,"max_hp_gain":0.0,"max_hp_loss":59.0,"gold_gain":0.0,"event_name":"betterThird:BetterShining","player_choice":"Embrace Burn","floor":5.0,"gold_loss":0.0,"damage_taken":0.0},{"damage_healed":0.0,"max_hp_gain":0.0,"max_hp_loss":0.0,"gold_gain":75.0,"event_name":"betterThird:BetterGoop","player_choice":"Gold","floor":10.0,"gold_loss":0.0,"damage_taken":11.0},{"damage_healed":0.0,"max_hp_gain":0.0,"max_hp_loss":0.0,"gold_gain":0.0,"event_name":"The Woman in Blue","player_choice":"Bought 1 Potion","floor":19.0,"gold_loss":0.0,"damage_taken":0.0},{"damage_healed":0,"gold_gain":0,"player_choice":"Ignored","damage_taken":0,"max_hp_gain":0,"max_hp_loss":0,"event_name":"Vampires","floor":30,"gold_loss":0},{"damage_healed":0,"gold_gain":0,"player_choice":"Read","damage_taken":0,"max_hp_gain":0,"max_hp_loss":0,"event_name":"The Library","floor":31,"gold_loss":0,"cards_obtained":["Luminosity"]},{"damage_healed":0,"gold_gain":0,"player_choice":"Copied","damage_taken":0,"max_hp_gain":0,"max_hp_loss":0,"event_name":"Duplicator","floor":36,"gold_loss":0,"cards_obtained":["SilverBlades"]},{"damage_healed":52,"gold_gain":0,"player_choice":"Heal","damage_taken":0,"max_hp_gain":0,"max_hp_loss":7,"event_name":"The Moai Head","floor":46,"gold_loss":0}],"is_beta":false,"boss_relics":[{"not_picked":["halation:MonkeysPaw","aspiration:PoetsPen_weak","hubris:BlackHole"]},{"not_picked":["relicPack:KazumaCape","hubris:CrackedHourglass"],"picked":"REME_ChargedStone"},{"not_picked":["Honey Jar","hubris:GrandSneckoEye"],"picked":"Fusion Hammer"}],"items_purged_floors":[],"is_endless":true,"potions_floor_spawned":[7,11,13,14,18,21,28,33,41,44,45,48,50],"killed_by":"2 Louse","ascension_level":0}}