{"host":"ELF","time":1613224514,"event":{"mods":["BaseMod","Bestiary","Minty Spire (QoL Compilation)","Relic Stats","Slay the Relics Exporter"],"gold_per_floor":[369,387,407,16,31,31,31,31,31],"floor_reached":8,"language":"ENG","playtime":283,"items_purged":["Defend_R"],"score":94,"play_id":"46d73677-6f77-4104-af3c-0ef179f87c2b","local_time":"20210213075514","is_ascension_mode":true,"campfire_choices":[{"floor":6,"key":"REST"}],"circlet_count":0,"master_deck":["AscendersBane","Strike_R","Strike_R","Strike_R","Strike_R","Strike_R","Defend_R","Defend_R","Defend_R","Bash","Clothesline","Shrug It Off","Wild Strike"],"relics":["Burning Blood","Charon\u0027s Ashes"],"acts_visited":["Exordium"],"potions_floor_usage":[8],"damage_taken":[{"damage":12,"enemies":"Cultist","floor":1,"turns":5},{"damage":20,"enemies":"Small Slimes","floor":2,"turns":4},{"damage":5,"enemies":"2 Louse","floor":3,"turns":4},{"damage":22,"enemies":"Large Slime","floor":5,"turns":8},{"damage":42,"enemies":"Lagavulin","floor":8,"turns":6}],"seed_played":"7888353915399030192","potions_obtained":[{"floor":2,"key":"SteroidPotion"}],"is_trial":false,"path_per_floor":["M","M","M","$","M","R","?","E"],"character_chosen":"IRONCLAD","items_purchased":["Charon\u0027s Ashes"],"campfire_rested":1,"item_purchase_floors":[4],"current_hp_per_floor":[44,30,31,31,15,37,37,0,0],"gold":31,"neow_bonus":"TWO_FIFTY_GOLD","is_daily":false,"chose_seed":false,"campfire_upgraded":0,"win_rate":0.0,"timestamp":1613224514,"path_taken":["M","?","M","$","M","R","?","E"],"items_purchased_type":["Relic"],"build_version":"2020-12-18","purchased_purges":1,"victory":false,"max_hp_per_floor":[75,75,75,75,75,75,75,75,75],"relic_stats":{"counters":[5,27],"Charon\u0027s Ashes":[3],"obtain_stats":[{"Charon\u0027s Ashes":4,"Burning Blood":0},{"Charon\u0027s Ashes":3,"Burning Blood":0},{"Charon\u0027s Ashes":13,"Burning Blood":0}],"Burning Blood":24},"card_choices":[{"not_picked":["Flex","Headbutt","Thunderclap"],"picked":"SKIP","floor":1},{"not_picked":["Brutality","Warcry"],"picked":"Clothesline","floor":2},{"not_picked":["Carnage","Wild Strike"],"picked":"Shrug It Off","floor":3},{"not_picked":["Pummel","Rampage"],"picked":"Wild Strike","floor":5}],"player_experience":3441669,"relics_obtained":[],"event_choices":[{"damage_healed":0,"gold_gain":0,"player_choice":"Ignored","damage_taken":0,"max_hp_gain":0,"max_hp_loss":0,"event_name":"Liars Game","floor":7,"gold_loss":0}],"is_beta":true,"boss_relics":[],"items_purged_floors":[4],"is_endless":false,"potions_floor_spawned":[2],"killed_by":"Lagavulin","ascension_level":19}}