{"host":"49pjgf1q9ev52n8z","time":1613197146,"event":{"mods":["BaseMod","Bestiary","Colored Map","Keyboard Shortcuts","Minty Spire (QoL Compilation)","Practice Mode","Relic Stats","StSLib"],"gold_per_floor":[161,176,186,204,204,232,243,243,266,284,284,127,154,6,6,6,6],"floor_reached":16,"language":"ENG","playtime":1179,"items_purged":[],"score":203,"play_id":"9ee61076-73b4-4713-947e-80d638df17b8","local_time":"20210212221906","is_ascension_mode":true,"campfire_choices":[{"data":"Genetic Algorithm","floor":8,"key":"SMITH"},{"data":"Hyperbeam","floor":11,"key":"SMITH"},{"data":"Turbo","floor":15,"key":"SMITH"}],"circlet_count":0,"master_deck":["Strike_B","Strike_B","Strike_B","Strike_B","Defend_B","Defend_B","Defend_B","Defend_B","Zap","Dualcast+1","Ball Lightning","Reinforced Body","Rebound","Hyperbeam+1","Leap","Genetic Algorithm+1","Recycle","Turbo+1"],"relics":["Tiny House","Question Card","Bag of Marbles","Frozen Eye","Strawberry","Strange Spoon"],"acts_visited":["Exordium"],"potions_floor_usage":[2,13,16,16,16],"damage_taken":[{"damage":0,"enemies":"Small Slimes","floor":1,"turns":3},{"damage":1,"enemies":"Cultist","floor":2,"turns":3},{"damage":2,"enemies":"Jaw Worm","floor":3,"turns":2},{"damage":0,"enemies":"Gremlin Gang","floor":4,"turns":1},{"damage":31,"enemies":"Lagavulin","floor":6,"turns":7},{"damage":0,"enemies":"Exordium Wildlife","floor":7,"turns":1},{"damage":0,"enemies":"Blue Slaver","floor":10,"turns":2},{"damage":20,"enemies":"Gremlin Nob","floor":13,"turns":4}],"seed_played":"-8698575601198532074","potions_obtained":[{"floor":0,"key":"FearPotion"},{"floor":2,"key":"PotionOfCapacity"},{"floor":3,"key":"SteroidPotion"},{"floor":6,"key":"Regen Potion"},{"floor":10,"key":"BlessingOfTheForge"},{"floor":13,"key":"ColorlessPotion"}],"is_trial":false,"path_per_floor":["M","M","M","M","?","E","M","R","T","M","R","$","E","$","R","B"],"character_chosen":"DEFECT","items_purchased":["Frozen Eye","Strange Spoon"],"campfire_rested":0,"item_purchase_floors":[12,14],"current_hp_per_floor":[80,79,77,77,80,49,49,49,49,49,49,49,48,48,48,0,0],"gold":6,"neow_bonus":"BOSS_RELIC","is_daily":false,"chose_seed":false,"campfire_upgraded":3,"win_rate":0.0,"timestamp":1613197146,"path_taken":["M","M","M","M","?","E","M","R","T","M","R","$","E","?","R","BOSS"],"items_purchased_type":["Relic","Relic"],"build_version":"2020-12-22","purchased_purges":0,"victory":false,"max_hp_per_floor":[80,80,80,80,80,80,80,80,80,80,80,80,87,87,87,87,87],"relic_stats":{"Strange Spoon":[1],"counters":[9,36],"Question Card":3,"obtain_stats":[{"Frozen Eye":12,"Strange Spoon":14,"Tiny House":0,"Strawberry":13,"Bag of Marbles":9,"Cracked Core":0,"Question Card":6},{"Frozen Eye":7,"Strange Spoon":8,"Tiny House":0,"Strawberry":8,"Bag of Marbles":6,"Cracked Core":0,"Question Card":5},{"Frozen Eye":19,"Strange Spoon":23,"Tiny House":0,"Strawberry":23,"Bag of Marbles":17,"Cracked Core":0,"Question Card":16}]},"card_choices":[{"not_picked":["Cold Snap","Stack"],"picked":"Ball Lightning","floor":0},{"not_picked":["Go for the Eyes","Coolheaded"],"picked":"Reinforced Body","floor":1},{"not_picked":["Streamline","Beam Cell"],"picked":"Rebound","floor":2},{"not_picked":["Leap","Scrape"],"picked":"Hyperbeam","floor":3},{"not_picked":["Double Energy","Sweeping Beam"],"picked":"Leap","floor":4},{"not_picked":["Steam Power","Chill","Blizzard"],"picked":"SKIP","floor":6},{"not_picked":["Leap","Force Field","Rebound"],"picked":"Genetic Algorithm","floor":7},{"not_picked":["Leap","Blizzard","Capacitor"],"picked":"Recycle","floor":10},{"not_picked":["Sunder","Biased Cognition","Go for the Eyes"],"picked":"Turbo","floor":13}],"player_experience":826829,"relics_obtained":[{"floor":6,"key":"Question Card"},{"floor":9,"key":"Bag of Marbles"},{"floor":13,"key":"Strawberry"}],"event_choices":[{"damage_healed":3,"gold_gain":0,"player_choice":"Full Heal","damage_taken":0,"max_hp_gain":0,"max_hp_loss":0,"event_name":"Wheel of Change","floor":5,"gold_loss":0}],"is_beta":false,"boss_relics":[],"items_purged_floors":[],"is_endless":false,"potions_floor_spawned":[2,3,6,10,13],"killed_by":"The Guardian","ascension_level":5}}