{"host":"ul3z8ex5o8l5j7mh","time":1613205717,"event":{"mods":["AchievementEnabler","BaseMod","Bestiary","Colored Map","Colored Powertips","DeckTracker","Keyboard Shortcuts","Minty Spire (QoL Compilation)","Relic Sorter","Relic Stats","SuperFastMode"],"gold_per_floor":[116,136,136,136,150,150,175,175,254,254,313,213,178,205,205,309,309,320,334,433,254,254,254,289,304,372,387,399,413,431,203,203,203,203],"floor_reached":33,"language":"ENG","playtime":2135,"items_purged":["Regret","Defend_R","Defend_R"],"score":360,"play_id":"6fc9fe94-118a-4783-94da-a7080ad5e95e","local_time":"20210213094157","is_ascension_mode":true,"campfire_choices":[{"data":"Pommel Strike","floor":6.0,"key":"SMITH"},{"data":"Shrug It Off","floor":8.0,"key":"SMITH"},{"data":"Shrug It Off","floor":15.0,"key":"SMITH"},{"floor":23.0,"key":"REST"},{"data":"Rupture","floor":32,"key":"SMITH"}],"circlet_count":0,"master_deck":["Strike_R","Strike_R","Strike_R","Strike_R","Strike_R","Defend_R","Defend_R","Bash","Offering+1","Shrug It Off+1","Pommel Strike+1","Juggernaut","Shrug It Off+1","Rage","Bloodletting","Dual Wield+1","Fiend Fire","Pommel Strike","Intimidate","Rupture+1","Flame Barrier"],"relics":["Burning Blood","Red Skull","StrikeDummy","Paper Frog","Shuriken","Oddly Smooth Stone","Omamori","SacredBark","Pear","Meat on the Bone"],"acts_visited":["Exordium","TheCity"],"potions_floor_usage":[24,29],"damage_taken":[{"damage":0.0,"enemies":"2 Louse","floor":1.0,"turns":3.0},{"damage":5.0,"enemies":"Cultist","floor":2.0,"turns":4.0},{"damage":4.0,"enemies":"Small Slimes","floor":5.0,"turns":4.0},{"damage":15.0,"enemies":"3 Sentries","floor":7.0,"turns":6.0},{"damage":22.0,"enemies":"Lagavulin Event","floor":11.0,"turns":5.0},{"damage":6.0,"enemies":"Gremlin Nob","floor":14.0,"turns":2.0},{"damage":44.0,"enemies":"Slime Boss","floor":16.0,"turns":4.0},{"damage":23.0,"enemies":"3 Byrds","floor":18.0,"turns":7.0},{"damage":22.0,"enemies":"Spheric Guardian","floor":19.0,"turns":4.0},{"damage":18,"enemies":"Slavers","floor":24,"turns":4},{"damage":9,"enemies":"Shelled Parasite and Fungi","floor":25,"turns":3},{"damage":24,"enemies":"Snake Plant","floor":27,"turns":4},{"damage":9,"enemies":"Snecko","floor":28,"turns":4},{"damage":17,"enemies":"Centurion and Healer","floor":29,"turns":3},{"damage":9,"enemies":"Chosen and Byrds","floor":30,"turns":3},{"damage":56,"enemies":"Collector","floor":33,"turns":5}],"seed_played":"7501269619202377228","potions_obtained":[{"floor":1.0,"key":"ColorlessPotion"},{"floor":2.0,"key":"GamblersBrew"},{"floor":7.0,"key":"Weak Potion"},{"floor":19.0,"key":"Strength Potion"},{"floor":27,"key":"Energy Potion"},{"floor":30,"key":"SmokeBomb"}],"is_trial":false,"path_per_floor":["M","M","?","?","M","R","E","R","T","?","?","$","?","E","R","B",null,"M","M","?","$","?","R","E","M","T","M","M","M","M","$","R","B"],"character_chosen":"IRONCLAD","items_purchased":["Shrug It Off","Dual Wield","Rupture","Flame Barrier"],"campfire_rested":1,"item_purchase_floors":[12,21,31,31],"current_hp_per_floor":[80,80,80,80,80,80,71,71,71,68,52,52,72,72,72,34,80,63,47,47,47,47,71,69,66,66,60,57,58,55,55,55,0,0],"gold":203,"neow_bonus":"ONE_RANDOM_RARE_CARD","is_daily":false,"chose_seed":false,"campfire_upgraded":4,"win_rate":0.0,"timestamp":1613205717,"path_taken":["M","M","?","?","M","R","E","R","T","?","?","$","?","E","R","BOSS","M","M","?","$","?","R","E","M","T","M","M","M","?","$","R","BOSS"],"items_purchased_type":["Card","Card","Card","Card"],"build_version":"2020-12-22","purchased_purges":3,"victory":false,"max_hp_per_floor":[80,80,80,80,80,80,80,80,80,80,80,80,80,80,80,80,80,80,80,80,80,80,80,90,90,90,90,90,90,90,90,90,90,90],"relic_stats":{"counters":[16,65],"Shuriken":[17],"obtain_stats":[{"Pear":24,"Shuriken":10,"SacredBark":17,"Oddly Smooth Stone":11,"Omamori":14,"StrikeDummy":7,"Burning Blood":0,"Red Skull":4,"Paper Frog":9,"Meat on the Bone":26},{"Pear":10,"Shuriken":4,"SacredBark":7,"Oddly Smooth Stone":5,"Omamori":6,"StrikeDummy":4,"Burning Blood":0,"Red Skull":2,"Paper Frog":4,"Meat on the Bone":11},{"Pear":43,"Shuriken":17,"SacredBark":28,"Oddly Smooth Stone":22,"Omamori":24,"StrikeDummy":17,"Burning Blood":0,"Red Skull":7,"Paper Frog":17,"Meat on the Bone":46}],"Burning Blood":81,"Meat on the Bone":24},"card_choices":[{"not_picked":["Clothesline","Armaments"],"picked":"Shrug It Off","floor":1.0},{"not_picked":["Heavy Blade","Burning Pact"],"picked":"Pommel Strike","floor":2.0},{"not_picked":["Infernal Blade","Flex","Sword Boomerang"],"picked":"SKIP","floor":5.0},{"not_picked":["Thunderclap","Iron Wave","Intimidate"],"picked":"SKIP","floor":7.0},{"not_picked":["Perfected Strike","Wild Strike"],"picked":"Juggernaut","floor":11.0},{"not_picked":["Cleave","Sword Boomerang"],"picked":"Rage","floor":14.0},{"not_picked":["Clash","Fire Breathing","Clothesline"],"picked":"SKIP","floor":18.0},{"not_picked":["Disarm+1","Warcry"],"picked":"Bloodletting","floor":19.0},{"not_picked":["Rampage","Thunderclap"],"picked":"Fiend Fire","floor":24},{"not_picked":["Iron Wave","Perfected Strike","True Grit"],"picked":"SKIP","floor":25},{"not_picked":["Cleave","Twin Strike"],"picked":"Pommel Strike","floor":27},{"not_picked":["Body Slam","Sever Soul","Twin Strike"],"picked":"SKIP","floor":28},{"not_picked":["Entrench","Body Slam"],"picked":"Intimidate","floor":29},{"not_picked":["Dual Wield","Headbutt+1","Flex"],"picked":"SKIP","floor":30}],"player_experience":357369,"relics_obtained":[{"floor":7.0,"key":"StrikeDummy"},{"floor":9.0,"key":"Paper Frog"},{"floor":11.0,"key":"Oddly Smooth Stone"},{"floor":14.0,"key":"Omamori"},{"floor":24,"key":"Pear"},{"floor":26,"key":"Meat on the Bone"}],"event_choices":[{"damage_healed":0.0,"max_hp_gain":0.0,"max_hp_loss":0.0,"gold_gain":0.0,"event_name":"Living Wall","player_choice":"Grow","floor":3.0,"gold_loss":0.0,"damage_taken":0.0,"cards_upgraded":["Offering"]},{"damage_healed":0.0,"max_hp_gain":0.0,"max_hp_loss":0.0,"gold_gain":0.0,"event_name":"Big Fish","player_choice":"Box","floor":4.0,"gold_loss":0.0,"damage_taken":0.0,"relics_obtained":["Red Skull"],"cards_obtained":["Regret"]},{"damage_healed":0.0,"max_hp_gain":0.0,"max_hp_loss":0.0,"gold_gain":0.0,"event_name":"Scrap Ooze","player_choice":"Success","floor":10.0,"gold_loss":0.0,"damage_taken":3.0,"relics_obtained":["Shuriken"]},{"damage_healed":0.0,"max_hp_gain":0.0,"max_hp_loss":0.0,"gold_gain":0.0,"event_name":"Dead Adventurer","player_choice":"Searched \u00272\u0027 times","floor":11.0,"gold_loss":0.0,"damage_taken":0.0},{"damage_healed":20.0,"max_hp_gain":0.0,"max_hp_loss":0.0,"gold_gain":0.0,"event_name":"The Cleric","player_choice":"Healed","floor":13.0,"gold_loss":35.0,"damage_taken":0.0},{"damage_healed":0.0,"max_hp_gain":0.0,"max_hp_loss":0.0,"gold_gain":99.0,"event_name":"Nest","player_choice":"Stole From Cult","floor":20.0,"gold_loss":0.0,"damage_taken":0.0},{"damage_healed":0.0,"max_hp_gain":0.0,"max_hp_loss":0.0,"gold_gain":0.0,"event_name":"Upgrade Shrine","player_choice":"Upgraded","floor":22.0,"gold_loss":0.0,"damage_taken":0.0,"cards_upgraded":["Dual Wield"]}],"is_beta":false,"boss_relics":[{"not_picked":["Sozu","Fusion Hammer"],"picked":"SacredBark"}],"items_purged_floors":[12,21,31],"is_endless":false,"potions_floor_spawned":[1,2,7,19,27,30],"killed_by":"Collector","ascension_level":4}}