{"host":"5dk97cf2ubw2v967","time":1613227127,"event":{"mods":["AlwaysNeverKeys","BaseMod","Better Altar","Better Vampires","Block Reminder","Card Filter","Colored Powertips","Downfall","Googly Eyes","Highlight Path","Minty Spire (QoL Compilation)","Permanent Neow","Potion Indicator Mod","Quick Restart","Relic Filter","Relic Stats","Say the Spire","Spicy Shops","StSLib","Waifu the Spire","everything is the same but u backflip on backflip"],"gold_per_floor":[119,129,139,150,163,163,192,192,270,230,260,280,280,315,315,393,393,407,385,385,385,385],"floor_reached":21,"language":"ENG","playtime":742,"items_purged":[],"score":477,"play_id":"9d0f3e92-5721-42d7-8394-ae01ddd1e72b","local_time":"20210213143847","is_ascension_mode":true,"campfire_choices":[{"data":"Flex","floor":6.0,"key":"SMITH"},{"data":"Flex","floor":8,"key":"SMITH"},{"data":"Demon Form","floor":15,"key":"SMITH"}],"circlet_count":0,"master_deck":["AscendersBane","Defend_R","Defend_R","Defend_R","Defend_R","Bash","Limit Break","Heavy Blade","Metallicize+1","Sword Boomerang","Flex+1","Flex+1","Bloodletting","Shrug It Off","Demon Form+1","Limit Break","Sentinel+1","Heavy Blade","Bite","Bite","Bite","Bite","Bite"],"relics":["Black Blood","Centennial Puzzle","Eternal Feather","Omamori"],"acts_visited":["Exordium","TheCity"],"potions_floor_usage":[7,11,14,19],"damage_taken":[{"damage":1.0,"enemies":"Cultist","floor":1.0,"turns":3.0},{"damage":8.0,"enemies":"2 Louse","floor":2.0,"turns":3.0},{"damage":7.0,"enemies":"Jaw Worm","floor":3.0,"turns":5.0},{"damage":14.0,"enemies":"Red Slaver","floor":4.0,"turns":5.0},{"damage":0.0,"enemies":"Large Slime","floor":5.0,"turns":4.0},{"damage":11,"enemies":"Gremlin Nob","floor":7,"turns":3},{"damage":18,"enemies":"3 Sentries","floor":11,"turns":9},{"damage":6,"enemies":"Exordium Wildlife","floor":12,"turns":2},{"damage":6,"enemies":"Lagavulin","floor":14,"turns":4},{"damage":41,"enemies":"Slime Boss","floor":16,"turns":7},{"damage":47,"enemies":"3 Byrds","floor":18,"turns":7},{"damage":8,"enemies":"2 Thieves","floor":19,"turns":5},{"damage":45,"enemies":"Snake Plant","floor":21,"turns":4}],"seed_played":"-2762637787634641590","potions_obtained":[{"floor":3.0,"key":"Fire Potion"},{"floor":4.0,"key":"Slimebound:ThreeZeroPotion"},{"floor":10,"key":"DistilledChaos"},{"floor":10,"key":"Ancient Potion"},{"floor":12,"key":"Slimebound:ThreeZeroPotion"},{"floor":18,"key":"Dexterity Potion"}],"is_trial":false,"path_per_floor":["M","M","M","M","M","R","E","R","T","?","E","M","?","E","R","B",null,"M","M","?","M"],"character_chosen":"IRONCLAD","items_purchased":[],"campfire_rested":0,"item_purchase_floors":[],"current_hp_per_floor":[55,53,52,44,50,50,45,45,45,45,33,33,33,33,45,12,59,26,32,32,0,0],"gold":385,"neow_bonus":"THREE_RARE_CARDS","is_daily":false,"chose_seed":false,"campfire_upgraded":3,"win_rate":0.0,"timestamp":1613227127,"path_taken":["M","?","M","M","M","R","E","R","T","?","E","?","?","E","R","BOSS","M","?","?","M"],"items_purchased_type":[],"build_version":"2020-12-22","purchased_purges":0,"victory":false,"max_hp_per_floor":[75,75,75,75,75,75,75,75,75,75,75,75,75,75,75,75,75,75,75,75,75,75],"relic_stats":{"Centennial Puzzle":[21],"counters":[13,61],"Black Blood":84,"Eternal Feather":12,"obtain_stats":[{"Blood Vial":14,"Centennial Puzzle":7,"Black Blood":17,"Eternal Feather":9,"Omamori":11,"Burning Blood":0},{"Blood Vial":9,"Centennial Puzzle":6,"Black Blood":10,"Eternal Feather":6,"Omamori":7,"Burning Blood":0},{"Blood Vial":38,"Centennial Puzzle":23,"Black Blood":45,"Eternal Feather":23,"Omamori":32,"Burning Blood":0}]},"card_choices":[{"not_picked":["Demon Form","Berserk"],"picked":"Limit Break","floor":0.0},{"not_picked":["Warcry","Carnage"],"picked":"Heavy Blade","floor":1.0},{"not_picked":["Evolve","Havoc"],"picked":"Metallicize","floor":2.0},{"not_picked":["Body Slam","Thunderclap"],"picked":"Sword Boomerang","floor":3.0},{"not_picked":["Thunderclap","Havoc"],"picked":"Flex","floor":4.0},{"not_picked":["True Grit","Cleave","Headbutt"],"picked":"SKIP","floor":5.0},{"not_picked":["Warcry","Armaments"],"picked":"Flex","floor":7},{"not_picked":["Heavy Blade","Brutality"],"picked":"Bloodletting","floor":11},{"not_picked":["Clash","Entrench"],"picked":"Shrug It Off","floor":12},{"not_picked":["Feed","Pummel"],"picked":"Demon Form","floor":14},{"not_picked":["Barricade","Reaper"],"picked":"Limit Break","floor":16},{"not_picked":["True Grit","Spot Weakness"],"picked":"Sentinel+1","floor":18},{"not_picked":["Body Slam","Twin Strike"],"picked":"Heavy Blade","floor":19}],"player_experience":1312886,"relics_obtained":[{"floor":7,"key":"Centennial Puzzle"},{"floor":9,"key":"Eternal Feather"},{"floor":11,"key":"Omamori"},{"floor":14,"key":"Blood Vial"}],"event_choices":[{"damage_healed":0,"gold_gain":0,"player_choice":"Bought 3 Potions","damage_taken":0,"max_hp_gain":0,"max_hp_loss":0,"event_name":"The Woman in Blue","floor":10,"gold_loss":0},{"damage_healed":0,"gold_gain":0,"player_choice":"Upgraded","damage_taken":0,"max_hp_gain":0,"max_hp_loss":0,"event_name":"Upgrade Shrine","floor":13,"gold_loss":0,"cards_upgraded":["Metallicize"]},{"damage_healed":0,"gold_gain":0,"player_choice":"Became a vampire (Vial)","damage_taken":0,"max_hp_gain":0,"max_hp_loss":0,"event_name":"Vampires","floor":20,"relics_lost":["Blood Vial"],"gold_loss":0,"cards_obtained":["Bite","Bite","Bite","Bite","Bite"]}],"is_beta":false,"boss_relics":[{"not_picked":["Busted Crown","bronze:MakeshiftBattery"],"picked":"Black Blood"}],"items_purged_floors":[],"is_endless":false,"potions_floor_spawned":[3,4,12,18],"killed_by":"Snake Plant","ascension_level":20}}