{"host":"t7mx8yfj1no5p62f","time":1613238102,"event":{"mods":["BaseMod","Colored Map","Colored Powertips","Curses Come First","Minty Spire (QoL Compilation)","Relic Stats","StSLib"],"gold_per_floor":[111,121,196,216,20,55,75,90,90,15,15,15,48,60,60,134,134,153,170,170,182,182,182,200,200,269,289,299,299,299],"floor_reached":29,"language":"ENG","playtime":854,"items_purged":["Strike_R"],"score":578,"play_id":"242ce240-a952-4edb-8f5f-41cdc9dd0a71","local_time":"20210213124142","is_ascension_mode":true,"campfire_choices":[{"floor":11,"key":"REST"},{"data":"Inflame","floor":15,"key":"SMITH"},{"floor":23,"key":"REST"},{"floor":25,"key":"REST"}],"circlet_count":0,"master_deck":["AscendersBane","Strike_R","Strike_R","Strike_R","Strike_R","Defend_R","Defend_R","Defend_R","Defend_R","Bash","Inflame+1","Perfected Strike","Sword Boomerang","Sword Boomerang","Evolve","Twin Strike","Second Wind","Offering","Intimidate+1","Shrug It Off+1","True Grit"],"relics":["SlaversCollar","Vajra","InkBottle","Turnip","Question Card","FossilizedHelix","Mark of Pain","FaceOfCleric","Self Forming Clay"],"acts_visited":["Exordium","TheCity"],"potions_floor_usage":[6,8,19,21,29],"damage_taken":[{"damage":7.0,"enemies":"Small Slimes","floor":1.0,"turns":4.0},{"damage":2.0,"enemies":"Cultist","floor":2.0,"turns":4.0},{"damage":7.0,"enemies":"Jaw Worm","floor":4.0,"turns":3.0},{"damage":15,"enemies":"3 Sentries","floor":6,"turns":5},{"damage":11,"enemies":"3 Louse","floor":7,"turns":4},{"damage":12,"enemies":"Gremlin Gang","floor":8,"turns":3},{"damage":8,"enemies":"Gremlin Nob","floor":13,"turns":3},{"damage":0,"enemies":"Red Slaver","floor":14,"turns":2},{"damage":0,"enemies":"Slime Boss","floor":16,"turns":6},{"damage":9,"enemies":"Chosen","floor":18,"turns":4},{"damage":0,"enemies":"Spheric Guardian","floor":19,"turns":3},{"damage":28,"enemies":"Shelled Parasite and Fungi","floor":21,"turns":5},{"damage":17,"enemies":"Snecko","floor":24,"turns":6},{"damage":12,"enemies":"Centurion and Healer","floor":27,"turns":6},{"damage":17,"enemies":"Sentry and Sphere","floor":28,"turns":4},{"damage":32,"enemies":"Slavers","floor":29,"turns":3}],"seed_played":"-6571543257361054905","potions_obtained":[{"floor":1.0,"key":"Fruit Juice"},{"floor":2.0,"key":"Strength Potion"},{"floor":7,"key":"BlessingOfTheForge"},{"floor":14,"key":"HeartOfIron"},{"floor":16,"key":"SkillPotion"},{"floor":28,"key":"BloodPotion"}],"is_trial":false,"path_per_floor":["M","M","?","M","$","E","M","M","T","$","R","?","E","M","R","B",null,"M","M","?","M","?","R","M","R","T","M","M","E"],"character_chosen":"IRONCLAD","items_purchased":["Vajra","Sword Boomerang"],"campfire_rested":3,"item_purchase_floors":[5,5],"current_hp_per_floor":[61,59,48,41,46,31,20,8,8,8,32,32,24,24,24,24,66,57,57,34,6,6,31,15,40,40,29,13,0,0],"gold":299,"neow_bonus":"BOSS_RELIC","is_daily":false,"chose_seed":false,"campfire_upgraded":1,"win_rate":0.0,"timestamp":1613238102,"path_taken":["M","M","?","M","$","E","M","M","T","$","R","?","E","?","R","BOSS","M","M","?","M","?","R","M","R","T","M","M","E"],"items_purchased_type":["Relic","Card"],"build_version":"2020-12-22","purchased_purges":1,"victory":false,"max_hp_per_floor":[75,75,75,75,80,80,80,80,80,80,80,80,80,80,80,80,80,80,80,85,85,85,85,86,86,86,87,88,88,88],"relic_stats":{"FaceOfCleric":3,"counters":[16,65],"Self Forming Clay":[15],"Turnip":[19],"Question Card":9,"obtain_stats":[{"SlaversCollar":0,"FaceOfCleric":22,"Self Forming Clay":26,"Vajra":5,"Turnip":9,"Mark of Pain":17,"Question Card":12,"Burning Blood":0,"InkBottle":6,"FossilizedHelix":13},{"SlaversCollar":0,"FaceOfCleric":12,"Self Forming Clay":13,"Vajra":3,"Turnip":6,"Mark of Pain":9,"Question Card":6,"Burning Blood":0,"InkBottle":4,"FossilizedHelix":7},{"SlaversCollar":0,"FaceOfCleric":46,"Self Forming Clay":52,"Vajra":11,"Turnip":23,"Mark of Pain":34,"Question Card":23,"Burning Blood":0,"InkBottle":16,"FossilizedHelix":26}],"InkBottle":[14]},"card_choices":[{"not_picked":["Spot Weakness","Combust"],"picked":"Inflame","floor":1.0},{"not_picked":["Thunderclap","Flex"],"picked":"Perfected Strike","floor":2.0},{"not_picked":["Warcry","Iron Wave"],"picked":"Sword Boomerang","floor":4.0},{"not_picked":["Heavy Blade","Clothesline","Burning Pact"],"picked":"SKIP","floor":6},{"not_picked":["Entrench","Cleave"],"picked":"Rage","floor":7},{"not_picked":["Brutality","Wild Strike"],"picked":"Evolve","floor":8},{"not_picked":["Wild Strike","Exhume","Clothesline"],"picked":"Twin Strike","floor":13},{"not_picked":["Clash","Pommel Strike","Sever Soul"],"picked":"Second Wind","floor":14},{"not_picked":["Bludgeon","Exhume","Demon Form"],"picked":"Offering","floor":16},{"not_picked":["Wild Strike+1","Heavy Blade","Dropkick"],"picked":"Intimidate+1","floor":18},{"not_picked":["Dropkick","Clash+1","Metallicize","Twin Strike"],"picked":"SKIP","floor":19},{"not_picked":["Anger","Warcry","Sword Boomerang","Entrench"],"picked":"SKIP","floor":21},{"not_picked":["Rage","Clothesline","Immolate"],"picked":"Shrug It Off+1","floor":24},{"not_picked":["Intimidate","Headbutt","Uppercut","Clash+1"],"picked":"SKIP","floor":27},{"not_picked":["Havoc","Searing Blow","Clash"],"picked":"True Grit","floor":28}],"player_experience":1961617,"relics_obtained":[{"floor":6,"key":"InkBottle"},{"floor":9,"key":"Turnip"},{"floor":13,"key":"FossilizedHelix"},{"floor":26,"key":"Self Forming Clay"}],"event_choices":[{"damage_healed":0.0,"max_hp_gain":0.0,"max_hp_loss":0.0,"gold_gain":75.0,"event_name":"World of Goop","player_choice":"Gather Gold","floor":3.0,"gold_loss":0.0,"damage_taken":11.0},{"cards_removed":["Rage"],"damage_healed":0,"gold_gain":0,"player_choice":"Gave Card","damage_taken":0,"relics_obtained":["Question Card"],"max_hp_gain":0,"max_hp_loss":0,"event_name":"WeMeetAgain","floor":12,"gold_loss":0},{"damage_healed":0,"gold_gain":0,"player_choice":"Shed Blood","damage_taken":28,"max_hp_gain":5,"max_hp_loss":0,"event_name":"Forgotten Altar","floor":20,"gold_loss":0},{"damage_healed":0,"gold_gain":0,"player_choice":"Trade","damage_taken":0,"relics_obtained":["FaceOfCleric"],"max_hp_gain":0,"max_hp_loss":0,"event_name":"FaceTrader","floor":22,"gold_loss":0}],"is_beta":false,"boss_relics":[{"not_picked":["Pandora\u0027s Box","Cursed Key"],"picked":"Mark of Pain"}],"items_purged_floors":[10],"is_endless":false,"potions_floor_spawned":[1,2,7,14,16,28],"killed_by":"Slavers","ascension_level":20}}