{"host":"d6wf115srx44kjxl","time":1613198934,"event":{"mods":["BaseMod","Minty Spire (QoL Compilation)","Quick Restart"],"gold_per_floor":[116,191,209,209,209,238,238,265,292,322,336,336,349,361,361,456,456,467,467,392,392,412,412,440,452,527,27,27,58,84,9,9,112,112,122,122,142,224,224,224,259,274,327,337,142,152,9,36,36,36],"floor_reached":51,"language":"ENG","playtime":2240,"items_purged":["Panacea","Strike_R"],"score":1317,"play_id":"883e8caa-6883-43d7-bcbc-2dffc82cc6f2","local_time":"20210213174854","is_ascension_mode":true,"campfire_choices":[{"floor":7,"key":"REST"},{"data":"Infernal Blade","floor":15,"key":"SMITH"},{"data":"Heavy Blade","floor":23,"key":"SMITH"},{"data":"Flame Barrier","floor":32,"key":"SMITH"},{"floor":40,"key":"RECALL"},{"floor":49,"key":"REST"}],"circlet_count":0,"master_deck":["AscendersBane","Strike_R","Defend_R","Defend_R","Defend_R","Bash","Uppercut","Disarm","Infernal Blade+1","Offering","Reaper","Heavy Blade+1","Shockwave","Battle Trance","Demon Form+1","True Grit+1","Shrug It Off","Flame Barrier+1","Secret Technique","Whirlwind+1","Brutality+1","Double Tap","Clothesline+1","Fiend Fire","Heavy Blade+1","Bloodletting+1","Dramatic Entrance","Spot Weakness","Fire Breathing+1"],"relics":["Burning Blood","Vajra","Ancient Tea Set","Frozen Egg 2","Anchor","GremlinMask","Snecko Eye","Enchiridion","Toy Ornithopter","Darkstone Periapt","Bronze Scales","Bottled Lightning","Blood Vial","Red Mask","Fusion Hammer","Oddly Smooth Stone","Sundial","Mummified Hand","Lantern","Strange Spoon","HornCleat"],"acts_visited":["Exordium","TheCity","TheBeyond"],"potions_floor_usage":[8,8,25,30,50,50],"damage_taken":[{"damage":8,"enemies":"2 Louse","floor":1,"turns":4},{"damage":2,"enemies":"Jaw Worm","floor":3,"turns":4},{"damage":30,"enemies":"Gremlin Nob","floor":6,"turns":5},{"damage":7,"enemies":"3 Sentries","floor":8,"turns":6},{"damage":4,"enemies":"Small Slimes","floor":11,"turns":4},{"damage":14,"enemies":"Exordium Thugs","floor":13,"turns":4},{"damage":8,"enemies":"2 Fungi Beasts","floor":14,"turns":3},{"damage":6,"enemies":"Slime Boss","floor":16,"turns":9},{"damage":27,"enemies":"Spheric Guardian","floor":18,"turns":4},{"damage":2,"enemies":"3 Byrds","floor":22,"turns":3},{"damage":1,"enemies":"Book of Stabbing","floor":24,"turns":3},{"damage":12,"enemies":"Snecko","floor":25,"turns":4},{"damage":17,"enemies":"Slavers","floor":29,"turns":3},{"damage":12,"enemies":"Masked Bandits","floor":30,"turns":3},{"damage":19,"enemies":"Champ","floor":33,"turns":7},{"damage":33,"enemies":"3 Shapes","floor":35,"turns":2},{"damage":3,"enemies":"3 Darklings","floor":37,"turns":3},{"damage":45,"enemies":"Nemesis","floor":41,"turns":7},{"damage":8,"enemies":"Maw","floor":42,"turns":5},{"damage":15,"enemies":"Sphere and 2 Shapes","floor":44,"turns":3},{"damage":7,"enemies":"3 Darklings","floor":46,"turns":2},{"damage":12,"enemies":"Giant Head","floor":48,"turns":4},{"damage":65,"enemies":"Donu and Deca","floor":50,"turns":4}],"seed_played":"-7575946737864398423","potions_obtained":[{"floor":3,"key":"SkillPotion"},{"floor":6,"key":"Dexterity Potion"},{"floor":11,"key":"Weak Potion"},{"floor":14,"key":"LiquidMemories"},{"floor":25,"key":"Energy Potion"},{"floor":29,"key":"Fruit Juice"},{"floor":35,"key":"Regen Potion"},{"floor":48,"key":"DuplicationPotion"}],"is_trial":false,"path_per_floor":["M","?","M","?","?","E","R","E","T","?","M","?","M","M","R","B",null,"M","?","?","?","M","R","E","M","T","$","T","E","?","$","R","B",null,"M","?","M","T","?","R","E","M","T","M","$","M","$","E","R","B",null],"character_chosen":"IRONCLAD","items_purchased":["Flame Barrier","Bronze Scales","Secret Technique","Panacea","Dramatic Entrance","Strange Spoon"],"campfire_rested":2,"item_purchase_floors":[27,27,27,27,45,47],"current_hp_per_floor":[49,38,42,39,39,15,39,38,38,38,50,50,52,56,56,56,74,57,41,41,41,63,63,80,80,80,80,80,69,85,85,85,85,85,58,58,63,63,63,63,51,51,51,50,50,62,62,79,85,41],"gold":36,"neow_bonus":"REMOVE_TWO","is_daily":false,"chose_seed":false,"campfire_upgraded":3,"win_rate":0.0,"timestamp":1613198934,"path_taken":["M","?","M","?","?","E","R","E","T","?","M","?","?","M","R","BOSS","M","?","?","?","M","R","E","M","T","$","?","E","?","$","R","BOSS","M","?","?","?","?","R","E","M","T","M","$","M","?","E","R","BOSS"],"items_purchased_type":["Card","Relic","Card","Card","Card","Relic"],"build_version":"2020-12-22","purchased_purges":2,"victory":true,"max_hp_per_floor":[80,80,80,80,80,80,80,80,80,80,80,80,80,80,80,80,80,80,80,80,80,80,80,80,80,80,80,80,80,85,85,85,85,85,85,85,85,85,85,85,85,85,85,85,85,85,85,85,85,85],"card_choices":[{"not_picked":["Iron Wave","Havoc"],"picked":"Uppercut","floor":1},{"not_picked":["Headbutt","Brutality"],"picked":"Disarm","floor":3},{"not_picked":["Sword Boomerang","Power Through"],"picked":"Offering","floor":6},{"not_picked":["Pommel Strike","Feel No Pain+1"],"picked":"Reaper","floor":8},{"not_picked":["Sword Boomerang","Feel No Pain+1"],"picked":"Heavy Blade","floor":11},{"not_picked":["Wild Strike","Twin Strike"],"picked":"Shockwave","floor":13},{"not_picked":["Clash","Havoc"],"picked":"Battle Trance","floor":14},{"not_picked":["Brutality+1","Impervious"],"picked":"Demon Form+1","floor":16},{"not_picked":["Perfected Strike","Battle Trance"],"picked":"True Grit+1","floor":18},{"not_picked":["Sword Boomerang","Flex","Wild Strike"],"picked":"SKIP","floor":22},{"not_picked":["Dropkick","Perfected Strike"],"picked":"Whirlwind","floor":24},{"not_picked":["Perfected Strike","Clothesline"],"picked":"Shrug It Off","floor":25},{"not_picked":["Blood for Blood","Burning Pact"],"picked":"Whirlwind+1","floor":29},{"not_picked":["Flex","Shockwave+1"],"picked":"Brutality+1","floor":30},{"not_picked":["Barricade+1","Fiend Fire"],"picked":"Double Tap","floor":33},{"not_picked":["Cleave+1","Headbutt","Sword Boomerang"],"picked":"SKIP","floor":35},{"not_picked":["Clash","Twin Strike+1"],"picked":"Clothesline+1","floor":37},{"not_picked":["Armaments","Havoc+1"],"picked":"Fiend Fire","floor":41},{"not_picked":["Thunderclap+1","Pommel Strike+1"],"picked":"Heavy Blade+1","floor":42},{"not_picked":["Sword Boomerang+1","Reckless Charge+1"],"picked":"Bloodletting+1","floor":44},{"not_picked":["Warcry+1","Flex"],"picked":"Spot Weakness","floor":46},{"not_picked":["Anger+1","Twin Strike+1"],"picked":"Fire Breathing+1","floor":48}],"player_experience":481488,"relics_obtained":[{"floor":6,"key":"Ancient Tea Set"},{"floor":8,"key":"Frozen Egg 2"},{"floor":9,"key":"Anchor"},{"floor":19,"key":"Enchiridion"},{"floor":24,"key":"Toy Ornithopter"},{"floor":26,"key":"Darkstone Periapt"},{"floor":28,"key":"Bottled Lightning"},{"floor":29,"key":"Blood Vial"},{"floor":30,"key":"Red Mask"},{"floor":38,"key":"Sundial"},{"floor":41,"key":"Mummified Hand"},{"floor":43,"key":"Lantern"},{"floor":48,"key":"HornCleat"}],"event_choices":[{"damage_healed":0,"gold_gain":75,"player_choice":"Gather Gold","damage_taken":11,"max_hp_gain":0,"max_hp_loss":0,"event_name":"World of Goop","floor":2,"gold_loss":0},{"damage_healed":0,"gold_gain":0,"player_choice":"Success","damage_taken":3,"relics_obtained":["Vajra"],"max_hp_gain":0,"max_hp_loss":0,"event_name":"Scrap Ooze","floor":4,"gold_loss":0},{"damage_healed":0,"gold_gain":0,"cards_transformed":["Strike_R"],"player_choice":"Change","damage_taken":0,"max_hp_gain":0,"max_hp_loss":0,"event_name":"Living Wall","floor":5,"gold_loss":0,"cards_obtained":["Infernal Blade"]},{"damage_healed":0,"gold_gain":30,"player_choice":"Searched \u00272\u0027 times","damage_taken":0,"max_hp_gain":0,"max_hp_loss":0,"event_name":"Dead Adventurer","floor":10,"gold_loss":0},{"damage_healed":0,"gold_gain":0,"player_choice":"Trade","damage_taken":0,"relics_obtained":["GremlinMask"],"max_hp_gain":0,"max_hp_loss":0,"event_name":"FaceTrader","floor":12,"gold_loss":0},{"damage_healed":0,"gold_gain":0,"player_choice":"Obtained Book","damage_taken":16,"max_hp_gain":0,"max_hp_loss":0,"event_name":"Cursed Tome","floor":19,"gold_loss":0},{"cards_removed":["Strike_R"],"damage_healed":0,"gold_gain":0,"player_choice":"Gave Gold","damage_taken":0,"max_hp_gain":0,"max_hp_loss":0,"event_name":"Beggar","floor":20,"gold_loss":75},{"damage_healed":0,"gold_gain":0,"player_choice":"Ignored","damage_taken":0,"max_hp_gain":0,"max_hp_loss":0,"event_name":"Ghosts","floor":21,"gold_loss":0},{"damage_healed":0,"gold_gain":0,"player_choice":"Fought Bandits","damage_taken":0,"max_hp_gain":0,"max_hp_loss":0,"event_name":"Masked Bandits","floor":30,"gold_loss":0},{"damage_healed":0,"gold_gain":0,"player_choice":"Gave Potion","damage_taken":0,"relics_obtained":["Oddly Smooth Stone"],"max_hp_gain":0,"max_hp_loss":0,"event_name":"WeMeetAgain","floor":36,"gold_loss":0},{"cards_removed":["Whirlwind"],"damage_healed":0,"gold_gain":0,"player_choice":"Removed Attack","damage_taken":0,"max_hp_gain":0,"max_hp_loss":0,"event_name":"Falling","floor":39,"gold_loss":0}],"is_beta":false,"boss_relics":[{"not_picked":["Sozu","Empty Cage"],"picked":"Snecko Eye"},{"not_picked":["Tiny House","Runic Pyramid"],"picked":"Fusion Hammer"}],"items_purged_floors":[31,45],"is_endless":false,"potions_floor_spawned":[3,6,11,14,18,25,29,35,48],"ascension_level":11}}