{"host":"bvp2uifzy1c463d9","time":1613242689,"event":{"mods":["AchievementEnabler","BaseMod","Better Note","Block Reminder","Bossed Relics","ChefMod","Colored Map","Colored Powertips","Energized Spire","Hermit","Highlight Path","Hubris","Infinite Spire","Minty Spire (QoL Compilation)","Random Character Button","Relic Sorter","Relic Stats","Reliquary","Replay The Spire","Robot Space Explorer","StSLib","The Blue Laboratory","The Jungle","The Servant 0.9.4","Wandering Minibosses"],"gold_per_floor":[113,113,35,53,53,53,53,85,135,167,167,191,63,82,82,177,177,202,225,20,51,51,51,56,56],"floor_reached":24,"language":"ENG","playtime":1110,"items_purged":["hermit:Strike_Hermit","hermit:Strike_Hermit"],"score":248,"play_id":"dff06d93-da13-46f1-8297-b6d14248f9ef","local_time":"20210213125809","is_ascension_mode":true,"campfire_choices":[{"data":"hermit:Misfire","floor":6,"key":"SMITH"},{"data":"hermit:Covet","floor":11,"key":"SMITH"},{"floor":23,"key":"REST"}],"circlet_count":0,"master_deck":["hermit:Strike_Hermit","hermit:Defend_Hermit","hermit:Defend_Hermit","hermit:Defend_Hermit","hermit:Defend_Hermit","hermit:Snapshot","hermit:Covet+1","hermit:Misfire+1","hermit:Spite+1","hermit:Scavenge","hermit:DeadMansHand","hermit:LowProfile","hermit:ShadowCloak","hermit:Feint","hermit:FromBeyond","hermit:SprayPray","hermit:Cheat","hermit:Cheat"],"relics":["hermit:Momento","NeowsBlessing","hubris:Icosahedron","Pen Nib","Smiling Mask","hubris:OldNail","Blood Vial","energizedSpire:OgreHead","Oddly Smooth Stone","Red Mask","hubris:Towel"],"acts_visited":["Exordium","TheCity"],"potions_floor_usage":[10,16,23],"damage_taken":[{"damage":0,"enemies":"2 Louse","floor":1,"turns":1},{"damage":0,"enemies":"Cultist","floor":4,"turns":1},{"damage":0,"enemies":"Lagavulin","floor":8,"turns":1},{"damage":14,"enemies":"Gremlin Nob","floor":10,"turns":4},{"damage":10,"enemies":"Small Slimes","floor":14,"turns":3},{"damage":48,"enemies":"Hexaghost","floor":16,"turns":9},{"damage":14,"enemies":"3 Byrds","floor":18,"turns":5},{"damage":4,"enemies":"Spheric Guardian","floor":19,"turns":5},{"damage":56,"enemies":"Masked Bandits","floor":21,"turns":6},{"damage":39,"enemies":"Centurion and Healer","floor":24,"turns":20}],"seed_played":"5645842219068685056","potions_obtained":[{"floor":1,"key":"Block Potion"},{"floor":4,"key":"Fruit Juice"},{"floor":8,"key":"blueLaboratory:NullPotion"},{"floor":10,"key":"FearPotion"},{"floor":18,"key":"blueLaboratory:AbyssPotion"}],"is_trial":false,"path_per_floor":["M","?","$","M","?","R","?","E","T","E","R","T","$","M","R_BF","B",null,"M","M","$","?","?","R","M"],"character_chosen":"HERMIT","items_purchased":["hermit:Spite","hermit:ShadowCloak","Oddly Smooth Stone"],"campfire_rested":1,"item_purchase_floors":[3,13,20],"current_hp_per_floor":[75,75,75,75,75,75,75,75,75,61,61,61,61,53,75,27,75,61,59,59,5,5,32,0,0],"gold":56,"neow_bonus":"THREE_ENEMY_KILL","is_daily":false,"chose_seed":false,"campfire_upgraded":2,"win_rate":0.0,"timestamp":1613242689,"path_taken":["M","?","?","?","?","R","?","E","T","E","R","?","$","M","R_BF","BOSS","M","M","$","?","?","R","M"],"items_purchased_type":["Card","Card","Relic"],"build_version":"2020-12-22","purchased_purges":2,"victory":false,"max_hp_per_floor":[75,75,75,75,75,75,75,75,75,75,75,75,75,75,75,75,75,75,75,75,75,75,80,80,80],"relic_stats":{"Blood Vial":8,"counters":[10,55],"Pen Nib":[8],"Smiling Mask":75,"obtain_stats":[{"Blood Vial":12,"hubris:Icosahedron":7,"NeowsBlessing":0,"Oddly Smooth Stone":20,"Pen Nib":8,"energizedSpire:OgreHead":17,"Red Mask":21,"hubris:Towel":22,"Smiling Mask":9,"hermit:Momento":0,"hubris:OldNail":10},{"Blood Vial":4,"hubris:Icosahedron":2,"NeowsBlessing":0,"Oddly Smooth Stone":8,"Pen Nib":3,"energizedSpire:OgreHead":6,"Red Mask":9,"hubris:Towel":9,"Smiling Mask":3,"hermit:Momento":0,"hubris:OldNail":4},{"Blood Vial":7,"hubris:Icosahedron":2,"NeowsBlessing":0,"Oddly Smooth Stone":29,"Pen Nib":3,"energizedSpire:OgreHead":19,"Red Mask":35,"hubris:Towel":35,"Smiling Mask":3,"hermit:Momento":0,"hubris:OldNail":7}]},"card_choices":[{"not_picked":["hermit:FullyLoaded","hermit:ItchyTrigger"],"picked":"hermit:Misfire","floor":1},{"not_picked":["hermit:Showdown","hermit:Feint"],"picked":"hermit:Scavenge","floor":4},{"not_picked":["hermit:BodyArmor","hermit:EyeOfTheStorm"],"picked":"hermit:DeadMansHand","floor":8},{"not_picked":["hermit:Dive","hermit:Spite"],"picked":"hermit:LowProfile","floor":10},{"not_picked":["hermit:TakeAim","hermit:Showdown"],"picked":"hermit:Feint","floor":14},{"not_picked":["hermit:HighNoon","hermit:Roughhouse"],"picked":"hermit:FromBeyond","floor":16},{"not_picked":["hermit:HighCaliber","hermit:CalledShot+1"],"picked":"hermit:SprayPray","floor":18},{"not_picked":["hermit:Ricochet","hermit:CalledShot"],"picked":"hermit:Cheat","floor":19},{"not_picked":["hermit:NoHoldsBarred+1","hermit:Maintenance"],"picked":"hermit:Cheat","floor":21}],"player_experience":338331,"relics_obtained":[{"floor":8,"key":"Pen Nib"},{"floor":9,"key":"Smiling Mask"},{"floor":10,"key":"hubris:OldNail"},{"floor":12,"key":"Blood Vial"},{"floor":21,"key":"Red Mask"}],"event_choices":[{"cards_removed":["hermit:Strike_Hermit"],"damage_healed":0,"gold_gain":0,"player_choice":"Purged","damage_taken":0,"max_hp_gain":0,"max_hp_loss":0,"event_name":"Purifier","floor":2,"gold_loss":0},{"damage_healed":0,"gold_gain":0,"player_choice":"Fought Bandits","damage_taken":0,"max_hp_gain":0,"max_hp_loss":0,"event_name":"Masked Bandits","floor":21,"gold_loss":0}],"is_beta":false,"boss_relics":[{"not_picked":["energizedSpire:StickyHand","reliquary:RedPaperclip"],"picked":"energizedSpire:OgreHead"}],"items_purged_floors":[13,20],"is_endless":false,"potions_floor_spawned":[1,4,8,10,18],"killed_by":"Centurion and Healer","ascension_level":2}}