{"host":"Oniwa","time":1613224386,"event":{"mods":["BaseMod","Colored Map","Colored Powertips","Minty Spire (QoL Compilation)","Relic Stats","Slay the Relics Exporter","SpireBot","StSLib","ojb\u0027s Better Paths Mod","ojb\u0027s Info Mod"],"gold_per_floor":[11,11,27,52,71,71,104,29,29,29,62,62,62,83,83,176,176,195,110,110,135,155,155,189,32,32,32,46,46,46,69,69,165,165,184,1183,483,506,506,506,506,506,530,551,551,591,614,638,638,638,638,638,638,64,95,95],"floor_reached":57,"language":"JPN","playtime":6039,"items_purged":["Normality","Normality"],"score":2745,"play_id":"85aee940-260c-443e-ba02-5311b72a66b2","local_time":"20210213225306","is_ascension_mode":true,"campfire_choices":[{"data":"Whirlwind","floor":6.0,"key":"SMITH"},{"data":"Metallicize","floor":10.0,"key":"SMITH"},{"data":"Feed","floor":12.0,"key":"SMITH"},{"data":"True Grit","floor":15.0,"key":"SMITH"},{"data":"Barricade","floor":23.0,"key":"SMITH"},{"data":"Shrug It Off","floor":27.0,"key":"SMITH"},{"floor":29.0,"key":"REST"},{"data":"Armaments","floor":32.0,"key":"SMITH"},{"data":"Impervious","floor":40.0,"key":"SMITH"},{"data":"Madness","floor":42.0,"key":"SMITH"},{"data":"True Grit","floor":45.0,"key":"SMITH"},{"floor":49,"key":"RECALL"},{"floor":53,"key":"REST"}],"circlet_count":0,"master_deck":["AscendersBane","Defend_R","Defend_R","Defend_R","Defend_R","Bash","Feed+1","Whirlwind+1","Metallicize+1","Anger","Shrug It Off+1","Barricade+1","True Grit+1","Evolve","Juggernaut","Cleave+1","Bite","Bite","Bite","Bite","Bite","Battle Trance","Spot Weakness","Body Slam","Offering","Body Slam+1","Havoc+1","Armaments+1","Impervious+1","True Grit+1","Ghostly Armor","Forethought","Dark Shackles","Madness+1","True Grit+1","Impervious","Entrench+1","Seeing Red","Warcry","Bloodletting","Dark Embrace","Headbutt"],"relics":["Burning Blood","Golden Idol","Dream Catcher","Pen Nib","Bottled Lightning","Runic Pyramid","Bag of Preparation","Matryoshka","Nunchaku","Toy Ornithopter","Philosopher\u0027s Stone","Question Card","Ancient Tea Set","Darkstone Periapt","Strawberry","Sling","Centennial Puzzle"],"acts_visited":["Exordium","TheCity","TheBeyond","TheEnding"],"potions_floor_usage":[50,51,56,56],"damage_taken":[{"damage":9.0,"enemies":"Jaw Worm","floor":1.0,"turns":4.0},{"damage":6.0,"enemies":"Small Slimes","floor":3.0,"turns":5.0},{"damage":6.0,"enemies":"2 Louse","floor":4.0,"turns":4.0},{"damage":21.0,"enemies":"Red Slaver","floor":5.0,"turns":6.0},{"damage":22.0,"enemies":"Gremlin Nob","floor":7.0,"turns":4.0},{"damage":27.0,"enemies":"Lagavulin","floor":11.0,"turns":9.0},{"damage":0.0,"enemies":"3 Louse","floor":14.0,"turns":2.0},{"damage":33.0,"enemies":"The Guardian","floor":16.0,"turns":18.0},{"damage":29.0,"enemies":"3 Byrds","floor":18.0,"turns":8.0},{"damage":55.0,"enemies":"Shell Parasite","floor":21.0,"turns":9.0},{"damage":23.0,"enemies":"Centurion and Healer","floor":22.0,"turns":42.0},{"damage":34.0,"enemies":"Gremlin Leader","floor":24.0,"turns":9.0},{"damage":35.0,"enemies":"Snake Plant","floor":28.0,"turns":6.0},{"damage":7.0,"enemies":"Shelled Parasite and Fungi","floor":31.0,"turns":2.0},{"damage":94.0,"enemies":"Collector","floor":33.0,"turns":10.0},{"damage":19.0,"enemies":"3 Darklings","floor":35.0,"turns":4.0},{"damage":16.0,"enemies":"3 Shapes","floor":38.0,"turns":8.0},{"damage":6.0,"enemies":"Maw","floor":44.0,"turns":7.0},{"damage":6.0,"enemies":"Nemesis","floor":46.0,"turns":9.0},{"damage":10.0,"enemies":"Spire Growth","floor":47.0,"turns":6.0},{"damage":10,"enemies":"3 Darklings","floor":48,"turns":3},{"damage":111,"enemies":"Time Eater","floor":50,"turns":14},{"damage":31,"enemies":"Donu and Deca","floor":51,"turns":11},{"damage":20,"enemies":"Shield and Spear","floor":55,"turns":5},{"damage":120,"enemies":"The Heart","floor":56,"turns":11}],"seed_played":"2655748468528273500","potions_obtained":[{"floor":1.0,"key":"LiquidBronze"},{"floor":4.0,"key":"AttackPotion"},{"floor":14.0,"key":"Block Potion"},{"floor":21.0,"key":"FearPotion"},{"floor":24.0,"key":"Fire Potion"},{"floor":28.0,"key":"Regen Potion"},{"floor":31.0,"key":"Swift Potion"},{"floor":38.0,"key":"BlessingOfTheForge"},{"floor":48,"key":"SteroidPotion"}],"is_trial":false,"path_per_floor":["M","?","M","M","M","R","E","?","T","R","E","R","?","M","R","B",null,"M","?","?","M","M","R","E","$","T","R","M","R","?","M","R","B",null,"M","?","$","M","?","R","?","R","T","M","R","E","M","M","R","B","B",null,"R","$","E","B",null],"character_chosen":"IRONCLAD","items_purchased":["Offering","SkillPotion","Ghostly Armor","Question Card","Ancient Tea Set","Forethought","Bloodletting","Dark Embrace","Swift Potion","LiquidMemories","Headbutt","Sling"],"campfire_rested":2,"item_purchase_floors":[25,37,37,37,37,37,54,54,54,54,54,54],"current_hp_per_floor":[68,68,71,74,62,62,46,46,46,46,28,28,28,38,38,11,68,49,49,49,24,71,71,57,57,57,57,40,63,63,77,77,26,69,72,72,72,80,80,80,70,70,70,84,84,101,105,105,105,24,26,94,117,117,113,26],"gold":95,"neow_bonus":"THREE_RARE_CARDS","is_daily":false,"chose_seed":false,"campfire_upgraded":10,"win_rate":0.0,"timestamp":1613224386,"path_taken":["M","?","M","M","M","R","E","?","T","R","E","R","?","M","R","BOSS","M","?","?","M","M","R","E","?","T","R","M","R","?","?","R","BOSS","M","?","$","M","?","R","?","R","T","M","R","E","?","M","R","BOSS","BOSS","R","$","E","BOSS"],"items_purchased_type":["Card","Potion","Card","Relic","Relic","Card","Card","Card","Potion","Potion","Card","Relic"],"build_version":"2020-12-18","purchased_purges":2,"victory":true,"max_hp_per_floor":[78,71,74,77,80,80,80,80,80,80,83,83,83,87,87,87,87,91,91,63,67,71,71,75,75,75,75,79,79,79,83,83,83,83,87,87,87,91,86,86,86,86,86,90,90,101,105,109,109,113,117,117,117,117,117,117],"relic_stats":{"Darkstone Periapt":0,"Dream Catcher":2,"Nunchaku":[16],"Centennial Puzzle":[3],"counters":[25,216],"Golden Idol":190,"Pen Nib":[27],"Bag of Preparation":[32],"Question Card":10,"obtain_stats":[{"Darkstone Periapt":43,"Golden Idol":2,"Pen Nib":9,"Bag of Preparation":19,"Question Card":37,"Ancient Tea Set":37,"Sling":54,"Burning Blood":0,"Dream Catcher":7,"Nunchaku":26,"Centennial Puzzle":55,"Matryoshka":24,"Strawberry":46,"Philosopher\u0027s Stone":34,"Bottled Lightning":11,"Toy Ornithopter":26,"Runic Pyramid":17},{"Darkstone Periapt":17,"Golden Idol":1,"Pen Nib":5,"Bag of Preparation":9,"Question Card":16,"Ancient Tea Set":16,"Sling":23,"Burning Blood":0,"Dream Catcher":5,"Nunchaku":12,"Centennial Puzzle":24,"Matryoshka":12,"Strawberry":19,"Philosopher\u0027s Stone":15,"Bottled Lightning":6,"Toy Ornithopter":12,"Runic Pyramid":8},{"Darkstone Periapt":150,"Golden Idol":4,"Pen Nib":23,"Bag of Preparation":60,"Question Card":142,"Ancient Tea Set":142,"Sling":200,"Burning Blood":0,"Dream Catcher":23,"Nunchaku":120,"Centennial Puzzle":205,"Matryoshka":120,"Strawberry":166,"Philosopher\u0027s Stone":138,"Bottled Lightning":32,"Toy Ornithopter":120,"Runic Pyramid":52}],"Burning Blood":138,"Toy Ornithopter":35},"card_choices":[{"not_picked":["Impervious","Juggernaut"],"picked":"Feed","floor":0.0},{"not_picked":["Dual Wield","Metallicize"],"picked":"Whirlwind","floor":1.0},{"not_picked":["Thunderclap","Intimidate"],"picked":"Metallicize","floor":3.0},{"not_picked":["Shrug It Off","Whirlwind"],"picked":"Anger","floor":4.0},{"not_picked":["Havoc","Burning Pact"],"picked":"Shrug It Off","floor":5.0},{"not_picked":["Thunderclap","Headbutt"],"picked":"Barricade","floor":7.0},{"not_picked":["Sword Boomerang","Seeing Red"],"picked":"True Grit","floor":11.0},{"not_picked":["Flex","Blood for Blood"],"picked":"Evolve","floor":14.0},{"not_picked":["Feed","Exhume"],"picked":"Juggernaut","floor":16.0},{"not_picked":["Body Slam","Clash"],"picked":"Cleave+1","floor":18.0},{"not_picked":["Flex","Anger+1"],"picked":"Battle Trance","floor":21.0},{"not_picked":["Clash","Whirlwind"],"picked":"Spot Weakness","floor":22.0},{"not_picked":["Carnage","Havoc"],"picked":"Body Slam","floor":24.0},{"not_picked":["Pommel Strike","Cleave"],"picked":"Body Slam+1","floor":28.0},{"not_picked":["Flex","Pummel"],"picked":"Havoc","floor":29.0},{"not_picked":["Heavy Blade","Warcry"],"picked":"Armaments","floor":31.0},{"not_picked":["Barricade","Fiend Fire"],"picked":"Impervious","floor":33.0},{"not_picked":["Body Slam","Heavy Blade"],"picked":"True Grit+1","floor":35.0},{"not_picked":["Iron Wave","Ghostly Armor","Havoc","Pommel Strike"],"picked":"SKIP","floor":38.0},{"not_picked":["Thinking Ahead","Forethought","Swift Strike"],"picked":"Dark Shackles","floor":41.0},{"not_picked":["HandOfGreed","Chrysalis","Metamorphosis"],"picked":"Madness","floor":41.0},{"not_picked":["Anger+1","Cleave","Havoc"],"picked":"True Grit","floor":44.0},{"not_picked":["Reckless Charge+1","Pommel Strike+1","Evolve"],"picked":"Impervious","floor":46.0},{"not_picked":["Warcry","Spot Weakness","Metallicize"],"picked":"Entrench+1","floor":47.0},{"not_picked":["Armaments","Perfected Strike","Sword Boomerang"],"picked":"Seeing Red","floor":48},{"not_picked":["Spot Weakness","Inflame","Whirlwind"],"picked":"Warcry","floor":53},{"not_picked":["Clothesline","Berserk","Sword Boomerang+1","Reckless Charge"],"picked":"SKIP","floor":55}],"player_experience":2707349,"relics_obtained":[{"floor":7.0,"key":"Dream Catcher"},{"floor":9.0,"key":"Pen Nib"},{"floor":11.0,"key":"Bottled Lightning"},{"floor":24.0,"key":"Matryoshka"},{"floor":26.0,"key":"Nunchaku"},{"floor":26.0,"key":"Toy Ornithopter"},{"floor":43.0,"key":"Darkstone Periapt"},{"floor":46.0,"key":"Strawberry"},{"floor":55,"key":"Centennial Puzzle"}],"event_choices":[{"damage_healed":0.0,"max_hp_gain":0.0,"max_hp_loss":7.0,"gold_gain":0.0,"event_name":"Golden Idol","player_choice":"Lose Max HP","floor":2.0,"gold_loss":0.0,"damage_taken":0.0,"relics_obtained":["Golden Idol"]},{"cards_removed":["Strike_R"],"damage_healed":0.0,"max_hp_gain":0.0,"max_hp_loss":0.0,"gold_gain":0.0,"event_name":"The Cleric","player_choice":"Card Removal","floor":8.0,"gold_loss":75.0,"damage_taken":0.0},{"damage_healed":0.0,"max_hp_gain":0.0,"max_hp_loss":0.0,"gold_gain":0.0,"event_name":"Dead Adventurer","player_choice":"Searched \u00270\u0027 times","floor":13.0,"gold_loss":0.0,"damage_taken":0.0},{"damage_healed":0.0,"max_hp_gain":0.0,"max_hp_loss":0.0,"gold_gain":0.0,"event_name":"Addict","player_choice":"Obtained Relic","floor":19.0,"gold_loss":85.0,"damage_taken":0.0,"relics_obtained":["Bag of Preparation"]},{"damage_healed":0.0,"max_hp_gain":0.0,"max_hp_loss":28.0,"gold_gain":0.0,"event_name":"Vampires","player_choice":"Became a vampire","floor":20.0,"gold_loss":0.0,"damage_taken":0.0,"cards_obtained":["Bite","Bite","Bite","Bite","Bite"]},{"damage_healed":0.0,"max_hp_gain":0.0,"max_hp_loss":0.0,"gold_gain":0.0,"event_name":"Accursed Blacksmith","player_choice":"Forge","floor":30.0,"gold_loss":0.0,"damage_taken":0.0,"cards_upgraded":["Havoc"]},{"damage_healed":0.0,"max_hp_gain":0.0,"max_hp_loss":0.0,"gold_gain":999.0,"event_name":"MindBloom","player_choice":"Gold","floor":36.0,"gold_loss":0.0,"damage_taken":0.0,"cards_obtained":["Normality","Normality"]},{"damage_healed":0.0,"max_hp_gain":0.0,"max_hp_loss":5.0,"gold_gain":0.0,"event_name":"Winding Halls","player_choice":"Max HP","floor":39.0,"gold_loss":0.0,"damage_taken":0.0},{"damage_healed":0.0,"max_hp_gain":0.0,"max_hp_loss":0.0,"gold_gain":0.0,"event_name":"SensoryStone","player_choice":"Memory 3","floor":41.0,"gold_loss":0.0,"damage_taken":10.0}],"is_beta":true,"boss_relics":[{"not_picked":["SacredBark","Fusion Hammer"],"picked":"Runic Pyramid"},{"not_picked":["Empty Cage","SlaversCollar"],"picked":"Philosopher\u0027s Stone"}],"items_purged_floors":[37,54],"is_endless":false,"potions_floor_spawned":[1,4,14,21,24,28,31,38,48],"ascension_level":20}}