{"host":"v4tuy5ykrbdcm9o9","time":1613193589,"event":{"mods":["BaseMod","Duelist Mod","Minty Spire (QoL Compilation)","Replay The Spire","StSLib"],"gold_per_floor":[119,219,232,244,244,284,315,343,355,427,439,439],"floor_reached":11,"language":"ENG","playtime":1750,"items_purged":[],"score":109,"play_id":"6fe3fa65-a1c9-4496-9761-4da317c73ae0","local_time":"20210213001949","is_ascension_mode":true,"campfire_choices":[],"circlet_count":0,"master_deck":["Strike_G","Strike_G","Strike_G","Strike_G","Strike_G","Defend_G","Defend_G","Defend_G","Defend_G","Defend_G","Survivor","Neutralize","Slice","Slice","Backflip","Burst","Underhanded Strike","Finisher","All Out Attack"],"relics":["Ring of the Snake","MawBank","ReplayTheSpireMod:Lightbulb","Darkstone Periapt"],"acts_visited":["Exordium"],"potions_floor_usage":[8],"damage_taken":[{"damage":0,"enemies":"Small Slimes","floor":1,"turns":4},{"damage":0,"enemies":"Cultist","floor":3,"turns":5},{"damage":0,"enemies":"2 Louse","floor":4,"turns":3},{"damage":25,"enemies":"3 Sentries","floor":6,"turns":13},{"damage":8,"enemies":"Large Slime","floor":7,"turns":7},{"damage":1,"enemies":"Looter","floor":8,"turns":3},{"damage":17,"enemies":"Gremlin Nob","floor":10,"turns":4},{"damage":0,"enemies":"Lagavulin","floor":11,"turns":1}],"seed_played":"-2803960234354994073","potions_obtained":[{"floor":4,"key":"LiquidMemories"},{"floor":6,"key":"FearPotion"}],"is_trial":false,"path_per_floor":["M","?","M","M","?","E","M","M","T","?","E"],"character_chosen":"THE_SILENT","items_purchased":[],"campfire_rested":0,"item_purchase_floors":[],"current_hp_per_floor":[70,70,70,70,63,38,30,29,29,12,12,12],"gold":439,"neow_bonus":"TEN_PERCENT_HP_BONUS","is_daily":false,"chose_seed":false,"campfire_upgraded":0,"win_rate":0.0,"timestamp":1613193589,"path_taken":["M","?","M","?","?","E","M","M","T","?","E"],"items_purchased_type":[],"build_version":"2020-12-22","purchased_purges":0,"victory":false,"max_hp_per_floor":[77,77,77,77,77,77,77,77,77,77,77,77],"card_choices":[{"not_picked":["Infinite Blades","Deflect"],"picked":"Slice","floor":1},{"not_picked":["Quick Slash","Bane"],"picked":"Slice","floor":3},{"not_picked":["Deflect","PiercingWail"],"picked":"Backflip","floor":4},{"not_picked":["Malaise","Footwork"],"picked":"Burst","floor":6},{"not_picked":["Predator","Quick Slash"],"picked":"Underhanded Strike","floor":7},{"not_picked":["Fluid Movement","Escape Plan"],"picked":"Finisher","floor":8},{"not_picked":["Dodge and Roll","Cloak And Dagger"],"picked":"All Out Attack","floor":10}],"player_experience":856381,"relics_obtained":[{"floor":6,"key":"ReplayTheSpireMod:Lightbulb"},{"floor":10,"key":"Darkstone Periapt"}],"event_choices":[{"damage_healed":0,"gold_gain":100,"player_choice":"Pray","damage_taken":0,"max_hp_gain":0,"max_hp_loss":0,"event_name":"Golden Shrine","floor":2,"gold_loss":0},{"damage_healed":0,"gold_gain":0,"player_choice":"Success","damage_taken":7,"relics_obtained":["MawBank"],"max_hp_gain":0,"max_hp_loss":0,"event_name":"Scrap Ooze","floor":5,"gold_loss":0},{"damage_healed":0,"gold_gain":0,"player_choice":"Searched \u00272\u0027 times","damage_taken":0,"max_hp_gain":0,"max_hp_loss":0,"event_name":"Dead Adventurer","floor":10,"gold_loss":0}],"is_beta":false,"boss_relics":[],"items_purged_floors":[],"is_endless":false,"potions_floor_spawned":[4,6],"killed_by":"Lagavulin","ascension_level":9}}