{"host":"l7ku00cw7dmofayg","time":1613253204,"event":{"mods":["ATMod(°¢èªMod)","BaseMod","Dota2Spire","Marisa£¨ìFÓê¡¡Ä§ÀíÉ³£©","Minty Spire (QoL Compilation)","StSLib","The Invoker Mod"],"gold_per_floor":[115,132,82,98,140,173,173,16,16,34,59,59,59,85,85,185,185,201,201,221,320,320,320,22,22,49,82,82,82,107,118,118,118,118],"floor_reached":33,"language":"ZHS","playtime":1207,"items_purged":[],"score":491,"play_id":"7bf5be68-465e-46be-a19d-836029b0c0a1","local_time":"20210214055324","is_ascension_mode":true,"campfire_choices":[{"data":"AT_DivineConfetti","floor":13.0,"key":"SMITH"},{"data":"LuminesStrike","floor":15.0,"key":"SMITH"},{"data":"NonDirectionalLaser","floor":23.0,"key":"SMITH"},{"floor":25.0,"key":"REST"},{"floor":29.0,"key":"REST"},{"floor":32,"key":"REST"}],"circlet_count":0,"master_deck":["Strike_MRS+1","Strike_MRS+1","Strike_MRS+1","Defend_MRS+1","Defend_MRS+1","Defend_MRS+1","MasterSpark","UpSweep","AT_DivineConfetti+1","NonDirectionalLaser+1","LuminesStrike+1","Acceleration","IllusionStar","MilkyWay","Acceleration+1","UltimateShortwave+1","MysteriousBeam","CasketOfStar","MagicAbsorber+1","AsteroidBelt+1","UnstableBomb+1","BlazingStar+1","IllusionStar+1"],"relics":["MiniHakkero","AT_ATBox","NeowsBlessing","Dota2Spire:HeartOfTarrasque","Anchor","Toxic Egg 2","Dota2Spire:Dagon","AT_ImmortalShieldbow","Dota2Spire:BlackKingBar","Dota2Spire:Bloodstone","Dota2Spire:MaskOfMadness","Molten Egg 2","Toy Ornithopter","HornCleat","Unceasing Top"],"acts_visited":["Exordium","TheCity"],"potions_floor_usage":[],"damage_taken":[{"damage":0.0,"enemies":"Small Slimes","floor":1.0,"turns":1.0},{"damage":0.0,"enemies":"Jaw Worm","floor":2.0,"turns":1.0},{"damage":0.0,"enemies":"2 Louse","floor":4.0,"turns":1.0},{"damage":12.0,"enemies":"Looter","floor":5.0,"turns":3.0},{"damage":10.0,"enemies":"3 Sentries","floor":6.0,"turns":4.0},{"damage":0.0,"enemies":"2 Fungi Beasts","floor":10.0,"turns":2.0},{"damage":0.0,"enemies":"Gremlin Nob","floor":11.0,"turns":2.0},{"damage":10.0,"enemies":"Lagavulin","floor":14.0,"turns":3.0},{"damage":4.0,"enemies":"Slime Boss","floor":16.0,"turns":6.0},{"damage":13.0,"enemies":"Shell Parasite","floor":18.0,"turns":5.0},{"damage":34.0,"enemies":"2 Thieves","floor":20.0,"turns":3.0},{"damage":41.0,"enemies":"Book of Stabbing","floor":27.0,"turns":5.0},{"damage":27.0,"enemies":"Slavers","floor":30.0,"turns":4.0},{"damage":6.0,"enemies":"Sentry and Sphere","floor":31.0,"turns":4.0},{"damage":70,"enemies":"Automaton","floor":33,"turns":6}],"seed_played":"-548609800089982987","potions_obtained":[{"floor":4.0,"key":"Explosive Potion"},{"floor":6.0,"key":"Regen Potion"},{"floor":10.0,"key":"Fire Potion"},{"floor":11.0,"key":"DistilledChaos"},{"floor":18.0,"key":"EssenceOfSteel"},{"floor":20.0,"key":"AttackPotion"}],"is_trial":false,"path_per_floor":["M","M","?","M","M","E","?","$","T","M","E","T","R","E","R","B",null,"M","?","M","?","?","R","$","R","T","E","?","R","E","M","R","B"],"character_chosen":"MARISA","items_purchased":["Anchor","Molten Egg 2","UnstableBomb+1"],"campfire_rested":3,"item_purchase_floors":[8,24,24],"current_hp_per_floor":[68,68,68,68,56,54,47,47,47,47,47,47,47,42,42,38,72,59,59,33,33,33,33,33,57,57,25,25,49,39,38,62,0,0],"gold":118,"neow_bonus":"THREE_ENEMY_KILL","is_daily":false,"chose_seed":false,"campfire_upgraded":3,"win_rate":0.0,"timestamp":1613253204,"path_taken":["M","M","?","M","M","E","?","?","T","M","E","?","R","E","R","BOSS","M","?","M","?","?","R","$","R","T","E","?","R","E","M","R","BOSS"],"items_purchased_type":["Relic","Relic","Card"],"build_version":"2020-12-22","purchased_purges":0,"victory":false,"max_hp_per_floor":[75,75,75,75,75,83,83,83,83,83,83,83,83,83,83,83,83,83,83,83,83,83,83,83,83,83,83,83,83,83,83,83,83,83],"card_choices":[{"not_picked":["RefractionSpark","LuminesStrike"],"picked":"NonDirectionalLaser","floor":1.0},{"not_picked":["AlicesGift","DarkMatter"],"picked":"LuminesStrike","floor":2.0},{"not_picked":["DoubleSpark","OpenUniverse"],"picked":"Acceleration","floor":4.0},{"not_picked":["DarkSpark","DoubleSpark"],"picked":"IllusionStar","floor":5.0},{"not_picked":["EnergyRecoil","PowerUp"],"picked":"MilkyWay","floor":6.0},{"not_picked":["WitchLeyline","RefractionSpark"],"picked":"Acceleration+1","floor":10.0},{"not_picked":["ShootingEcho","ShootTheMoon"],"picked":"UltimateShortwave+1","floor":11.0},{"not_picked":["SporeBomb+1","DarkMatter+1"],"picked":"MysteriousBeam","floor":14.0},{"not_picked":["BlazingStar","SatelliteIllusion"],"picked":"CasketOfStar","floor":16.0},{"not_picked":["Singularity","MysteriousBeam"],"picked":"MagicAbsorber+1","floor":18.0},{"not_picked":["SprinkleStarSeal+1","PowerUp+1"],"picked":"AsteroidBelt+1","floor":20.0},{"not_picked":["MysteriousBeam+1","6A+1"],"picked":"BlazingStar+1","floor":27.0},{"not_picked":["StarBarrage+1","MilkyWay+1"],"picked":"IllusionStar+1","floor":30.0},{"not_picked":["GrandCross+1","GasGiant+1","LuminesStrike+1"],"picked":"SKIP","floor":31}],"player_experience":42049,"relics_obtained":[{"floor":6.0,"key":"Dota2Spire:HeartOfTarrasque"},{"floor":9.0,"key":"Toxic Egg 2"},{"floor":11.0,"key":"Dota2Spire:Dagon"},{"floor":12.0,"key":"AT_ImmortalShieldbow"},{"floor":14.0,"key":"Dota2Spire:BlackKingBar"},{"floor":26.0,"key":"Toy Ornithopter"},{"floor":27.0,"key":"HornCleat"},{"floor":30.0,"key":"Unceasing Top"}],"event_choices":[{"cards_removed":["Defend_MRS"],"damage_healed":0.0,"max_hp_gain":0.0,"max_hp_loss":0.0,"gold_gain":0.0,"event_name":"The Cleric","player_choice":"Card Removal","floor":3.0,"gold_loss":50.0,"damage_taken":0.0},{"cards_removed":["Strike_MRS"],"damage_healed":0.0,"max_hp_gain":0.0,"max_hp_loss":0.0,"gold_gain":0.0,"event_name":"Golden Wing","player_choice":"Card Removal","floor":7.0,"gold_loss":0.0,"damage_taken":7.0},{"damage_healed":0.0,"max_hp_gain":0.0,"max_hp_loss":0.0,"gold_gain":0.0,"event_name":"The Mausoleum","player_choice":"Opened","floor":19.0,"gold_loss":0.0,"damage_taken":0.0,"relics_obtained":["Dota2Spire:MaskOfMadness"],"cards_obtained":["Writhe"]},{"damage_healed":0.0,"max_hp_gain":0.0,"max_hp_loss":0.0,"gold_gain":99.0,"event_name":"Nest","player_choice":"Stole From Cult","floor":21.0,"gold_loss":0.0,"damage_taken":0.0},{"damage_healed":0.0,"max_hp_gain":0.0,"max_hp_loss":0.0,"gold_gain":0.0,"event_name":"Back to Basics","player_choice":"Simplicity","floor":22.0,"gold_loss":0.0,"damage_taken":0.0,"cards_upgraded":["Strike_MRS","Strike_MRS","Strike_MRS","Defend_MRS","Defend_MRS","Defend_MRS"]},{"cards_removed":["Writhe"],"damage_healed":0.0,"max_hp_gain":0.0,"max_hp_loss":0.0,"gold_gain":0.0,"event_name":"Purifier","player_choice":"Purged","floor":28.0,"gold_loss":0.0,"damage_taken":0.0}],"is_beta":false,"boss_relics":[{"not_picked":["Ectoplasm","RampagingMagicTools"],"picked":"Dota2Spire:Bloodstone"}],"items_purged_floors":[],"is_endless":false,"potions_floor_spawned":[4,6,10,11,18,20],"killed_by":"Automaton","ascension_level":8}}