{"host":"m1la6e9nlupdt60a","time":1613254938,"event":{"mods":["Act Like it!","Aspiration","BaseMod","Conspire","Downfall","Hallownest","Hermit","Hubris","Infinite Spire","Minty Spire (QoL Compilation)","Replay The Spire","Shop Mod","StSLib","The Bug Knight","The Cursed","The Disciple","The Jungle","The Poker Player","The Runesmith","The Servant 0.9.4"],"gold_per_floor":[99,116,128,148,166,178,203,128,128,0,12,12,39,39,57,157,157,157,167,35,35,65,65,65,65,20,56,56,79,113,143,181,282,282,232,294,294,328,371,409,409,409,409,409,457,457,504,522,551,569,569,569],"floor_reached":50,"language":"ENG","playtime":3818,"items_purged":[],"score":390,"play_id":"f41c23e5-5adb-426e-8ce3-1d0c4c2fcd0e","local_time":"20210213162218","is_ascension_mode":false,"campfire_choices":[{"floor":1,"key":"DIG"},{"data":"champ:StanceDance","floor":9,"key":"SMITH"},{"floor":12,"key":"REST"},{"floor":18,"key":"DIG"},{"floor":25,"key":"REST"},{"floor":42,"key":"REST"}],"circlet_count":0,"master_deck":["champ:Strike","champ:Strike","champ:Strike","champ:Strike","champ:Defend","champ:Execute","champ:Taunt","champ:CrownThrow","champ:DeathBlow","champ:CalledShot","champ:FaceSlap","champ:StanceDance+1","champ:Backstep","champ:TornadoPunch","CurseOfTheBell","champ:Backstep+1","ReplayTheSpireMod:??????????????????????+1","champ:SwordThrow","champ:FanOfKnives+1","champ:FaceSlap","Hallownest:attackAdjustingAction","champ:FocusedBerserking","champ:PreciseThrust","champ:IgnorePain","conspire:SpireCoStock","champ:Shatter+1","champ:TornadoPunch","champ:CrookedStrike+1","champ:BerserkersShout+1","Replay:SS_forest_2","champ:DefensiveShout","champ:CrownThrow+1"],"relics":["champ:ChampionCrown","Strawberry","aspiration:Lifesprig","Replay:Wax Seal","Hallownest:BankAccountRelic","Oddly Smooth Stone","Toy Ornithopter","Calling Bell","Omamori","Mummified Hand","Mango","MealTicket","infinitespire:PuzzleCube","infinitespire:Midas Blood","aspiration:RitualDagger","Chameleon Ring","ReplayTheSpireMod:Lightbulb","Kintsugi","conspire:Flyswatter","HollowMod:LifeEnderRelic"],"acts_visited":["Hallownest:Greenpath","Hallownest:CityofTears","TheBeyond"],"potions_floor_usage":[6,16,16,16,31,38,39,45,45,49,50],"damage_taken":[{"damage":24,"enemies":"Hallownest:2_MossCreeps","floor":2,"turns":6},{"damage":21,"enemies":"Hallownest:2_Baldur","floor":3,"turns":2},{"damage":24,"enemies":"Hallownest:monsterHuskGuard","floor":4,"turns":3},{"damage":24,"enemies":"Hallownest:monsterFoolEater","floor":5,"turns":4},{"damage":29,"enemies":"Hallownest:MossCreep_and_Mosskin","floor":6,"turns":5},{"damage":15,"enemies":"Hallownest:2_Tiktiks_1_Baldur_1_Crawlid","floor":11,"turns":2},{"damage":25,"enemies":"Hallownest:monsterAspidMother","floor":14,"turns":3},{"damage":21,"enemies":"Hallownest:monsterFoolEater","floor":15,"turns":2},{"damage":67,"enemies":"DF_ARCHETYPE_STREAMLINE","floor":16,"turns":9},{"damage":22,"enemies":"Hallownest:3_Youths","floor":19,"turns":10},{"damage":10,"enemies":"downfall:FleeingMerchant","floor":20,"turns":4},{"damage":40,"enemies":"Hallownest:2_Mistakes","floor":22,"turns":5},{"damage":47,"enemies":"Hallownest:2_Husk_Sentries","floor":27,"turns":6},{"damage":46,"enemies":"Hallownest:monsterShrumalOgre","floor":30,"turns":7},{"damage":95,"enemies":"Hallownest:monsterMisterMushroom","floor":31,"turns":9},{"damage":33,"enemies":"Hallownest:Master_and_Novice","floor":32,"turns":3},{"damage":3,"enemies":"WA_ARCHETYPE_CALM","floor":33,"turns":1},{"damage":68,"enemies":"3 Darklings","floor":36,"turns":5},{"damage":66,"enemies":"Orb Walker","floor":38,"turns":5},{"damage":67,"enemies":"3 Darklings","floor":39,"turns":9},{"damage":64,"enemies":"Jaw Worm Horde","floor":40,"turns":4},{"damage":96,"enemies":"Spire Growth","floor":45,"turns":5},{"damage":94,"enemies":"3 Darklings","floor":47,"turns":5},{"damage":10,"enemies":"Sphere and 2 Shapes","floor":48,"turns":3},{"damage":36,"enemies":"4 Shapes","floor":49,"turns":3},{"damage":42,"enemies":"SI_POISON_ARCHETYPE","floor":50,"turns":5}],"seed_played":"-1391259891931306126","potions_obtained":[{"floor":5,"key":"LifebloodPotion"},{"floor":6,"key":"Fruit Juice"},{"floor":11,"key":"Block Potion"},{"floor":15,"key":"FearPotion"},{"floor":16,"key":"champ:OpenerPotion"},{"floor":22,"key":"sneckomod:MuddlingPotion"},{"floor":27,"key":"FairyPotion"},{"floor":32,"key":"hexamod:SoulburnPotion"},{"floor":33,"key":"Swift Potion"},{"floor":39,"key":"Swift Potion"},{"floor":40,"key":"hexamod:SoulburnPotion"},{"floor":47,"key":"Energy Potion"}],"is_trial":false,"path_per_floor":["R","M","M","M","M","M","T","?","R","?","M","R","T","M","M","B",null,"R","M","$","?","M","AVR","T","R","?","M","?","T","M","M","M","B",null,"R","M","?","M","M","M","T","R","?","?","M","AVR","M","M","M","B"],"character_chosen":"THE_CHAMP","items_purchased":["infinitespire:PuzzleCube"],"campfire_rested":3,"item_purchase_floors":[20],"current_hp_per_floor":[97,93,82,68,64,65,65,65,65,65,60,90,90,85,74,52,116,116,114,116,86,76,76,76,110,116,79,93,93,57,83,50,47,122,122,74,77,26,116,91,91,125,125,125,72,72,16,19,16,0,0,0],"gold":569,"neow_bonus":"RANDOM_COMMON_RELIC","is_daily":false,"chose_seed":false,"campfire_upgraded":1,"win_rate":0.0,"timestamp":1613254938,"path_taken":["R","M","M","M","M","M","T","?","R","?","M","R","?","?","M","BOSS","R","M","$","?","M","AVR","T","R","?","M","?","?","M","M","M","BOSS","R","M","?","M","M","M","T","R","?","?","M","AVR","M","?","M","BOSS"],"items_purchased_type":["Relic"],"build_version":"2020-12-22","purchased_purges":0,"victory":false,"max_hp_per_floor":[97,97,97,97,97,102,102,102,102,102,102,102,102,102,102,102,116,116,116,116,116,116,116,116,116,122,122,122,122,122,122,122,122,122,122,122,125,125,125,125,125,125,125,125,125,125,125,125,125,125,125,125],"card_choices":[{"not_picked":["champ:AdrenalArmor","champ:Backstep"],"picked":"champ:CrownThrow","floor":2},{"not_picked":["champ:AdrenalArmor","champ:Encircle"],"picked":"champ:DeathBlow","floor":3},{"not_picked":["champ:Encircle","champ:FaceSlap"],"picked":"champ:CalledShot","floor":4},{"not_picked":["champ:CrownThrow","champ:Shatter"],"picked":"champ:FaceSlap","floor":5},{"not_picked":["champ:DeathBlow","champ:Lariat"],"picked":"champ:StanceDance","floor":6},{"not_picked":["champ:HeartStrike","champ:IronFortress"],"picked":"champ:Backstep","floor":11},{"not_picked":["champ:DefensiveShout","champ:AdrenalArmor"],"picked":"champ:TornadoPunch","floor":14},{"not_picked":["champ:CrownThrow","champ:StanceDance","champ:EndlessRage"],"picked":"SKIP","floor":15},{"not_picked":["champ:UltimateStance","champ:ShieldThrow"],"picked":"champ:LastStand","floor":16},{"not_picked":["champ:DeathBlow","champ:Backstep"],"picked":"champ:AdrenalArmor","floor":19},{"not_picked":["champ:AdrenalArmor+1","champ:Endure+1"],"picked":"champ:Backstep+1","floor":20},{"not_picked":["infinitespire:SevenWalls","infinitespire:TheBestDefense"],"picked":"ReplayTheSpireMod:??????????????????????","floor":21},{"not_picked":["champ:AdrenalArmor","champ:HeartStrike"],"picked":"champ:SwordThrow","floor":22},{"not_picked":["champ:TornadoPunch","champ:Circumvent"],"picked":"champ:FanOfKnives+1","floor":27},{"not_picked":["champ:Lariat","champ:BringItOn+1"],"picked":"champ:FaceSlap","floor":30},{"not_picked":["champ:Duel","champ:AdrenalArmor+1"],"picked":"champ:FocusedBerserking","floor":31},{"not_picked":["champ:DeathBlow","champ:EnGarde"],"picked":"champ:PreciseThrust","floor":32},{"not_picked":["champ:UltimateStance","champ:CheapShot"],"picked":"champ:IgnorePain","floor":33},{"not_picked":["champ:GutPunch+1","champ:EnGarde+1"],"picked":"champ:Shatter+1","floor":36},{"not_picked":["champ:FancyFootwork+1","champ:EnGarde"],"picked":"champ:TornadoPunch","floor":38},{"not_picked":["champ:PreemptiveStrike+1","champ:DeathBlow+1"],"picked":"champ:CrookedStrike+1","floor":39},{"not_picked":["champ:EndlessRage+1","champ:PreciseThrust+1"],"picked":"champ:BerserkersShout+1","floor":40},{"not_picked":["Replay:SS_fish_1","expansioncontent:PolyBeam"],"picked":"Replay:SS_forest_2","floor":43},{"not_picked":["champ:BladeFlurry","champ:Backstep+1"],"picked":"champ:DefensiveShout","floor":45},{"not_picked":["champ:AdrenalArmor+1","champ:Shatter+1","champ:FaceSlap"],"picked":"SKIP","floor":47},{"not_picked":["champ:PreciseThrust","champ:Duel","champ:FocusedBerserking"],"picked":"SKIP","floor":48},{"not_picked":["champ:EndlessRage+1","champ:BringItOn"],"picked":"champ:CrownThrow+1","floor":49}],"player_experience":1250426,"relics_obtained":[{"floor":1,"key":"aspiration:Lifesprig"},{"floor":7,"key":"Replay:Wax Seal"},{"floor":13,"key":"Toy Ornithopter"},{"floor":17,"key":"Omamori"},{"floor":17,"key":"Mummified Hand"},{"floor":17,"key":"Mango"},{"floor":18,"key":"MealTicket"},{"floor":24,"key":"Chameleon Ring"},{"floor":29,"key":"ReplayTheSpireMod:Lightbulb"},{"floor":41,"key":"conspire:Flyswatter"}],"event_choices":[{"damage_healed":0,"gold_gain":0,"player_choice":"Invest 1","damage_taken":0,"max_hp_gain":0,"max_hp_loss":0,"event_name":"conspire:Investor","floor":35,"gold_loss":0}],"is_beta":false,"boss_relics":[{"not_picked":["ReplayTheSpireMod:DimensionalGlitch","Cursed Key"],"picked":"Calling Bell"},{"not_picked":["aspiration:PoetsPen_weak","Runic Dome"],"picked":"Kintsugi"}],"items_purged_floors":[],"is_endless":false,"potions_floor_spawned":[5,6,11,15,16,22,27,32,33,39,40,47],"killed_by":"SI_POISON_ARCHETYPE","ascension_level":0}}