{"host":"xp27heuvanyklt0b","time":1613213005,"event":{"mods":["100% Spire Juice","BaseMod","CapriCore","Minty Spire (QoL Compilation)","StSLib","The Immortal"],"gold_per_floor":[114,114,127,145,158,186,202,221,52,52,52,52,65,95,95,199,79,95,113,129,9,23,48,64,64,115,115,132,167,47,67,67,168,168,185,202,59,59,76,105,105,130,155,11,61,61,61,61,61,61,61],"floor_reached":50,"language":"KOR","playtime":3336,"items_purged":[],"score":704,"play_id":"63ca1a6e-0a9f-4195-8ad2-989fc2a85009","local_time":"20210213194325","is_ascension_mode":false,"campfire_choices":[{"data":"Moonworks:AnotherUltimateWeapon","floor":12,"key":"SMITH"},{"data":"Moonworks:IndiscriminateFireSupport","floor":15,"key":"SMITH"},{"floor":32,"key":"REST"},{"floor":41,"key":"REST"},{"floor":46,"key":"REST"},{"floor":49,"key":"RECALL"}],"circlet_count":0,"master_deck":["Moonworks:Strike","Moonworks:Strike+1","Moonworks:Strike+1","Moonworks:Strike","Moonworks:Defend","Moonworks:Defend","Moonworks:Defend","Moonworks:Defend","Moonworks:Ambush","Moonworks:LongDistanceShot","Moonworks:IndiscriminateFireSupport+1","Moonworks:DeployBits","Moonworks:NicePresent","Moonworks:AnotherUltimateWeapon+1","Moonworks:LuckyCharm","Moonworks:ImOnFire","Moonworks:NicePresent","Moonworks:ForcedRevival","Moonworks:CrystalBarrier","Moonworks:TacticalRetreat","Moonworks:DevilHand","Moonworks:SealedMemories","Moonworks:RagingMadness","Moonworks:SakisCookie+1","Moonworks:JonathanRush+1","Moonworks:LulusLuckyEgg+1","Moonworks:WindyEnchantment","Moonworks:EvilSpyWorkPreparation","Moonworks:SinkOrSwim","CurseOfTheBell","Moonworks:BeyondHell+1","Moonworks:ImOnFire+1","Madness","Moonworks:SakisCookie+1","Moonworks:BindingChains+1","Moonworks:DeployBits+1","Moonworks:SakisCookie+1"],"relics":["Moonworks:BrokenBomb","Moonworks:Homemark","NeowsBlessing","Juzu Bracelet","Bottled Tornado","Blue Candle","Cursed Key","Mango","WarpedTongs","Orichalcum","Calling Bell","Omamori","Molten Egg 2","Pocketwatch","Bag of Preparation","PreservedInsect","Regal Pillow","Whetstone","Thread and Needle"],"acts_visited":["Exordium","TheCity","TheBeyond"],"potions_floor_usage":[14,14,29,44,45,50,50],"damage_taken":[{"damage":0,"enemies":"Small Slimes","floor":1,"turns":1},{"damage":0,"enemies":"Cultist","floor":3,"turns":1},{"damage":0,"enemies":"2 Louse","floor":4,"turns":1},{"damage":8,"enemies":"Lots of Slimes","floor":5,"turns":3},{"damage":29,"enemies":"Lagavulin","floor":6,"turns":6},{"damage":3,"enemies":"Red Slaver","floor":7,"turns":3},{"damage":0,"enemies":"3 Louse","floor":8,"turns":3},{"damage":0,"enemies":"Large Slime","floor":13,"turns":3},{"damage":0,"enemies":"Gremlin Nob","floor":14,"turns":3},{"damage":0,"enemies":"Slime Boss","floor":16,"turns":4},{"damage":0,"enemies":"Chosen","floor":18,"turns":3},{"damage":0,"enemies":"3 Byrds","floor":19,"turns":3},{"damage":0,"enemies":"Snake Plant","floor":20,"turns":2},{"damage":0,"enemies":"Chosen and Byrds","floor":22,"turns":2},{"damage":0,"enemies":"Slavers","floor":23,"turns":3},{"damage":4,"enemies":"3 Cultists","floor":24,"turns":3},{"damage":0,"enemies":"Snake Plant","floor":28,"turns":2},{"damage":27,"enemies":"Gremlin Leader","floor":29,"turns":4},{"damage":8,"enemies":"Sentry and Sphere","floor":31,"turns":4},{"damage":16,"enemies":"Automaton","floor":33,"turns":6},{"damage":4,"enemies":"3 Shapes","floor":35,"turns":5},{"damage":0,"enemies":"3 Darklings","floor":36,"turns":3},{"damage":7,"enemies":"4 Shapes","floor":39,"turns":4},{"damage":11,"enemies":"Reptomancer","floor":40,"turns":4},{"damage":35,"enemies":"Nemesis","floor":42,"turns":5},{"damage":26,"enemies":"Mind Bloom Boss Battle","floor":45,"turns":6},{"damage":91,"enemies":"Awakened One","floor":50,"turns":9}],"seed_played":"8775648019124753345","potions_obtained":[{"floor":5,"key":"AttackPotion"},{"floor":6,"key":"Block Potion"},{"floor":8,"key":"Fire Potion"},{"floor":13,"key":"AttackPotion"},{"floor":16,"key":"Strength Potion"},{"floor":18,"key":"GamblersBrew"},{"floor":24,"key":"Energy Potion"},{"floor":29,"key":"FearPotion"},{"floor":40,"key":"SkillPotion"}],"is_trial":false,"path_per_floor":["M","?","M","M","M","E","M","M","T","$","?","R","M","E","R","B",null,"M","M","M","?","M","E","M","?","T","?","M","E","$","M","R","B",null,"M","M","$","?","M","E","R","E","T","$","?","R","?","?","R","B"],"character_chosen":"THE_STARBREAKER","items_purchased":["Bag of Preparation","Fruit Juice","PowerPotion"],"campfire_rested":3,"item_purchase_floors":[37,44,44],"current_hp_per_floor":[60,60,60,60,52,23,20,20,20,20,60,60,60,60,60,60,60,60,60,60,50,50,64,63,63,63,63,63,44,44,44,67,54,79,75,78,78,68,69,64,79,47,47,52,37,77,77,77,77,0,0],"gold":61,"neow_bonus":"THREE_ENEMY_KILL","is_daily":false,"chose_seed":false,"campfire_upgraded":2,"win_rate":0.0,"timestamp":1613213005,"path_taken":["M","?","M","M","M","E","M","M","T","$","?","R","M","E","R","BOSS","M","M","M","?","M","E","M","?","T","?","M","E","?","M","R","BOSS","M","M","$","?","M","E","R","E","T","$","?","R","?","?","R","BOSS"],"items_purchased_type":["Relic","Potion","Potion"],"build_version":"2020-12-22","purchased_purges":0,"victory":false,"max_hp_per_floor":[60,60,60,60,60,60,60,60,60,60,60,60,60,60,60,60,60,60,60,60,65,65,79,79,79,79,79,79,79,79,79,79,79,79,79,79,79,79,79,79,79,79,79,84,84,84,84,84,84,84,84],"card_choices":[{"not_picked":["Moonworks:Assault","Moonworks:BigMagnum"],"picked":"Moonworks:IndiscriminateFireSupport","floor":1},{"not_picked":["Moonworks:Dinner","Moonworks:ExtendedPhotonRifle"],"picked":"Moonworks:DeployBits","floor":3},{"not_picked":["Moonworks:CookingTime","Moonworks:IntelligenceOfficer"],"picked":"Moonworks:RagingMadness","floor":4},{"not_picked":["Moonworks:IndiscriminateFireSupport","Moonworks:ImOnFire"],"picked":"Moonworks:NicePresent","floor":5},{"not_picked":["Moonworks:FullSpeedAlicianrone","Moonworks:SealedMemories"],"picked":"Moonworks:AnotherUltimateWeapon","floor":6},{"not_picked":["Moonworks:DeployBits","Moonworks:NicePresent"],"picked":"Moonworks:LuckyCharm","floor":7},{"not_picked":["Moonworks:ScrambledEve","Moonworks:CloudOfSeagulls"],"picked":"Moonworks:ImOnFire","floor":8},{"not_picked":["Moonworks:CastOff","Moonworks:IndiscriminateFireSupport"],"picked":"Moonworks:NicePresent","floor":13},{"not_picked":["Moonworks:BigMagnum","Moonworks:JonathanRush"],"picked":"Moonworks:ForcedRevival","floor":14},{"not_picked":["Moonworks:AnotherUltimateWeapon","Moonworks:MetallicMonocoque"],"picked":"Moonworks:CrystalBarrier","floor":16},{"not_picked":["Moonworks:JonathanRush+1","Moonworks:Assault"],"picked":"Moonworks:TacticalRetreat","floor":18},{"not_picked":["Moonworks:EvilSpyWorkPreparation","Moonworks:Assault"],"picked":"Moonworks:DevilHand","floor":19},{"not_picked":["Moonworks:x16BigRocket","Moonworks:ImOnFire"],"picked":"Moonworks:SealedMemories","floor":20},{"not_picked":["Moonworks:BigBangBell","Moonworks:x16BigRocket"],"picked":"Moonworks:RagingMadness","floor":22},{"not_picked":["Moonworks:BindingChains+1","Moonworks:NicePresent"],"picked":"Moonworks:SakisCookie+1","floor":23},{"not_picked":["Moonworks:IndiscriminateFireSupport","Moonworks:WindyEnchantment"],"picked":"Moonworks:JonathanRush+1","floor":24},{"not_picked":["Moonworks:NicePresent","Moonworks:ImOnFire"],"picked":"Moonworks:LulusLuckyEgg+1","floor":28},{"not_picked":["Moonworks:BigMagnum","Moonworks:LulusLuckyEgg"],"picked":"Moonworks:WindyEnchantment","floor":29},{"not_picked":["Moonworks:JonathanRush+1","Moonworks:LulusLuckyEgg+1"],"picked":"Moonworks:EvilSpyWorkPreparation","floor":31},{"not_picked":["Moonworks:Encore","Moonworks:MetallicMonocoque"],"picked":"Moonworks:SinkOrSwim","floor":33},{"not_picked":["Moonworks:BigMagnum+1","Moonworks:Assault+1"],"picked":"Moonworks:BeyondHell+1","floor":35},{"not_picked":["Moonworks:IndiscriminateFireSupport+1","Moonworks:LulusLuckyEgg+1"],"picked":"Moonworks:ImOnFire+1","floor":36},{"not_picked":["Moonworks:Assault+1","Moonworks:LulusLuckyEgg"],"picked":"Moonworks:SakisCookie+1","floor":39},{"not_picked":["Moonworks:IndiscriminateFireSupport+1","Moonworks:DeployBits+1"],"picked":"Moonworks:BindingChains+1","floor":40},{"not_picked":["Moonworks:BeyondHell+1","Moonworks:ImOnFire"],"picked":"Moonworks:DeployBits+1","floor":42},{"not_picked":["Moonworks:NicePresent","Moonworks:SelfDestruct+1"],"picked":"Moonworks:SakisCookie+1","floor":45}],"player_experience":217253,"relics_obtained":[{"floor":6,"key":"Juzu Bracelet"},{"floor":9,"key":"Bottled Tornado"},{"floor":14,"key":"Blue Candle"},{"floor":23,"key":"Mango"},{"floor":29,"key":"Orichalcum"},{"floor":34,"key":"Omamori"},{"floor":34,"key":"Molten Egg 2"},{"floor":34,"key":"Pocketwatch"},{"floor":40,"key":"PreservedInsect"},{"floor":42,"key":"Regal Pillow"},{"floor":43,"key":"Whetstone"},{"floor":45,"key":"Thread and Needle"}],"event_choices":[{"damage_healed":0,"gold_gain":0,"player_choice":"Ignored","damage_taken":0,"max_hp_gain":0,"max_hp_loss":0,"event_name":"Liars Game","floor":2,"gold_loss":0},{"cards_removed":["Moonworks:RagingMadness"],"damage_healed":40,"gold_gain":0,"player_choice":"Offered Uncommon","damage_taken":0,"max_hp_gain":0,"max_hp_loss":0,"event_name":"Bonfire Elementals","floor":11,"gold_loss":0},{"damage_healed":0,"gold_gain":0,"player_choice":"Shed Blood","damage_taken":15,"max_hp_gain":5,"max_hp_loss":0,"event_name":"Forgotten Altar","floor":21,"gold_loss":0},{"damage_healed":0,"gold_gain":0,"player_choice":"Rummage","damage_taken":0,"relics_obtained":["WarpedTongs"],"max_hp_gain":0,"max_hp_loss":0,"event_name":"Accursed Blacksmith","floor":25,"gold_loss":0,"cards_obtained":["Pain"]},{"cards_removed":["Decay","Pain"],"damage_healed":0,"gold_gain":0,"player_choice":"Removed Curses","damage_taken":0,"max_hp_gain":0,"max_hp_loss":0,"event_name":"Fountain of Cleansing","floor":27,"gold_loss":0},{"damage_healed":0,"gold_gain":0,"player_choice":"Embrace Madness","damage_taken":10,"max_hp_gain":0,"max_hp_loss":0,"event_name":"Winding Halls","floor":38,"gold_loss":0,"cards_obtained":["Madness","Madness"]},{"damage_healed":0,"gold_gain":0,"player_choice":"Fight","damage_taken":0,"max_hp_gain":0,"max_hp_loss":0,"event_name":"MindBloom","floor":45,"gold_loss":0},{"cards_removed":["Madness"],"damage_healed":0,"gold_gain":0,"player_choice":"Purged","damage_taken":0,"max_hp_gain":0,"max_hp_loss":0,"event_name":"Purifier","floor":47,"gold_loss":0},{"damage_healed":0,"gold_gain":0,"player_choice":"Ignored","damage_taken":0,"max_hp_gain":0,"max_hp_loss":0,"event_name":"Mysterious Sphere","floor":48,"gold_loss":0}],"is_beta":false,"boss_relics":[{"not_picked":["Empty Cage","Moonworks:SBBomb"],"picked":"Cursed Key"},{"not_picked":["Sozu","Snecko Eye"],"picked":"Calling Bell"}],"items_purged_floors":[],"is_endless":false,"potions_floor_spawned":[5,6,8,13,16,18,20,24,29,31,39,40,42],"killed_by":"Awakened One","ascension_level":0}}