{"host":"ao4lxi9bhtts409i","time":1613251083,"event":{"mods":["AchievementEnabler","BaseMod","Colored Map","Colored Powertips","Minty Spire (QoL Compilation)","SuperFastMode"],"gold_per_floor":[362,381,394,240,256,282,282,292,292,292,320,320,320,354,354,452,452,470,470,486,27,27,27,126,454,454,471,471,471,218,228,228,326,326,338,115,131,154,201,201,214,242,242,242,274,348,348,360,360,360,360,360,106,138,138],"floor_reached":56,"language":"ENG","playtime":3191,"items_purged":[],"score":1626,"play_id":"3aa55759-9f6f-48dd-94c9-9faccb146615","local_time":"20210213221803","is_ascension_mode":true,"campfire_choices":[{"floor":7,"key":"REST"},{"data":"Offering","floor":10,"key":"SMITH"},{"data":"Hemokinesis","floor":12,"key":"SMITH"},{"data":"Immolate","floor":15,"key":"SMITH"},{"data":"Armaments","floor":23,"key":"SMITH"},{"data":"Brutality","floor":29,"key":"SMITH"},{"data":"Clothesline","floor":32,"key":"SMITH"},{"data":"Rupture","floor":40,"key":"SMITH"},{"floor":47,"key":"RECALL"},{"data":"Combust","floor":49,"key":"SMITH"},{"data":"Flame Barrier","floor":52,"key":"SMITH"}],"circlet_count":0,"master_deck":["Strike_R+1","Strike_R+1","Strike_R+1","Strike_R+1","Defend_R+1","Defend_R+1","Defend_R+1","Defend_R+1","Bash","Bloodletting","Iron Wave","Carnage","Offering+1","Flame Barrier+1","Wild Strike","Hemokinesis+1","Immolate+1","Brutality+1","Armaments+1","Wild Strike","Combust+1","Necronomicurse","Perfected Strike","Metallicize","Clothesline+1","Reaper","Fire Breathing+1","Rupture+1","Warcry+1","Evolve+1","Evolve+1","Madness+1","Madness+1","Offering+1","Metallicize","Shrug It Off+1"],"relics":["Burning Blood","Self Forming Clay","TungstenRod","Torii","Bottled Lightning","StrikeDummy","SlaversCollar","Mummified Hand","ClockworkSouvenir","Necronomicon","Old Coin","Sundial","Toxic Egg 2","Mark of Pain","Oddly Smooth Stone","Calipers","Meat on the Bone","Bottled Flame","Blood Vial","Question Card","White Beast Statue"],"acts_visited":["Exordium","TheCity","TheBeyond","TheEnding"],"potions_floor_usage":[6,6,11,33,33,33,39,42,42,50,50,50,54,55,55],"damage_taken":[{"damage":11,"enemies":"Cultist","floor":1,"turns":4},{"damage":0,"enemies":"2 Louse","floor":2,"turns":3},{"damage":5,"enemies":"Jaw Worm","floor":3,"turns":3},{"damage":9,"enemies":"Blue Slaver","floor":5,"turns":6},{"damage":34,"enemies":"Lagavulin","floor":6,"turns":6},{"damage":7,"enemies":"Looter","floor":8,"turns":2},{"damage":7,"enemies":"Gremlin Nob","floor":11,"turns":3},{"damage":9,"enemies":"Lagavulin","floor":14,"turns":4},{"damage":35,"enemies":"Hexaghost","floor":16,"turns":12},{"damage":6,"enemies":"Spheric Guardian","floor":18,"turns":3},{"damage":21,"enemies":"2 Thieves","floor":20,"turns":3},{"damage":6,"enemies":"Gremlin Leader","floor":25,"turns":4},{"damage":8,"enemies":"Snake Plant","floor":27,"turns":2},{"damage":5,"enemies":"3 Cultists","floor":31,"turns":3},{"damage":15,"enemies":"Automaton","floor":33,"turns":4},{"damage":8,"enemies":"3 Darklings","floor":35,"turns":3},{"damage":7,"enemies":"Orb Walker","floor":37,"turns":3},{"damage":2,"enemies":"2 Orb Walkers","floor":39,"turns":3},{"damage":12,"enemies":"Sphere and 2 Shapes","floor":41,"turns":5},{"damage":8,"enemies":"Reptomancer","floor":42,"turns":4},{"damage":30,"enemies":"Giant Head","floor":45,"turns":6},{"damage":7,"enemies":"Spire Growth","floor":48,"turns":3},{"damage":55,"enemies":"Donu and Deca","floor":50,"turns":6},{"damage":13,"enemies":"Shield and Spear","floor":54,"turns":3},{"damage":44,"enemies":"The Heart","floor":55,"turns":6}],"seed_played":"-5057423348568754335","potions_obtained":[{"floor":1,"key":"Fruit Juice"},{"floor":2,"key":"DistilledChaos"},{"floor":6,"key":"Swift Potion"},{"floor":14,"key":"Fire Potion"},{"floor":16,"key":"DuplicationPotion"},{"floor":25,"key":"EntropicBrew"},{"floor":41,"key":"Explosive Potion"},{"floor":42,"key":"LiquidBronze"},{"floor":45,"key":"Swift Potion"}],"is_trial":false,"path_per_floor":["M","M","M","$","M","E","R","M","T","R","E","R","T","E","R","B",null,"M","?","M","$","?","R","?","E","T","M","?","R","$","M","R","B",null,"M","$","M","T","?","R","M","E","T","?","E","T","R","M","R","B",null,"R","$","E","B",null],"character_chosen":"IRONCLAD","items_purchased":["Offering","Mummified Hand","Combust","ClockworkSouvenir","Toxic Egg 2","Rupture","Oddly Smooth Stone","DistilledChaos","PowerPotion","Swift Potion","Metallicize"],"campfire_rested":1,"item_purchase_floors":[4,21,21,21,30,36,36,53,53,53,53],"current_hp_per_floor":[51,57,58,58,55,32,57,56,56,56,55,55,55,52,52,23,70,70,70,55,55,43,43,43,43,43,41,41,41,41,42,42,33,72,70,70,69,69,73,73,77,75,75,65,60,60,60,65,65,30,71,71,71,66,72],"gold":138,"neow_bonus":"TWO_FIFTY_GOLD","is_daily":false,"chose_seed":false,"campfire_upgraded":9,"win_rate":0.0,"timestamp":1613251083,"path_taken":["M","M","M","$","M","E","R","?","T","R","E","R","?","E","R","BOSS","M","?","M","$","?","R","?","E","T","M","?","R","$","M","R","BOSS","M","$","M","?","?","R","M","E","T","?","E","?","R","M","R","BOSS","R","$","E","BOSS"],"items_purchased_type":["Card","Relic","Card","Relic","Relic","Card","Relic","Potion","Potion","Potion","Card"],"build_version":"2020-12-22","purchased_purges":0,"victory":true,"max_hp_per_floor":[80,80,80,80,80,85,85,85,85,85,85,85,85,85,85,85,85,85,85,85,85,85,85,85,85,85,85,85,85,85,85,85,85,85,85,85,85,85,85,85,85,85,85,85,85,85,85,85,85,85,85,85,85,85,85],"card_choices":[{"not_picked":["Dual Wield","Warcry"],"picked":"Bloodletting","floor":1},{"not_picked":["Sword Boomerang","Dropkick"],"picked":"Iron Wave","floor":2},{"not_picked":["Pommel Strike","Armaments"],"picked":"Carnage","floor":3},{"not_picked":["Anger","Heavy Blade","Warcry"],"picked":"SKIP","floor":5},{"not_picked":["Sever Soul","Body Slam"],"picked":"Flame Barrier","floor":6},{"not_picked":["Searing Blow","Iron Wave"],"picked":"Wild Strike","floor":8},{"not_picked":["Sword Boomerang","Sentinel"],"picked":"Hemokinesis","floor":11},{"not_picked":["Rampage","Flame Barrier"],"picked":"Immolate","floor":14},{"not_picked":["Berserk","Barricade"],"picked":"Brutality","floor":16},{"not_picked":["Wild Strike+1","Havoc"],"picked":"Armaments","floor":18},{"not_picked":["Rampage","Battle Trance"],"picked":"Wild Strike","floor":20},{"not_picked":["Heavy Blade","Power Through"],"picked":"Perfected Strike","floor":25},{"not_picked":["Armaments","Second Wind"],"picked":"Metallicize","floor":27},{"not_picked":["Second Wind+1","Twin Strike+1"],"picked":"Clothesline","floor":31},{"not_picked":["Offering+1","Fiend Fire"],"picked":"Reaper","floor":33},{"not_picked":["Pommel Strike","Cleave"],"picked":"Fire Breathing+1","floor":35},{"not_picked":["Sever Soul+1","Sword Boomerang+1","Havoc+1"],"picked":"SKIP","floor":37},{"not_picked":["Body Slam","Havoc+1"],"picked":"Warcry+1","floor":39},{"not_picked":["Flex+1","Warcry+1"],"picked":"Evolve+1","floor":41},{"not_picked":["Feel No Pain+1","Pommel Strike+1"],"picked":"Evolve+1","floor":42},{"not_picked":["Blood for Blood","Combust"],"picked":"Offering+1","floor":45},{"not_picked":["Carnage","Headbutt","Twin Strike+1","Flex+1"],"picked":"SKIP","floor":48},{"not_picked":["Power Through+1","Iron Wave","Anger+1"],"picked":"Shrug It Off+1","floor":54}],"player_experience":299152,"relics_obtained":[{"floor":6,"key":"Self Forming Clay"},{"floor":9,"key":"TungstenRod"},{"floor":11,"key":"Torii"},{"floor":13,"key":"Bottled Lightning"},{"floor":14,"key":"StrikeDummy"},{"floor":22,"key":"Necronomicon"},{"floor":25,"key":"Old Coin"},{"floor":26,"key":"Sundial"},{"floor":39,"key":"Calipers"},{"floor":42,"key":"Meat on the Bone"},{"floor":43,"key":"Bottled Flame"},{"floor":45,"key":"Blood Vial"},{"floor":46,"key":"Question Card"},{"floor":54,"key":"White Beast Statue"}],"event_choices":[{"damage_healed":0,"gold_gain":0,"player_choice":"Simplicity","damage_taken":0,"max_hp_gain":0,"max_hp_loss":0,"event_name":"Back to Basics","floor":19,"gold_loss":0,"cards_upgraded":["Strike_R","Strike_R","Strike_R","Strike_R","Strike_R","Defend_R","Defend_R","Defend_R","Defend_R"]},{"damage_healed":0,"gold_gain":0,"player_choice":"Obtained Book","damage_taken":16,"max_hp_gain":0,"max_hp_loss":0,"event_name":"Cursed Tome","floor":22,"gold_loss":0},{"damage_healed":0,"gold_gain":99,"player_choice":"Stole From Cult","damage_taken":0,"max_hp_gain":0,"max_hp_loss":0,"event_name":"Nest","floor":24,"gold_loss":0},{"cards_removed":["Strike_R"],"damage_healed":0,"gold_gain":0,"player_choice":"Purged","damage_taken":0,"max_hp_gain":0,"max_hp_loss":0,"event_name":"Purifier","floor":28,"gold_loss":0},{"damage_healed":0,"gold_gain":0,"player_choice":"Fight","damage_taken":0,"max_hp_gain":0,"max_hp_loss":0,"event_name":"Mysterious Sphere","floor":39,"gold_loss":0},{"damage_healed":0,"gold_gain":0,"player_choice":"Embrace Madness","damage_taken":11,"max_hp_gain":0,"max_hp_loss":0,"event_name":"Winding Halls","floor":44,"gold_loss":0,"cards_obtained":["Madness","Madness"]}],"is_beta":false,"boss_relics":[{"not_picked":["Sozu","Black Star"],"picked":"SlaversCollar"},{"not_picked":["Empty Cage","Busted Crown"],"picked":"Mark of Pain"}],"items_purged_floors":[],"is_endless":false,"potions_floor_spawned":[1,2,6,14,16,25,27,31,35,41,42,45,48],"ascension_level":5}}