{"host":"pzi5ngddyemmtlbx","time":1613250807,"event":{"mods":["AchievementEnabler","BaseMod","Googly Eyes","Highlight Path","Minty Spire (QoL Compilation)","Permanent Neow"],"gold_per_floor":[116,116,116,126,54,87,98,130,178,353,131,151,168,188,188,293,293,311,57,72,171,185,215,215,215],"floor_reached":24,"language":"ENG","playtime":1274,"items_purged":["Doubt","Strike_G"],"score":392,"play_id":"26468754-ec50-46f4-8404-3a8f292f1888","local_time":"20210213161327","is_ascension_mode":true,"campfire_choices":[{"floor":15,"key":"REST"}],"circlet_count":0,"master_deck":["AscendersBane","Strike_G","Strike_G","Strike_G","Strike_G","Defend_G","Defend_G","Defend_G","Defend_G","Defend_G","Survivor","Neutralize","Deadly Poison","Dagger Spray","Noxious Fumes","Outmaneuver","Footwork","Doppelganger","Calculated Gamble","Backflip","Corpse Explosion","Dodge and Roll","Backflip+1","Dodge and Roll+1"],"relics":["Runic Dome","Letter Opener","Bronze Scales","Turnip","Blood Vial","Runic Pyramid","Omamori","Calipers"],"acts_visited":["Exordium","TheCity"],"potions_floor_usage":[8,16,23,23],"damage_taken":[{"damage":2,"enemies":"Cultist","floor":1,"turns":4},{"damage":2,"enemies":"2 Louse","floor":4,"turns":3},{"damage":17,"enemies":"3 Sentries","floor":6,"turns":6},{"damage":0,"enemies":"Jaw Worm","floor":7,"turns":4},{"damage":1,"enemies":"Lagavulin","floor":8,"turns":8},{"damage":17,"enemies":"Exordium Wildlife","floor":12,"turns":4},{"damage":11,"enemies":"Looter","floor":13,"turns":3},{"damage":5,"enemies":"3 Louse","floor":14,"turns":2},{"damage":6,"enemies":"The Guardian","floor":16,"turns":10},{"damage":18,"enemies":"2 Thieves","floor":18,"turns":3},{"damage":0,"enemies":"Spheric Guardian","floor":20,"turns":7},{"damage":7,"enemies":"Centurion and Healer","floor":22,"turns":5},{"damage":29,"enemies":"Slavers","floor":23,"turns":2},{"damage":19,"enemies":"Snake Plant","floor":24,"turns":2}],"seed_played":"-5518419797624333077","potions_obtained":[{"floor":4,"key":"SteroidPotion"},{"floor":7,"key":"Weak Potion"},{"floor":8,"key":"AttackPotion"},{"floor":20,"key":"Fire Potion"}],"is_trial":false,"path_per_floor":["M","$","?","M","$","E","M","E","T","?","$","M","M","M","R","B",null,"M","$","M","?","M","E","M"],"character_chosen":"THE_SILENT","items_purchased":["Noxious Fumes","Blood Vial","Omamori"],"campfire_rested":1,"item_purchase_floors":[5,11,19],"current_hp_per_floor":[61,61,54,52,52,35,35,34,34,34,34,19,10,7,28,24,59,43,43,45,45,40,13,0,0],"gold":215,"neow_bonus":"BOSS_RELIC","is_daily":false,"chose_seed":false,"campfire_upgraded":0,"win_rate":0.0,"timestamp":1613250807,"path_taken":["M","?","?","M","?","E","?","E","T","?","$","M","M","M","R","BOSS","M","$","M","?","M","E","M"],"items_purchased_type":["Card","Relic","Relic"],"build_version":"2020-12-22","purchased_purges":2,"victory":false,"max_hp_per_floor":[70,70,70,70,70,70,70,70,70,70,70,70,70,70,70,70,70,70,70,70,70,70,70,70,70],"card_choices":[{"not_picked":["Slice","Bane"],"picked":"Deadly Poison","floor":1},{"not_picked":["Quick Slash","Backstab"],"picked":"Dagger Spray","floor":4},{"not_picked":["Sucker Punch","Flying Knee"],"picked":"Outmaneuver","floor":6},{"not_picked":["Outmaneuver","Quick Slash"],"picked":"Footwork","floor":7},{"not_picked":["Masterful Stab","Bane"],"picked":"Doppelganger","floor":8},{"not_picked":["Deflect","Expertise"],"picked":"Calculated Gamble","floor":12},{"not_picked":["Predator","Sucker Punch","Underhanded Strike"],"picked":"SKIP","floor":13},{"not_picked":["Underhanded Strike","Reflex"],"picked":"Backflip","floor":14},{"not_picked":["Unload","Phantasmal Killer"],"picked":"Corpse Explosion","floor":16},{"not_picked":["Backflip","All Out Attack"],"picked":"Dodge and Roll","floor":18},{"not_picked":["Tactician","Outmaneuver","Prepared"],"picked":"SKIP","floor":20},{"not_picked":["Dodge and Roll","Sucker Punch"],"picked":"Backflip+1","floor":22},{"not_picked":["Dash","Setup"],"picked":"Dodge and Roll+1","floor":23}],"player_experience":561753,"relics_obtained":[{"floor":6,"key":"Bronze Scales"},{"floor":8,"key":"Turnip"},{"floor":23,"key":"Calipers"}],"event_choices":[{"damage_healed":0,"gold_gain":0,"player_choice":"Success","damage_taken":7,"relics_obtained":["Letter Opener"],"max_hp_gain":0,"max_hp_loss":0,"event_name":"Scrap Ooze","floor":3,"gold_loss":0},{"damage_healed":0,"gold_gain":175,"player_choice":"AGREE","damage_taken":0,"max_hp_gain":0,"max_hp_loss":0,"event_name":"Liars Game","floor":10,"gold_loss":0,"cards_obtained":["Doubt"]},{"damage_healed":0,"gold_gain":99,"player_choice":"Stole From Cult","damage_taken":0,"max_hp_gain":0,"max_hp_loss":0,"event_name":"Nest","floor":21,"gold_loss":0}],"is_beta":false,"boss_relics":[{"not_picked":["Cursed Key","Sozu"],"picked":"Runic Pyramid"}],"items_purged_floors":[11,19],"is_endless":false,"potions_floor_spawned":[4,7,8,20],"killed_by":"Snake Plant","ascension_level":11}}