{"host":"cdnletu4ypo40ld3","time":1613232083,"event":{"mods":["BaseMod","Colored Map","Downfall","Duelist Mod","GifTheSpireLib","Hermit","Highlight Path","Hubris","Infinite Spire","Jorbs\u0027s Wanderer Trilogy","Marisa????????","Minty Spire (QoL Compilation)","Rare Cards Sparkle","Replay The Spire","StSLib","The Animator","The Bug Knight","The Cursed","The Disciple","The Hierophant","The Servant 0.9.4"],"gold_per_floor":[111,129,204,204,218,218,228,247,247,247,247,247,60,86,101,101,101,225,225,237,248,248,248,295,295,329,339,385,385,385,402,431,443,443,541,541,575,575,575,575,601,601,674,674,674,265,265,47,65,65,65],"floor_reached":53,"language":"ENG","playtime":3289,"items_purged":["Strike_MRS"],"score":753,"play_id":"0287c94d-1a6d-4485-82bf-657a54ecc742","local_time":"20210213230123","is_ascension_mode":false,"campfire_choices":[{"floor":6.0,"key":"REST"},{"data":"Replay:BasicMightCard","floor":12.0,"key":"SMITH"},{"floor":17.0,"key":"REST"},{"data":"FairyDestructionRay","floor":25,"key":"SMITH"},{"floor":30,"key":"REST"},{"floor":34,"key":"REST"},{"data":"MysteriousBeam","floor":42,"key":"SMITH"},{"floor":44,"key":"REST"},{"data":"AlicesGift","floor":48,"key":"SMITH"},{"floor":51,"key":"REST"}],"circlet_count":0,"master_deck":["Replay:BasicMightCard+1","Defend_MRS","Defend_MRS","Defend_MRS","Defend_MRS","MasterSpark","UpSweep","EventHorizon","Robbery","NonDirectionalLaser","6A","PulseMagic","ChargeUpSpray","AsteroidBelt+1","FairyDestructionRay+1","DarkMatter","TreasureHunter","DoubleSpark","MilkyWay","OrrerysSun","MachineGunSpark","MysteriousBeam+1","Pot Of Greed","Pot Of Greed","Pot Of Greed","BinaryStars","SuperPerseids","MillisecondPulsars+1","AsteroidBelt+1","Doubt","NonDirectionalLaser+1","hubris:Envy","AlicesGift+1","AbsoluteMagnitude","Singularity+1","MysteriousBeam","Pot Of Greed"],"relics":["RampagingMagicTools","Black Star","Onion Ring","Lee\u0027s Waffle","Replay:Bottled Steam","Tiny Chest","m_SpellCore","hubris:Backtick","MiniHakkero","Akabeko","infinitespire:PuzzleCube","Du-Vu Doll","Cursed Key","Grinning Jar","ReplayTheSpireMod:Ninjato","hubris:Reverence","Honey Jar","infinitespire:Satchel","Replay:Bottled Flurry","Quantum Egg","Snack Pack","hubris:Teleporter","Replay:PocketPolymizer","ClockworkSouvenir"],"acts_visited":["Exordium","TheCity","TheBeyond"],"potions_floor_usage":[20,26,43,52],"damage_taken":[{"damage":6.0,"enemies":"Cultist","floor":1.0,"turns":3.0},{"damage":2.0,"enemies":"Jaw Worm","floor":2.0,"turns":4.0},{"damage":7.0,"enemies":"Small Slimes","floor":5.0,"turns":2.0},{"damage":9.0,"enemies":"Exordium Wildlife","floor":7.0,"turns":3.0},{"damage":0.0,"enemies":"Large Slime","floor":8.0,"turns":3.0},{"damage":16.0,"enemies":"Lagavulin","floor":14.0,"turns":7.0},{"damage":2.0,"enemies":"3 Louse","floor":15.0,"turns":3.0},{"damage":54.0,"enemies":"Fading Forest","floor":18.0,"turns":11.0},{"damage":16,"enemies":"3 Byrds","floor":20,"turns":5},{"damage":17,"enemies":"Spheric Guardian","floor":21,"turns":4},{"damage":20,"enemies":"Centurion and Healer","floor":26,"turns":3},{"damage":0,"enemies":"Sentry and Sphere","floor":27,"turns":2},{"damage":0,"enemies":"Snecko","floor":31,"turns":1},{"damage":18,"enemies":"Book of Stabbing","floor":32,"turns":4},{"damage":2,"enemies":"Centurion and Healer","floor":33,"turns":2},{"damage":42,"enemies":"hubris:MusketHawk","floor":35,"turns":7},{"damage":16,"enemies":"3 Shapes","floor":37,"turns":3},{"damage":15,"enemies":"Reptomancer","floor":43,"turns":4},{"damage":15,"enemies":"Orb Walker","floor":50,"turns":2},{"damage":50,"enemies":"infinitespire:MassOfShapes","floor":52,"turns":6}],"seed_played":"-5253967060217571664","potions_obtained":[{"floor":8.0,"key":"Block Potion"},{"floor":14.0,"key":"AttackPotion"},{"floor":21,"key":"Block Potion"},{"floor":31,"key":"Guardian:BlockOnCardUsePotion"},{"floor":43,"key":"sneckomod:MuddlingPotion"}],"is_trial":false,"path_per_floor":["M","M","?","?","M","R","M","M","PTL","PTL","T","R","$","E","M","?","R","B",null,"M","M","?","?","T","R","M","M","T","AVR","R","M","E","M","R","B",null,"M","?","?","?","T","R","E","R","T","$","R","$","M","R","B",null],"character_chosen":"MARISA","items_purchased":["AsteroidBelt+1","Lee\u0027s Waffle","AlicesGift","Replay:PocketPolymizer","EssenceOfSteel","ClockworkSouvenir"],"campfire_rested":6,"item_purchase_floors":[13,13,47,47,49,49],"current_hp_per_floor":[69,67,56,56,49,71,62,62,62,62,62,62,82,66,64,64,82,38,82,66,49,33,62,62,62,42,42,42,42,68,68,50,48,74,32,87,71,71,71,71,71,71,56,82,82,82,82,82,67,87,47],"gold":65,"neow_bonus":"DOUBLE_BOSS_RELIC","is_daily":false,"chose_seed":false,"campfire_upgraded":4,"win_rate":0.0,"timestamp":1613232083,"path_taken":["M","M","?","?","?","R","M","M","PTL","PTL","T","R","?","E","M","?","R","BOSS","M","M","?","?","?","R","M","M","T","AVR","R","M","E","M","R","BOSS","M","?","?","?","?","R","E","R","T","?","R","$","?","R","BOSS"],"items_purchased_type":["Card","Relic","Card","Relic","Potion","Relic"],"build_version":"2020-12-22","purchased_purges":1,"victory":true,"max_hp_per_floor":[75,75,75,75,75,75,75,75,75,75,75,75,82,82,82,82,82,82,82,82,82,87,87,87,87,87,87,87,87,87,87,87,87,87,87,87,87,87,87,87,87,87,87,87,87,87,87,87,87,87,87],"card_choices":[{"not_picked":["AsteroidBelt","NonDirectionalLaser"],"picked":"EventHorizon","floor":1.0},{"not_picked":["ShootingEcho","RefractionSpark"],"picked":"Robbery","floor":2.0},{"not_picked":["WitchOfGreed","EscapeVelocity"],"picked":"6A","floor":5.0},{"not_picked":["OortCloud","ShootingEcho"],"picked":"PulseMagic","floor":7.0},{"not_picked":["DC","MilkyWay"],"picked":"ChargeUpSpray","floor":8.0},{"not_picked":["OortCloud","OpenUniverse"],"picked":"FairyDestructionRay","floor":14.0},{"not_picked":["AsteroidBelt","GrandCross"],"picked":"DarkMatter","floor":15.0},{"not_picked":["Fission","EscapeVelocity"],"picked":"TreasureHunter","floor":18.0},{"not_picked":["6A+1","WitchLeyline"],"picked":"DoubleSpark","floor":20},{"not_picked":["DarkSpark","AsteroidBelt"],"picked":"MilkyWay","floor":21},{"not_picked":["GrandCross","ChargingUp+1"],"picked":"OrrerysSun","floor":26},{"not_picked":["AsteroidBelt","Acceleration"],"picked":"MachineGunSpark","floor":27},{"not_picked":["SporeBomb","Acceleration"],"picked":"MysteriousBeam","floor":31},{"not_picked":["OrrerysSun","ShootTheMoon"],"picked":"BinaryStars","floor":32},{"not_picked":["OpenUniverse","SporeBomb"],"picked":"SuperPerseids","floor":33},{"not_picked":["SatelliteIllusion","AbsoluteMagnitude"],"picked":"MillisecondPulsars","floor":35},{"not_picked":["PulseMagic","DarkSpark+1","OneTimeOff"],"picked":"AsteroidBelt+1","floor":37},{"not_picked":["LuminesStrike","AbsoluteMagnitude","SuperPerseids"],"picked":"NonDirectionalLaser+1","floor":43},{"not_picked":["WitchOfGreed","ManaConvection+1","DoubleSpark+1"],"picked":"Singularity+1","floor":50}],"player_experience":209579,"relics_obtained":[{"floor":11.0,"key":"Onion Ring"},{"floor":14.0,"key":"Replay:Bottled Steam"},{"floor":14.0,"key":"Tiny Chest"},{"floor":24,"key":"Akabeko"},{"floor":28,"key":"infinitespire:PuzzleCube"},{"floor":32,"key":"Grinning Jar"},{"floor":32,"key":"ReplayTheSpireMod:Ninjato"},{"floor":32,"key":"hubris:Reverence"},{"floor":41,"key":"infinitespire:Satchel"},{"floor":43,"key":"Replay:Bottled Flurry"},{"floor":43,"key":"Quantum Egg"},{"floor":43,"key":"Snack Pack"},{"floor":45,"key":"hubris:Teleporter"}],"event_choices":[{"damage_healed":0.0,"max_hp_gain":0.0,"max_hp_loss":0.0,"gold_gain":75.0,"event_name":"World of Goop","player_choice":"Gather Gold","floor":3.0,"gold_loss":0.0,"damage_taken":11.0},{"damage_healed":0.0,"max_hp_gain":0.0,"max_hp_loss":0.0,"gold_gain":0.0,"cards_transformed":["Strike_MRS"],"event_name":"Transmorgrifier","player_choice":"Transformed","floor":4.0,"gold_loss":0.0,"damage_taken":0.0,"cards_obtained":["NonDirectionalLaser"]},{"damage_healed":0,"gold_gain":0,"player_choice":"Shed Blood","damage_taken":21,"max_hp_gain":5,"max_hp_loss":0,"event_name":"Forgotten Altar","floor":22,"gold_loss":0},{"damage_healed":29,"gold_gain":0,"player_choice":"Heal","damage_taken":0,"max_hp_gain":0,"max_hp_loss":0,"event_name":"The Library","floor":23,"gold_loss":0},{"damage_healed":0,"gold_gain":0,"player_choice":"Ignored","damage_taken":0,"max_hp_gain":0,"max_hp_loss":0,"event_name":"SecretPortal","floor":40,"gold_loss":0}],"is_beta":false,"boss_relics":[{"not_picked":["SlaversCollar","hubris:TerracottaHorce"],"picked":"hubris:Backtick"},{"not_picked":["SacredBark","Snecko Eye"],"picked":"Honey Jar"}],"items_purged_floors":[47],"is_endless":false,"potions_floor_spawned":[8,14,21,31,43],"ascension_level":0}}