{"host":"v4pe0ixo3k7iwzp0","time":1613207976,"event":{"mods":["100% Spire Juice","Ascension Reborn","BaseMod","Bestiary","Highlight Path","Minty Spire (QoL Compilation)","StSLib","Td1madao Mod","The Marked","The Servant 0.9.4","TheSwordswoman"],"gold_per_floor":[115,115,132,151,161,173,173,207,230,230,38,54,82,95,95,200,200,218,238,248,248,62,62,82,82,156,156,171,190,190,111,111,111,111],"floor_reached":33,"language":"ENG","playtime":2129,"items_purged":["Decay"],"score":261,"play_id":"4978b335-b7a2-4f68-aa78-2c6503933c79","local_time":"20210213011936","is_ascension_mode":true,"campfire_choices":[{"floor":15.0,"key":"REST"},{"data":"Perfect Defend","floor":23,"key":"SMITH"},{"floor":30,"key":"REST"},{"data":"Black Shadow","floor":32,"key":"SMITH"}],"circlet_count":0,"master_deck":["Strike_C","Strike_C","Strike_C","Strike_C","Defend_C","Defend_C","Defend_C","Defend_C","Knight Kick","Chip","Reflection Mechanism","Energy Supply","Black Dance","Fixing","Sudden Beat","Floating Swing Kick","Fire Up","Here Defend Chip","Fire Up","Furious","Light Attack","Overclocking","Black Spear+1","Black Shadow","Perfect Defend+1","Ruin Defend","Gravity Defend","Moon Tear","Preparedness","Judgment","Black Shadow+1","Fire Up"],"relics":["Apod","Bag of Preparation","Vajra","Sundial","Regal Pillow","Blood Vial","Snecko Eye","Pantograph"],"acts_visited":["Exordium","TheCity"],"potions_floor_usage":[18,24],"damage_taken":[{"damage":0.0,"enemies":"2 Louse","floor":1.0,"turns":3.0},{"damage":9.0,"enemies":"Jaw Worm","floor":3.0,"turns":6.0},{"damage":1.0,"enemies":"Cultist","floor":4.0,"turns":4.0},{"damage":4.0,"enemies":"Red Slaver","floor":5.0,"turns":4.0},{"damage":0.0,"enemies":"Lots of Slimes","floor":6.0,"turns":1.0},{"damage":40.0,"enemies":"Lagavulin","floor":8.0,"turns":11.0},{"damage":7.0,"enemies":"Blue Slaver","floor":12.0,"turns":3.0},{"damage":15.0,"enemies":"Gremlin Nob","floor":13.0,"turns":4.0},{"damage":0.0,"enemies":"3 Louse","floor":14.0,"turns":1.0},{"damage":26.0,"enemies":"Hexaghost","floor":16.0,"turns":9.0},{"damage":11,"enemies":"2 Thieves","floor":18,"turns":3},{"damage":0,"enemies":"3 Byrds","floor":19,"turns":3},{"damage":10,"enemies":"Cultist and Chosen","floor":20,"turns":5},{"damage":9,"enemies":"Snake Plant","floor":24,"turns":3},{"damage":3,"enemies":"Snecko","floor":28,"turns":6},{"damage":0,"enemies":"Sentry and Sphere","floor":29,"turns":4},{"damage":73,"enemies":"Automaton","floor":33,"turns":10}],"seed_played":"-1944816723783731095","potions_obtained":[{"floor":8.0,"key":"SpeedPotion"},{"floor":16.0,"key":"EssenceOfSteel"},{"floor":20,"key":"SkillPotion"},{"floor":28,"key":"Ancient Potion"}],"is_trial":false,"path_per_floor":["M","?","M","M","M","M","?","E","T","T","$","M","E","M","R","B",null,"M","M","M","?","$","R","M","?","T","?","M","M","R","$","R","B"],"character_chosen":"TD1MADAO_CLASS","items_purchased":["Regal Pillow","Here Defend Chip","Perfect Defend","Ruin Defend","Black Shadow","Fire Up"],"campfire_rested":2,"item_purchase_floors":[11,11,22,22,31,31],"current_hp_per_floor":[70,70,61,60,56,56,70,30,30,30,30,23,8,10,46,22,70,59,61,53,53,53,53,46,46,46,46,45,47,70,70,70,0,0],"gold":111,"neow_bonus":"THREE_CARDS","is_daily":false,"chose_seed":false,"campfire_upgraded":2,"win_rate":0.0,"timestamp":1613207976,"path_taken":["M","?","M","M","M","M","?","E","T","?","?","M","E","M","R","BOSS","M","M","M","?","$","R","M","?","T","?","?","M","R","?","R","BOSS"],"items_purchased_type":["Relic","Card","Card","Card","Card","Card"],"build_version":"2020-12-22","purchased_purges":1,"victory":false,"max_hp_per_floor":[70,70,70,70,70,70,70,70,70,70,70,70,70,70,70,70,70,70,70,70,70,70,70,70,70,70,70,70,70,70,70,70,70,70],"card_choices":[{"not_picked":["White Contract","Bugfix"],"picked":"Reflection Mechanism","floor":0.0},{"not_picked":["Twin Teeth","Machining"],"picked":"Energy Supply","floor":1.0},{"not_picked":["Reflection Mechanism","Afterwards"],"picked":"Black Dance","floor":3.0},{"not_picked":["Weapon Shift","Light Attack"],"picked":"Fixing","floor":4.0},{"not_picked":["Bursts","Oblique Hack"],"picked":"Sudden Beat","floor":5.0},{"not_picked":["Machining","Light Attack"],"picked":"Floating Swing Kick","floor":6.0},{"not_picked":["Lore","Afterwards"],"picked":"Fire Up","floor":8.0},{"not_picked":["Break Into","Oblique Hack"],"picked":"Fire Up","floor":12.0},{"not_picked":["Sudden Beat","White Contract"],"picked":"Furious","floor":13.0},{"not_picked":["Fire Up","Oblique Hack"],"picked":"Light Attack","floor":14.0},{"not_picked":["Bursts","Moon Tear"],"picked":"Overclocking","floor":16.0},{"not_picked":["Floating Swing Kick+1","Bugfix"],"picked":"Black Spear+1","floor":18},{"not_picked":["Lunge","Oblique Hack","Floating Swing Kick"],"picked":"SKIP","floor":19},{"not_picked":["Afterwards","Fire Blade"],"picked":"Black Shadow","floor":20},{"not_picked":["White Contract","Fixing"],"picked":"Gravity Defend","floor":24},{"not_picked":["Lunge","Bursts"],"picked":"Preparedness","floor":28},{"not_picked":["Here Defend Chip","Black Execution"],"picked":"Judgment","floor":29}],"player_experience":187870,"relics_obtained":[{"floor":8.0,"key":"Bag of Preparation"},{"floor":9.0,"key":"Vajra"},{"floor":10.0,"key":"Sundial"},{"floor":13.0,"key":"Blood Vial"},{"floor":26,"key":"Pantograph"}],"event_choices":[{"damage_healed":0.0,"max_hp_gain":0.0,"max_hp_loss":0.0,"gold_gain":0.0,"event_name":"Shining Light","player_choice":"Ignored","floor":2.0,"gold_loss":0.0,"damage_taken":0.0},{"damage_healed":23.0,"max_hp_gain":0.0,"max_hp_loss":0.0,"gold_gain":0.0,"event_name":"Big Fish","player_choice":"Banana","floor":7.0,"gold_loss":0.0,"damage_taken":0.0},{"damage_healed":0,"gold_gain":0,"player_choice":"Smashed Altar","damage_taken":0,"max_hp_gain":0,"max_hp_loss":0,"event_name":"Forgotten Altar","floor":21,"gold_loss":0,"cards_obtained":["Decay"]},{"damage_healed":0,"gold_gain":0,"player_choice":"Ignored","damage_taken":0,"max_hp_gain":0,"max_hp_loss":0,"event_name":"Ghosts","floor":25,"gold_loss":0},{"damage_healed":0,"gold_gain":0,"player_choice":"1 cards matched","damage_taken":0,"max_hp_gain":0,"max_hp_loss":0,"event_name":"Match and Keep!","floor":27,"gold_loss":0,"cards_obtained":["Moon Tear"]}],"is_beta":false,"boss_relics":[{"not_picked":["Ectoplasm","Cursed Key"],"picked":"Snecko Eye"}],"items_purged_floors":[22],"is_endless":false,"potions_floor_spawned":[3,4,6,8,16,20,24,28],"killed_by":"Automaton","ascension_level":0}}