{"host":"jruzzdd1waq9u00d","time":1613222111,"event":{"mods":["BaseMod","Colored Map","Colored Powertips","DeckTracker","Downfall","Minty Spire (QoL Compilation)","Quick Restart","Relic Stats","StSLib","SuperFastMode"],"gold_per_floor":[99,274,91,110,110,128,154,154,165,188,180,215,215,43,61,174,174,174,201,212,233,233,126,126,126,160,60,53,78,78,103,129,129,129,129],"floor_reached":33,"language":"ENG","playtime":1399,"items_purged":["Doubt","hexamod:Strike"],"score":263,"play_id":"e6ffe0d7-622f-4df9-89fb-a9a132b5a7c5","local_time":"20210213221511","is_ascension_mode":false,"campfire_choices":[{"data":"hexamod:Sear","floor":1.0,"key":"SMITH"},{"data":"expansioncontent:PrepareCrush","floor":8.0,"key":"SMITH"},{"data":"hexamod:ApocalypseNow","floor":13.0,"key":"SMITH"},{"data":"expansioncontent:StudyTheSpire","floor":18.0,"key":"SMITH"},{"floor":27.0,"key":"RECALL"},{"floor":30.0,"key":"REST"}],"circlet_count":0,"master_deck":["hexamod:Strike","hexamod:Strike+1","hexamod:Strike","hexamod:Defend+1","hexamod:Defend+1","hexamod:Defend","hexamod:Defend+1","hexamod:Sear+1","hexamod:Float+1","expansioncontent:PrepareCrush+1","hexamod:ApocalypseNow+1","hexamod:ThirdSeal","hexamod:SecondSeal","hexamod:BacktrackSmack+1","hexamod:SearingWound+1","expansioncontent:StudyTheSpire+1","hexamod:SixthSeal","RitualDagger+1"],"relics":["hexamod:SpiritBrand","Tiny Chest","PreservedInsect","Lantern","Ornamental Fan","Busted Crown","Mummified Hand","Orichalcum","downfall:HeartBlessingGreen","Juzu Bracelet"],"acts_visited":["Exordium","TheCity"],"potions_floor_usage":[33],"damage_taken":[{"damage":0.0,"enemies":"downfall:FleeingMerchant","floor":3.0,"turns":4.0},{"damage":0.0,"enemies":"2 Louse","floor":4.0,"turns":3.0},{"damage":0.0,"enemies":"Small Slimes","floor":6.0,"turns":3.0},{"damage":0.0,"enemies":"Jaw Worm","floor":9.0,"turns":3.0},{"damage":3.0,"enemies":"Lagavulin","floor":12.0,"turns":5.0},{"damage":0.0,"enemies":"downfall:FleeingMerchant","floor":14.0,"turns":4.0},{"damage":2.0,"enemies":"2 Fungi Beasts","floor":15.0,"turns":4.0},{"damage":18.0,"enemies":"WA_ARCHETYPE_RETAIN","floor":16.0,"turns":7.0},{"damage":2.0,"enemies":"Spheric Guardian","floor":19.0,"turns":3.0},{"damage":25.0,"enemies":"Centurion and Healer","floor":20.0,"turns":9.0},{"damage":24.0,"enemies":"Sentry and Sphere","floor":21.0,"turns":6.0},{"damage":3.0,"enemies":"downfall:FleeingMerchant","floor":23.0,"turns":4.0},{"damage":12.0,"enemies":"Gremlin Leader","floor":26.0,"turns":5.0},{"damage":0.0,"enemies":"downfall:FleeingMerchant","floor":28.0,"turns":4.0},{"damage":10.0,"enemies":"3 Cultists","floor":31.0,"turns":5.0},{"damage":5,"enemies":"Cultist and Chosen","floor":32,"turns":6},{"damage":44,"enemies":"SI_MIRROR_ARCHETYPE","floor":33,"turns":8}],"seed_played":"-1604771027630733122","potions_obtained":[{"floor":4.0,"key":"GamblersBrew"},{"floor":12.0,"key":"Energy Potion"},{"floor":15.0,"key":"BlessingOfTheForge"},{"floor":19.0,"key":"Block Potion"},{"floor":21.0,"key":"champ:CounterPotion"},{"floor":22.0,"key":"CultistPotion"},{"floor":26.0,"key":"BlessingOfTheForge"}],"is_trial":false,"path_per_floor":["R","?","$","M","?","M","T","R","M","T","?","E","R","$","M","B",null,"R","M","M","M","?","$","T","?","E","R","$","T","R","M","M","B"],"character_chosen":"THE_SPIRIT","items_purchased":["expansioncontent:PrepareCrush","expansioncontent:StudyTheSpire"],"campfire_rested":1,"item_purchase_floors":[3,14],"current_hp_per_floor":[70,70,70,70,75,75,75,75,75,75,75,72,72,72,70,52,75,75,73,48,24,24,21,21,46,34,34,34,34,56,46,41,0,0,0],"gold":129,"neow_bonus":"RANDOM_COMMON_RELIC","is_daily":false,"chose_seed":false,"campfire_upgraded":4,"win_rate":0.0,"timestamp":1613222111,"path_taken":["R","?","$","M","?","M","T","R","?","?","?","E","R","$","M","BOSS","R","M","M","M","?","$","T","?","E","R","$","?","R","M","M","BOSS"],"items_purchased_type":["Card","Card"],"build_version":"2020-12-22","purchased_purges":2,"victory":false,"max_hp_per_floor":[70,70,70,70,75,75,75,75,75,75,75,75,75,75,75,75,75,75,75,75,75,75,75,75,75,75,75,75,75,75,75,75,75,75,75],"relic_stats":{"Busted Crown":32,"counters":[17,83],"Ornamental Fan":[48],"Mummified Hand":[27],"Tiny Chest":2,"PreservedInsect":148,"Juzu Bracelet":0,"Orichalcum":[6],"obtain_stats":[{"Lantern":10,"Busted Crown":17,"Ornamental Fan":12,"Mummified Hand":24,"Tiny Chest":0,"downfall:HeartBlessingGreen":27,"PreservedInsect":7,"Juzu Bracelet":29,"Orichalcum":26,"hexamod:SpiritBrand":0},{"Lantern":4,"Busted Crown":8,"Ornamental Fan":5,"Mummified Hand":12,"Tiny Chest":0,"downfall:HeartBlessingGreen":13,"PreservedInsect":3,"Juzu Bracelet":14,"Orichalcum":13,"hexamod:SpiritBrand":0},{"Lantern":13,"Busted Crown":33,"Ornamental Fan":18,"Mummified Hand":55,"Tiny Chest":0,"downfall:HeartBlessingGreen":60,"PreservedInsect":10,"Juzu Bracelet":64,"Orichalcum":60,"hexamod:SpiritBrand":0}]},"card_choices":[{"not_picked":["hexamod:SwordOfDarkness","hexamod:PhantomFireball","hexamod:SecondSeal"],"picked":"SKIP","floor":3.0},{"not_picked":["hexamod:ShieldOfDarkness","hexamod:NightmareStrike"],"picked":"hexamod:SpectersWail","floor":4.0},{"not_picked":["hexamod:NightmareGuise","hexamod:AdvancingGuard","hexamod:SecondSeal"],"picked":"SKIP","floor":6.0},{"not_picked":["hexamod:RadiantFlame","hexamod:SwordOfDarkness"],"picked":"hexamod:ApocalypseNow","floor":9.0},{"not_picked":["hexamod:GhostLash","hexamod:ThermalTransfer"],"picked":"hexamod:BacktrackSmack","floor":12.0},{"not_picked":["hexamod:BurningTouch","hexamod:FirstSeal","hexamod:AdvancingGuard"],"picked":"SKIP","floor":12.0},{"not_picked":["hexamod:BurningTouch","hexamod:FirstSeal","hexamod:AdvancingGuard"],"picked":"SKIP","floor":12.0},{"not_picked":["hexamod:GhostOfSpireFuture","hexamod:BacktrackSmack"],"picked":"hexamod:SearingWound","floor":14.0},{"not_picked":["hexamod:HauntingEcho","hexamod:ShieldOfDarkness","hexamod:SuperheatedStrike"],"picked":"SKIP","floor":14.0},{"not_picked":["hexamod:BurningTouch","hexamod:FastForward"],"picked":"hexamod:SixthSeal","floor":15.0},{"not_picked":["hexamod:ShieldOfDarkness"],"picked":"SKIP","floor":19.0},{"not_picked":["hexamod:SpectralAdrenaline"],"picked":"SKIP","floor":19.0},{"not_picked":["hexamod:BurningTouch"],"picked":"SKIP","floor":20.0},{"not_picked":["hexamod:BacktrackSmack"],"picked":"SKIP","floor":20.0},{"not_picked":["hexamod:SpectersWail"],"picked":"SKIP","floor":21.0},{"not_picked":["hexamod:NightmareGuise"],"picked":"SKIP","floor":21.0},{"not_picked":["hexamod:ShieldOfDarkness"],"picked":"SKIP","floor":23.0},{"not_picked":["hexamod:GhostflameInferno"],"picked":"SKIP","floor":23.0},{"not_picked":["hexamod:HeatMetal"],"picked":"SKIP","floor":26.0},{"not_picked":["hexamod:HauntingEcho+1"],"picked":"SKIP","floor":26.0},{"not_picked":["hexamod:ChargedBarrage"],"picked":"SKIP","floor":28.0},{"not_picked":["hexamod:ShieldOfDarkness"],"picked":"SKIP","floor":28.0},{"not_picked":["hexamod:ThermalTransfer"],"picked":"SKIP","floor":31.0},{"not_picked":["hexamod:BacktrackSmack"],"picked":"SKIP","floor":31.0},{"not_picked":["hexamod:BacktrackSmack"],"picked":"SKIP","floor":32},{"not_picked":["hexamod:GhostflameBarrier"],"picked":"SKIP","floor":32}],"player_experience":463311,"relics_obtained":[{"floor":7.0,"key":"PreservedInsect"},{"floor":10.0,"key":"Lantern"},{"floor":12.0,"key":"Ornamental Fan"},{"floor":24.0,"key":"Mummified Hand"},{"floor":26.0,"key":"Orichalcum"},{"floor":29.0,"key":"Juzu Bracelet"}],"event_choices":[{"damage_healed":0.0,"max_hp_gain":5.0,"max_hp_loss":0.0,"gold_gain":0.0,"event_name":"Big Fish","player_choice":"Donut","floor":5.0,"gold_loss":0.0,"damage_taken":0.0},{"damage_healed":25.0,"max_hp_gain":0.0,"max_hp_loss":0.0,"gold_gain":0.0,"event_name":"The Library","player_choice":"Heal","floor":25.0,"gold_loss":0.0,"damage_taken":0.0}],"is_beta":false,"boss_relics":[{"not_picked":["Runic Dome","SlaversCollar"],"picked":"Busted Crown"}],"items_purged_floors":[3,23],"is_endless":false,"potions_floor_spawned":[4,12,15,19,21,26],"killed_by":"SI_MIRROR_ARCHETYPE","ascension_level":0}}