{"host":"rw1trt79hfpl7pom","time":1613224551,"event":{"mods":["BaseMod","Bestiary","Colored Map","Minty Spire (QoL Compilation)","Relic Stats","StSLib","SuperFastMode"],"gold_per_floor":[118,132,146,146,161,161,161,196,196,527,527,552,570,570,570,645,645,658,142,154,222,272,298,15,15,15,34,61,81,81,181,181,255,255,265,340,390,402,416,450,465,500,554,604,604,604],"floor_reached":45,"language":"ENG","playtime":1826,"items_purged":["Strike_B","Strike_B"],"score":1216,"play_id":"3a8032a2-5875-41df-9339-979ab1dd0ba0","local_time":"20210213055551","is_ascension_mode":true,"campfire_choices":[{"floor":6.0,"key":"REST"},{"data":"Reprogram","floor":11.0,"key":"SMITH"},{"floor":15.0,"key":"REST"},{"floor":25.0,"key":"REST"},{"data":"Seek","floor":30.0,"key":"SMITH"},{"floor":32.0,"key":"REST"}],"circlet_count":0,"master_deck":["AscendersBane","Strike_B","Defend_B","Defend_B","Defend_B","Defend_B","Zap","Dualcast","Reprogram+1","Ball Lightning","Go for the Eyes","Conserve Battery","Gash+1","Gash+1","Gash+1","All For One+1","Sunder+1","Gash+1","Seek+1","FTL+1","Scrape+1","Beam Cell+1","Hyperbeam+1","CurseOfTheBell","Hologram","Skim+1","Hologram","Sweeping Beam+1","Machine Learning","Decay"],"relics":["SlaversCollar","Symbiotic Virus","Strawberry","Molten Egg 2","Old Coin","StrikeDummy","SsserpentHead","Cursed Key","Orrery","Potion Belt","Akabeko","Nunchaku","Bottled Flame","Calling Bell","MealTicket","InkBottle","Du-Vu Doll","Emotion Chip","Blood Vial","Singing Bowl"],"acts_visited":["Exordium","TheCity","TheBeyond"],"potions_floor_usage":[45,45,45,45,45,45,45,45],"damage_taken":[{"damage":7.0,"enemies":"Small Slimes","floor":1.0,"turns":3.0},{"damage":6.0,"enemies":"Jaw Worm","floor":2.0,"turns":6.0},{"damage":6.0,"enemies":"Cultist","floor":3.0,"turns":4.0},{"damage":8.0,"enemies":"2 Fungi Beasts","floor":5.0,"turns":3.0},{"damage":4.0,"enemies":"Gremlin Nob","floor":8.0,"turns":3.0},{"damage":21.0,"enemies":"Lagavulin","floor":10.0,"turns":6.0},{"damage":21.0,"enemies":"3 Sentries","floor":12.0,"turns":10.0},{"damage":6.0,"enemies":"Lots of Slimes","floor":13.0,"turns":4.0},{"damage":26.0,"enemies":"Hexaghost","floor":16.0,"turns":9.0},{"damage":23.0,"enemies":"Shell Parasite","floor":18.0,"turns":4.0},{"damage":0.0,"enemies":"Chosen","floor":20.0,"turns":2.0},{"damage":6.0,"enemies":"Shelled Parasite and Fungi","floor":21.0,"turns":2.0},{"damage":11.0,"enemies":"Slavers","floor":23.0,"turns":4.0},{"damage":5.0,"enemies":"3 Cultists","floor":27.0,"turns":3.0},{"damage":10.0,"enemies":"Book of Stabbing","floor":28.0,"turns":3.0},{"damage":0.0,"enemies":"Snecko","floor":29.0,"turns":1.0},{"damage":17.0,"enemies":"Automaton","floor":33.0,"turns":5.0},{"damage":0.0,"enemies":"Orb Walker","floor":35.0,"turns":1.0},{"damage":0.0,"enemies":"Mind Bloom Boss Battle","floor":36.0,"turns":3.0},{"damage":0.0,"enemies":"3 Shapes","floor":38.0,"turns":5.0},{"damage":0.0,"enemies":"Jaw Worm Horde","floor":39.0,"turns":2.0},{"damage":0.0,"enemies":"Reptomancer","floor":40.0,"turns":2.0},{"damage":25.0,"enemies":"Maw","floor":41.0,"turns":4.0},{"damage":19.0,"enemies":"Giant Head","floor":42.0,"turns":4.0},{"damage":31,"enemies":"Nemesis","floor":45,"turns":4}],"seed_played":"-6090867616598314009","potions_obtained":[{"floor":1.0,"key":"ColorlessPotion"},{"floor":2.0,"key":"Energy Potion"},{"floor":12.0,"key":"DuplicationPotion"},{"floor":20.0,"key":"LiquidMemories"},{"floor":21.0,"key":"PowerPotion"},{"floor":33.0,"key":"Fire Potion"},{"floor":38.0,"key":"EntropicBrew"},{"floor":40.0,"key":"EntropicBrew"}],"is_trial":false,"path_per_floor":["M","M","M","?","M","R","T","E","T","E","R","E","M","?","R","B",null,"M","$","M","M","?","E","$","R","T","M","E","M","R","?","R","B",null,"M","?","?","M","M","E","M","E","T","?","E"],"character_chosen":"DEFECT","items_purchased":["Orrery","Potion Belt","PowerPotion","SteroidPotion","Nunchaku","Beam Cell+1"],"campfire_rested":4,"item_purchase_floors":[19,19,19,19,24,24],"current_hp_per_floor":[57,51,45,38,30,51,51,54,54,33,33,12,6,6,29,3,59,36,36,36,30,30,19,19,42,42,37,27,27,27,27,50,33,67,67,67,67,67,67,67,44,27,27,27,0,0],"gold":604,"neow_bonus":"BOSS_RELIC","is_daily":false,"chose_seed":false,"campfire_upgraded":2,"win_rate":0.0,"timestamp":1613224551,"path_taken":["M","M","M","?","M","R","?","E","T","E","R","E","?","?","R","BOSS","M","$","M","?","?","E","$","R","T","M","E","M","R","?","R","BOSS","M","?","?","M","M","E","M","E","T","?","E"],"items_purchased_type":["Relic","Relic","Potion","Potion","Relic","Card"],"build_version":"2020-12-22","purchased_purges":2,"victory":false,"max_hp_per_floor":[71,71,71,71,71,71,71,78,78,78,78,78,78,78,78,78,78,78,78,78,78,78,78,78,78,78,78,78,78,78,78,78,78,78,78,78,78,78,78,78,78,78,78,74,74,74],"relic_stats":{"Blood Vial":6,"SsserpentHead":300,"Nunchaku":[18],"Emotion Chip":[7,4,0,3,0],"Singing Bowl":0,"counters":[25,97],"MealTicket":0,"Cursed Key":1,"obtain_stats":[{"Potion Belt":19,"Singing Bowl":42,"Cursed Key":17,"Akabeko":23,"Old Coin":10,"Calling Bell":34,"Du-Vu Doll":34,"Blood Vial":40,"SlaversCollar":0,"SsserpentHead":14,"Nunchaku":24,"Bottled Flame":28,"Emotion Chip":36,"Strawberry":8,"Orrery":19,"Molten Egg 2":9,"MealTicket":34,"Cracked Core":0,"Symbiotic Virus":7,"StrikeDummy":12,"InkBottle":34},{"Potion Belt":10,"Singing Bowl":24,"Cursed Key":9,"Akabeko":13,"Old Coin":6,"Calling Bell":17,"Du-Vu Doll":17,"Blood Vial":22,"SlaversCollar":0,"SsserpentHead":8,"Nunchaku":13,"Bottled Flame":15,"Emotion Chip":19,"Strawberry":5,"Orrery":10,"Molten Egg 2":5,"MealTicket":17,"Cracked Core":0,"Symbiotic Virus":4,"StrikeDummy":7,"InkBottle":17},{"Potion Belt":52,"Singing Bowl":93,"Cursed Key":48,"Akabeko":60,"Old Coin":25,"Calling Bell":72,"Du-Vu Doll":72,"Blood Vial":85,"SlaversCollar":0,"SsserpentHead":39,"Nunchaku":60,"Bottled Flame":66,"Emotion Chip":76,"Strawberry":19,"Orrery":52,"Molten Egg 2":19,"MealTicket":72,"Cracked Core":0,"Symbiotic Virus":16,"StrikeDummy":35,"InkBottle":72}],"InkBottle":[17]},"card_choices":[{"not_picked":["Storm","Gash"],"picked":"Reprogram","floor":1.0},{"not_picked":["Streamline","Stack"],"picked":"Ball Lightning","floor":2.0},{"not_picked":["Stack","Turbo"],"picked":"Go for the Eyes","floor":3.0},{"not_picked":["Rebound","Compile Driver"],"picked":"Conserve Battery","floor":5.0},{"not_picked":["Go for the Eyes","Hello World","Auto Shields"],"picked":"SKIP","floor":8.0},{"not_picked":["Force Field","Darkness"],"picked":"Gash+1","floor":10.0},{"not_picked":["Streamline+1","Rebound+1"],"picked":"Gash+1","floor":12.0},{"not_picked":["Barrage+1","Lockon+1"],"picked":"Gash+1","floor":13.0},{"not_picked":["Seek","Multi-Cast"],"picked":"All For One+1","floor":16.0},{"not_picked":["Conserve Battery","Redo"],"picked":"Sunder+1","floor":18.0},{"not_picked":["Turbo","Stack+1"],"picked":"Gash+1","floor":19.0},{"not_picked":["Coolheaded","Self Repair"],"picked":"Seek","floor":19.0},{"not_picked":["Redo","Go for the Eyes+1"],"picked":"FTL+1","floor":19.0},{"not_picked":["Gash+1","Conserve Battery"],"picked":"Steam Power","floor":20.0},{"not_picked":["Streamline+1","Cold Snap+1","Capacitor"],"picked":"SKIP","floor":21.0},{"not_picked":["Rainbow","Hello World+1"],"picked":"Scrape+1","floor":23.0},{"not_picked":["Beam Cell+1","Blizzard+1","Consume"],"picked":"SKIP","floor":27.0},{"not_picked":["Beam Cell+1","Blizzard+1","Consume"],"picked":"SKIP","floor":27.0},{"not_picked":["Force Field","Barrage+1","Storm"],"picked":"SKIP","floor":28.0},{"not_picked":["Aggregate","Chill","Ball Lightning+1"],"picked":"SKIP","floor":29.0},{"not_picked":["Thunder Strike+1","Reboot"],"picked":"Hyperbeam+1","floor":33.0},{"not_picked":["Darkness","Heatsinks","Recycle"],"picked":"SKIP","floor":35.0},{"not_picked":["Go for the Eyes+1","Reinforced Body"],"picked":"Hologram","floor":36.0},{"not_picked":["FTL+1","Leap+1"],"picked":"Skim+1","floor":38.0},{"not_picked":["Blizzard+1","Leap","Sweeping Beam+1"],"picked":"SKIP","floor":39.0},{"not_picked":["Steam Power","Self Repair+1"],"picked":"Hologram","floor":40.0},{"not_picked":["Blizzard+1","Cold Snap+1"],"picked":"Sweeping Beam+1","floor":41.0},{"not_picked":["Redo","Reinforced Body"],"picked":"Machine Learning","floor":42.0}],"player_experience":2714779,"relics_obtained":[{"floor":7.0,"key":"Symbiotic Virus"},{"floor":8.0,"key":"Strawberry"},{"floor":9.0,"key":"Molten Egg 2"},{"floor":10.0,"key":"Old Coin"},{"floor":12.0,"key":"StrikeDummy"},{"floor":23.0,"key":"Akabeko"},{"floor":28.0,"key":"Bottled Flame"},{"floor":34.0,"key":"MealTicket"},{"floor":34.0,"key":"InkBottle"},{"floor":34.0,"key":"Du-Vu Doll"},{"floor":36.0,"key":"Emotion Chip"},{"floor":40.0,"key":"Blood Vial"},{"floor":42.0,"key":"Singing Bowl"}],"event_choices":[{"cards_removed":["Strike_B"],"damage_healed":0.0,"max_hp_gain":0.0,"max_hp_loss":0.0,"gold_gain":0.0,"event_name":"Golden Wing","player_choice":"Card Removal","floor":4.0,"gold_loss":0.0,"damage_taken":7.0},{"damage_healed":0.0,"max_hp_gain":0.0,"max_hp_loss":0.0,"gold_gain":0.0,"event_name":"FaceTrader","player_choice":"Trade","floor":14.0,"gold_loss":0.0,"damage_taken":0.0,"relics_obtained":["SsserpentHead"]},{"damage_healed":0.0,"max_hp_gain":0.0,"max_hp_loss":0.0,"gold_gain":0.0,"event_name":"Vampires","player_choice":"Ignored","floor":22.0,"gold_loss":0.0,"damage_taken":0.0},{"damage_healed":0.0,"max_hp_gain":0.0,"max_hp_loss":0.0,"gold_gain":50.0,"event_name":"Nest","player_choice":"Stole From Cult","floor":31.0,"gold_loss":0.0,"damage_taken":0.0},{"damage_healed":0.0,"max_hp_gain":0.0,"max_hp_loss":0.0,"gold_gain":0.0,"event_name":"MindBloom","player_choice":"Fight","floor":36.0,"gold_loss":0.0,"damage_taken":0.0},{"cards_removed":["Steam Power"],"damage_healed":0.0,"max_hp_gain":0.0,"max_hp_loss":0.0,"gold_gain":0.0,"event_name":"Falling","player_choice":"Removed Skill","floor":37.0,"gold_loss":0.0,"damage_taken":0.0},{"damage_healed":0.0,"max_hp_gain":0.0,"max_hp_loss":4.0,"gold_gain":0.0,"event_name":"Winding Halls","player_choice":"Max HP","floor":44.0,"gold_loss":0.0,"damage_taken":0.0}],"is_beta":false,"boss_relics":[{"not_picked":["Pandora\u0027s Box","Astrolabe"],"picked":"Cursed Key"},{"not_picked":["Inserter","Velvet Choker"],"picked":"Calling Bell"}],"items_purged_floors":[19,24],"is_endless":false,"potions_floor_spawned":[1,2,12,20,21,33,38,40],"killed_by":"Nemesis","ascension_level":20}}