{"host":"v0xbo920qxoewo3e","time":1613232670,"event":{"mods":["Act Like it!","Aspiration","Astrologer","BaseMod","Conspire","Downfall","Friendly Minions","GifTheSpireLib","Halation","Hermit","Hubris","Infinite Spire","Jedi Mod","Jorbs\u0027s Wanderer Trilogy","Koishi","Marisa????????","Minty Spire (QoL Compilation)","Potionbrewer","Rare Cards Sparkle","Reimu??????","Remilia??????","Replay The Spire","StSLib","Stuff the Spire","The Animator","The Blackbeard","The Bladedancer","The Bug Knight","The Construct","The Cursed","The Disciple","The Gatherer","The Jungle","The Problem Sleuth","The Runesmith","The Servant 0.9.4","TheBandit","Unceasing Turn Reminder"],"gold_per_floor":[114,129,167,167,167,167,185,218,242,277,277,294,294,48,48,148,148,165,175,175,185,197,197,217,217,271,289,309,309,309,325,325,325,325],"floor_reached":33,"language":"ENG","playtime":2904,"items_purged":["Strike_B"],"score":440,"play_id":"d8bce386-d073-4614-9fc7-bcccf107b572","local_time":"20210213181110","is_ascension_mode":true,"campfire_choices":[{"data":"Beam Cell","floor":6,"key":"SMITH"},{"data":"Hologram","floor":11,"key":"SMITH"},{"data":"Hologram","floor":13,"key":"SMITH"},{"data":"Zap","floor":15,"key":"SMITH"},{"data":"Blind","floor":23,"key":"SMITH"},{"data":"Sweeping Beam","floor":25,"key":"SMITH"},{"data":"StuffTheSpire:CelestialWarden","floor":29,"key":"SMITH"},{"data":"ReplayGash","floor":32,"key":"SMITH"}],"circlet_count":0,"master_deck":["AscendersBane","Strike_B","Strike_B","Strike_B","Defend_B","Defend_B","Defend_B","Defend_B","Zap+1","Dualcast","Bandage Up","Go for the Eyes","White Noise","Beam Cell+1","StuffTheSpire:CelestialWarden+1","Hologram+1","Hologram+1","Sweeping Beam+1","Sunder","Melter","Blind+1","Machine Learning","Beam Cell+1","Self Repair","Buffer","Sweeping Beam","ReplayGash+1"],"relics":["Cracked Core","hubris:Metronome","Oddly Smooth Stone","Tiny Chest","HollowMod:LifeEnderRelic","conspire:SlowCooker","Smiling Mask","halation:PinkSoulGem"],"acts_visited":["Exordium","TheCity"],"potions_floor_usage":[3,10,16,18,33,33],"damage_taken":[{"damage":4,"enemies":"Jaw Worm","floor":1,"turns":3},{"damage":1,"enemies":"2 Louse","floor":2,"turns":2},{"damage":8,"enemies":"conspire:MimicChest","floor":3,"turns":6},{"damage":0,"enemies":"conspire:RoseBush","floor":7,"turns":4},{"damage":0,"enemies":"HollowMod:MossKnight","floor":8,"turns":10},{"damage":30,"enemies":"Gremlin Nob","floor":10,"turns":4},{"damage":0,"enemies":"2 Fungi Beasts","floor":12,"turns":3},{"damage":8,"enemies":"Hexaghost","floor":16,"turns":9},{"damage":20,"enemies":"2 Thieves","floor":18,"turns":4},{"damage":5,"enemies":"Spheric Guardian","floor":19,"turns":4},{"damage":0,"enemies":"conspire:HollyBat","floor":21,"turns":7},{"damage":13,"enemies":"Shelled Parasite and Fungi","floor":22,"turns":5},{"damage":12,"enemies":"Centurion and Healer","floor":24,"turns":6},{"damage":0,"enemies":"conspire:HollyBat","floor":27,"turns":7},{"damage":15,"enemies":"Shelled Parasite and Fungi","floor":28,"turns":6},{"damage":22,"enemies":"Snake Plant","floor":31,"turns":5},{"damage":49,"enemies":"hubris:MusketHawk","floor":33,"turns":7}],"seed_played":"7863820618891996860","potions_obtained":[{"floor":1,"key":"PowerPotion"},{"floor":2,"key":"Weak Potion"},{"floor":8,"key":"SkillPotion"},{"floor":10,"key":"Energy Potion"},{"floor":18,"key":"Dexterity Potion"},{"floor":21,"key":"jedi:coolantleak"}],"is_trial":false,"path_per_floor":["M","M","?","?","T","R","M","E","T","E","R","M","R","$","R","B",null,"M","M","?","M","M","R","M","R","T","M","M","R","?","M","R","B"],"character_chosen":"DEFECT","items_purchased":["Melter","Blind"],"campfire_rested":0,"item_purchase_floors":[14,14],"current_hp_per_floor":[68,71,67,67,67,67,71,75,75,49,49,49,49,49,49,45,68,52,51,51,59,50,50,49,49,49,60,56,56,56,45,45,0,0],"gold":325,"neow_bonus":"RANDOM_COLORLESS","is_daily":false,"chose_seed":false,"campfire_upgraded":8,"win_rate":0.0,"timestamp":1613232670,"path_taken":["M","M","?","?","?","R","M","E","T","E","R","M","R","$","R","BOSS","M","M","?","M","M","R","M","R","T","M","M","R","?","M","R","BOSS"],"items_purchased_type":["Card","Card"],"build_version":"2020-12-22","purchased_purges":1,"victory":false,"max_hp_per_floor":[75,75,75,75,75,75,75,75,75,75,75,75,75,75,75,75,75,75,75,75,75,75,75,75,75,75,75,75,75,75,75,75,75,75],"card_choices":[{"not_picked":["ReplayTheSpireMod:Uncanny Aura","hubris:Ssssneak"],"picked":"Bandage Up","floor":0},{"not_picked":["jedi:BurstFrost","Redo"],"picked":"Go for the Eyes","floor":1},{"not_picked":["Stack","hubris:Ukulele"],"picked":"White Noise","floor":2},{"not_picked":["jedi:BurstLightning","Streamline"],"picked":"Beam Cell","floor":3},{"not_picked":["StuffTheSpire:Ambrosia","StuffTheSpire:Brawn"],"picked":"StuffTheSpire:CelestialWarden","floor":4},{"not_picked":["Go for the Eyes","jedi:BurstFrost"],"picked":"Hologram","floor":7},{"not_picked":["Self Repair","StuffTheSpire:LoadUp"],"picked":"Hologram","floor":8},{"not_picked":["Buffer","jedi:BurstLightning"],"picked":"Sweeping Beam","floor":10},{"not_picked":["Steam","StuffTheSpire:Synthwave"],"picked":"Sunder","floor":12},{"not_picked":["StuffTheSpire:EventHorizon","Multi-Cast"],"picked":"Machine Learning","floor":16},{"not_picked":["StuffTheSpire:NuclearReactor","StuffTheSpire:Coldhearted","ReplayTheSpireMod:Calculation Training"],"picked":"SKIP","floor":18},{"not_picked":["Go for the Eyes","jedi:overflow","ReplaySolidLightProjector"],"picked":"SKIP","floor":19},{"not_picked":["StuffTheSpire:NuclearReactor","StuffTheSpire:SnapShoot"],"picked":"Beam Cell+1","floor":21},{"not_picked":["Panic Button","StuffTheSpire:LoadUp"],"picked":"Self Repair","floor":22},{"not_picked":["Streamline","jedi:BurstLightning"],"picked":"Buffer","floor":24},{"not_picked":["jedi:BurstLightning+1","Beam Cell"],"picked":"Sweeping Beam","floor":27},{"not_picked":["BootSequence","Conserve Battery"],"picked":"ReplayGash","floor":28},{"not_picked":["Redo","Rainbow","BasicCrystalCard"],"picked":"SKIP","floor":31}],"player_experience":1480350,"relics_obtained":[{"floor":3,"key":"ReplayFunnel"},{"floor":5,"key":"hubris:Metronome"},{"floor":8,"key":"Oddly Smooth Stone"},{"floor":9,"key":"Tiny Chest"},{"floor":10,"key":"HollowMod:LifeEnderRelic"},{"floor":26,"key":"Smiling Mask"}],"event_choices":[{"damage_healed":0,"gold_gain":0,"player_choice":"Ignored","damage_taken":0,"max_hp_gain":0,"max_hp_loss":0,"event_name":"Vampires","floor":20,"gold_loss":0}],"is_beta":false,"boss_relics":[{"not_picked":["aspiration:SilentSkillbook","aspiration:RunicSpoon"],"picked":"conspire:SlowCooker"}],"items_purged_floors":[14],"is_endless":false,"potions_floor_spawned":[1,2,8,10,12,18,21,24,27,28,31],"killed_by":"hubris:MusketHawk","ascension_level":11}}