{"host":"Cenci","time":1613233745,"event":{"mods":["BaseMod","Downfall","Highlight Path","Minty Spire (QoL Compilation)","StSLib"],"gold_per_floor":[99,113,125,225,240,148,175,75,105,121,138,168,68,96,113,215,215,215,231,231,116,116,128,128,158,171,71,99,119,138,158,175,271,271,271,281,297,347,536,554,554,70,105,115,150,169,169,188,202,202,202,233,83,83,83,83],"floor_reached":57,"language":"ENG","playtime":4204,"items_purged":["Pride","Slimebound:RejuvenatingLick+1","Slimebound:Strike_Slimebound","Slimebound:Strike_Slimebound"],"score":1556,"play_id":"edf2f12d-5107-4cdb-aff0-c86917a6c43e","local_time":"20210213172905","is_ascension_mode":true,"campfire_choices":[{"data":"Slimebound:Chomp","floor":1,"key":"SMITH"},{"floor":8,"key":"RECALL"},{"data":"Slimebound:CheckThePlaybook","floor":13,"key":"SMITH"},{"data":"Slimebound:Split","floor":18,"key":"SMITH"},{"data":"Slimebound:Recycling","floor":27,"key":"SMITH"},{"data":"Slimebound:Equalize","floor":35,"key":"SMITH"},{"data":"Slimebound:FlameTackle","floor":47,"key":"SMITH"},{"data":"Slimebound:FlameTackle","floor":54,"key":"SMITH"}],"circlet_count":0,"master_deck":["Slimebound:Tackle","Slimebound:Defend_Slimebound","Slimebound:Defend_Slimebound","Slimebound:Defend_Slimebound","Slimebound:Defend_Slimebound","Slimebound:Split+1","Slimebound:CorrosiveSpit","Slimebound:Chomp+1","Slimebound:ForwardTackle","Slimebound:GoopSpray","Slimebound:ComboTackle","Slimebound:FlameTackle+1","Slimebound:FlameTackle","Slimebound:CheckThePlaybook+1","Slimebound:SlimeSpikes","Slimebound:Equalize+1","Slimebound:SamplingLick+1","Slimebound:SamplingLick+1","Slimebound:Recycling+1","Slimebound:ComboTackle","Slimebound:GoopSpray+1","Slimebound:Prepare+1","Slimebound:SlimeSpikes+1","Slimebound:SamplingLick+1","Slimebound:SamplingLick+1","Slimebound:Prepare+1","Slimebound:FlameTackle+1","Slimebound:Recollect+1","Secret Weapon+1"],"relics":["Slimebound:AbsorbEndCombat","downfall:HeartBlessingBlue","Blood Vial","Vajra","downfall:HeartBlessingRed","Toxic Egg 2","Slimebound:TarBlob","Pen Nib","Slimebound:MaxSlimesRelic","Ancient Tea Set","downfall:HeartBlessingGreen","Lantern","SlaversCollar","Thread and Needle","Sundial","Anchor","PreservedInsect","MealTicket","champ:DuelingGlove"],"acts_visited":["Exordium","TheCity","TheBeyond","TheEnding"],"potions_floor_usage":[14,16,52,56,56],"damage_taken":[{"damage":3,"enemies":"Small Slimes","floor":2,"turns":2},{"damage":1,"enemies":"Cultist","floor":3,"turns":3},{"damage":0,"enemies":"2 Louse","floor":5,"turns":1},{"damage":8,"enemies":"downfall:FleeingMerchant","floor":6,"turns":4},{"damage":14,"enemies":"Gremlin Nob","floor":9,"turns":3},{"damage":7,"enemies":"Exordium Wildlife","floor":10,"turns":3},{"damage":13,"enemies":"Exordium Thugs","floor":11,"turns":4},{"damage":24,"enemies":"Lagavulin","floor":12,"turns":5},{"damage":28,"enemies":"3 Sentries","floor":14,"turns":4},{"damage":12,"enemies":"2 Fungi Beasts","floor":15,"turns":1},{"damage":37,"enemies":"DF_ARCHETYPE_STREAMLINE","floor":16,"turns":8},{"damage":3,"enemies":"Chosen","floor":19,"turns":3},{"damage":33,"enemies":"downfall:FleeingMerchant","floor":21,"turns":4},{"damage":25,"enemies":"3 Byrds","floor":23,"turns":4},{"damage":26,"enemies":"Book of Stabbing","floor":25,"turns":3},{"damage":0,"enemies":"Snecko","floor":26,"turns":3},{"damage":22,"enemies":"Slavers","floor":28,"turns":3},{"damage":0,"enemies":"Centurion and Healer","floor":29,"turns":3},{"damage":27,"enemies":"Shelled Parasite and Fungi","floor":30,"turns":2},{"damage":0,"enemies":"3 Cultists","floor":31,"turns":3},{"damage":0,"enemies":"Snecko","floor":32,"turns":3},{"damage":23,"enemies":"SI_MIRROR_ARCHETYPE","floor":33,"turns":6},{"damage":7,"enemies":"3 Shapes","floor":36,"turns":2},{"damage":1,"enemies":"Orb Walker","floor":37,"turns":3},{"damage":0,"enemies":"Orb Walker","floor":38,"turns":2},{"damage":12,"enemies":"downfall:FleeingMerchant","floor":39,"turns":2},{"damage":0,"enemies":"3 Darklings","floor":40,"turns":4},{"damage":21,"enemies":"Reptomancer","floor":43,"turns":5},{"damage":14,"enemies":"Maw","floor":44,"turns":5},{"damage":0,"enemies":"Nemesis","floor":45,"turns":3},{"damage":0,"enemies":"Transient","floor":46,"turns":5},{"damage":0,"enemies":"Jaw Worm Horde","floor":48,"turns":2},{"damage":0,"enemies":"Spire Growth","floor":49,"turns":2},{"damage":5,"enemies":"IC_BLOCK_ARCHETYPE","floor":50,"turns":6},{"damage":41,"enemies":"downfall:CharBossMerchant","floor":52,"turns":6},{"damage":7,"enemies":"downfall:NeowBoss","floor":55,"turns":7},{"damage":16,"enemies":"downfall:NeowBossFinal","floor":56,"turns":7}],"seed_played":"-3712114992655257069","potions_obtained":[{"floor":5,"key":"Slimebound:SlimedPotion"},{"floor":9,"key":"FairyPotion"},{"floor":11,"key":"Regen Potion"},{"floor":14,"key":"SkillPotion"},{"floor":23,"key":"LiquidBronze"},{"floor":52,"key":"Strength Potion"}],"is_trial":false,"path_per_floor":["R","M","M","?","M","$","T","R","E","M","M","E","R","E","M","B",null,"R","M","?","$","?","M","T","E","M","R","E","M","M","M","M","B",null,"R","M","M","?","$","M","T","$","E","M","E","M","R","M","M","B",null,"E","$","R","B","B",null],"character_chosen":"SLIMEBOUND","items_purchased":["Slimebound:FlameTackle","Slimebound:GoopSpray+1","Slimebound:FlameTackle","Anchor","Slimebound:Recollect+1","Secret Weapon+1"],"campfire_rested":0,"item_purchase_floors":[6,21,39,42,42,42],"current_hp_per_floor":[65,62,63,63,63,61,61,71,63,64,59,43,43,31,21,2,57,57,58,58,41,75,54,54,46,64,64,60,75,54,72,75,68,73,73,73,75,75,63,73,73,73,54,61,75,75,75,75,75,75,75,38,53,53,68,74],"gold":83,"neow_bonus":"TRANSFORM_CARD","is_daily":false,"chose_seed":false,"campfire_upgraded":7,"win_rate":0.0,"timestamp":1613233745,"path_taken":["R","M","M","?","M","?","T","R","E","M","M","E","R","E","M","BOSS","R","M","?","$","?","M","T","E","?","R","E","M","M","M","M","BOSS","R","M","M","?","$","M","T","$","E","M","E","M","R","M","M","BOSS","E","$","R","BOSS","BOSS"],"items_purchased_type":["Card","Card","Card","Relic","Card","Card"],"build_version":"2020-11-17","purchased_purges":4,"victory":true,"max_hp_per_floor":[65,65,65,65,65,65,65,75,75,75,75,75,75,75,75,75,75,75,75,75,75,75,75,75,75,75,75,75,75,75,75,75,75,75,75,75,75,75,75,75,75,75,75,75,75,75,75,75,75,75,75,75,75,75,75,75],"card_choices":[{"not_picked":["Slimebound:SplitLeeching","Slimebound:LivingWall","Slimebound:SplitMire"],"picked":"SKIP","floor":2},{"not_picked":["Slimebound:SpikyOuterGoop","Slimebound:Schlurp"],"picked":"Slimebound:ForwardTackle","floor":3},{"not_picked":["Slimebound:HauntingLick","Slimebound:RejuvenatingLick"],"picked":"Slimebound:GoopSpray","floor":5},{"not_picked":["Slimebound:SlimeSpikes","Slimebound:SplitLeeching"],"picked":"Slimebound:ComboTackle","floor":6},{"not_picked":["Slimebound:ForwardTackle","Slimebound:FormOfPuddle"],"picked":"Slimebound:FlameTackle","floor":9},{"not_picked":["Slimebound:LeechingTouch","Slimebound:DisruptingSlam"],"picked":"Slimebound:CheckThePlaybook","floor":10},{"not_picked":["Slimebound:Schlurp","Slimebound:LivingWall"],"picked":"Slimebound:SlimeSpikes","floor":11},{"not_picked":["Slimebound:ServeAndProtect","Slimebound:FormOfPuddle"],"picked":"Slimebound:Equalize","floor":12},{"not_picked":["Slimebound:ComboTackle","Slimebound:GoopTackle"],"picked":"Slimebound:SamplingLick+1","floor":14},{"not_picked":["Slimebound:SelfFormingGoo","Slimebound:MegaLick+1"],"picked":"Slimebound:SamplingLick+1","floor":15},{"not_picked":["Slimebound:FirmFortitude+1","Slimebound:DuplicatedForm"],"picked":"Slimebound:Recycling","floor":16},{"not_picked":["Slimebound:LivingWall+1","Slimebound:GoopTackle"],"picked":"Slimebound:ComboTackle","floor":19},{"not_picked":["Slimebound:FinishingTackle+1","Slimebound:PressTheAttack"],"picked":"Slimebound:RejuvenatingLick+1","floor":21},{"not_picked":["Slimebound:SlimeBrawl+1","Slimebound:GoopTackle","Slimebound:HauntingLick+1"],"picked":"SKIP","floor":23},{"not_picked":["Slimebound:SplitMire+1","Slimebound:SplitAcid+1"],"picked":"Slimebound:Prepare+1","floor":25},{"not_picked":["Slimebound:GoopTackle","Slimebound:GoopSpray+1","Slimebound:ItLooksTasty"],"picked":"SKIP","floor":26},{"not_picked":["Slimebound:SplitAcid+1","Slimebound:ComboTackle"],"picked":"Slimebound:SlimeSpikes+1","floor":28},{"not_picked":["Slimebound:GoopTackle","Slimebound:SelfFormingGoo"],"picked":"Slimebound:SamplingLick+1","floor":29},{"not_picked":["Slimebound:GoopTackle","Slimebound:ItLooksTasty"],"picked":"Slimebound:SamplingLick+1","floor":30},{"not_picked":["Slimebound:AcidTongue","Slimebound:RainOfGoop+1","Slimebound:LeechEnergy"],"picked":"SKIP","floor":31},{"not_picked":["Slimebound:SamplingLick+1","Slimebound:FinishingTackle","Slimebound:LeechEnergy+1"],"picked":"SKIP","floor":32},{"not_picked":["Slimebound:Schlurp+1","Slimebound:SplitLeeching+1"],"picked":"Slimebound:Prepare+1","floor":36},{"not_picked":["Slimebound:SplitLeeching+1","Slimebound:LeechEnergy","Slimebound:AcidTongue+1"],"picked":"SKIP","floor":37},{"not_picked":["Slimebound:SlimeSpikes+1","Slimebound:SpikyOuterGoop","Slimebound:HauntingLick+1"],"picked":"SKIP","floor":39},{"not_picked":["Slimebound:HauntingLick+1","Slimebound:GoopTackle+1","Slimebound:ServeAndProtect+1"],"picked":"SKIP","floor":40},{"not_picked":["Slimebound:Schlurp+1","Slimebound:SpikyOuterGoop+1","Slimebound:LivingWall+1"],"picked":"SKIP","floor":43},{"not_picked":["Slimebound:RainOfGoop+1","Slimebound:GoopTackle","Slimebound:SplitSpecialist+1"],"picked":"SKIP","floor":44},{"not_picked":["Slimebound:Prepare+1","Slimebound:PressTheAttack+1","Slimebound:Grow"],"picked":"SKIP","floor":45},{"not_picked":["Slimebound:Gluttony","Slimebound:HauntingLick+1","Slimebound:SelfFormingGoo"],"picked":"SKIP","floor":46},{"not_picked":["Slimebound:RejuvenatingLick+1","Slimebound:SplitBruiser+1","Slimebound:FinishingTackle+1"],"picked":"SKIP","floor":48},{"not_picked":["Slimebound:Schlurp+1","Slimebound:LivingWall+1","Slimebound:SlimeSpikes+1"],"picked":"SKIP","floor":49},{"not_picked":["Slimebound:LeadByExample","Slimebound:GrowthPunch+1","Slimebound:GoopTackle"],"picked":"SKIP","floor":52}],"player_experience":312515,"relics_obtained":[{"floor":9,"key":"Blood Vial"},{"floor":12,"key":"Vajra"},{"floor":14,"key":"Toxic Egg 2"},{"floor":24,"key":"Slimebound:MaxSlimesRelic"},{"floor":25,"key":"Ancient Tea Set"},{"floor":28,"key":"Lantern"},{"floor":38,"key":"Thread and Needle"},{"floor":41,"key":"Sundial"},{"floor":43,"key":"PreservedInsect"},{"floor":45,"key":"MealTicket"},{"floor":52,"key":"champ:DuelingGlove"}],"event_choices":[{"damage_healed":0,"gold_gain":0,"player_choice":"Stole Relic","damage_taken":0,"relics_obtained":["Pen Nib"],"max_hp_gain":0,"max_hp_loss":0,"event_name":"Addict","floor":20,"gold_loss":0,"cards_obtained":["Pride"]},{"damage_healed":34,"gold_gain":0,"player_choice":"Full Heal","damage_taken":0,"max_hp_gain":0,"max_hp_loss":0,"event_name":"Wheel of Change","floor":22,"gold_loss":0}],"is_beta":true,"boss_relics":[{"not_picked":["Snecko Eye","Empty Cage"],"picked":"Slimebound:TarBlob"},{"not_picked":["Cursed Key","Velvet Choker"],"picked":"SlaversCollar"}],"items_purged_floors":[21,39,42,53],"is_endless":false,"potions_floor_spawned":[5,9,11,14,23,29,30,31,33,37,38,45,49,52],"ascension_level":5}}