{"host":"m9osufisr3agwk96","time":1613194803,"event":{"mods":["AchievementEnabler","Aspiration","BaseMod","Colored Map","Colored Powertips","Downfall","Friendly Minions","Hermit","Highlight Path","Hubris","Minty Spire (QoL Compilation)","Rare Cards Sparkle","Reliquary","Replay The Spire","Shop Mod","StSLib"],"gold_per_floor":[116,116,41,61,112,143,143,143,143,153,183,183,32,32,32,135,135,155,166,66,66,81,81,96,96,122,122,122,142,67,84,84,179,179,194,204,204,222,47,47,62,78,78,89,89,100,150,150,150,150,150,150,15,44,44,44],"floor_reached":55,"language":"ENG","playtime":2362,"items_purged":["Defend_P","Injury","Parasite","hubris:Disease"],"score":477,"play_id":"b9392c46-f6d2-46ad-b627-f7aac348264e","local_time":"20210212214003","is_ascension_mode":false,"campfire_choices":[{"floor":8,"key":"REST"},{"data":"Wish","floor":12,"key":"SMITH"},{"floor":15,"key":"REST"},{"floor":23,"key":"RECALL"},{"floor":25,"key":"REST"},{"data":"Vault","floor":27,"key":"SMITH"},{"data":"Scrawl","floor":32,"key":"SMITH"},{"floor":40,"key":"REST"},{"floor":49,"key":"REST"},{"data":"ClearTheMind","floor":52,"key":"SMITH"}],"circlet_count":0,"master_deck":["Strike_P","Strike_P","Strike_P+1","Strike_P+1","Defend_P","Defend_P","Defend_P+1","Eruption+1","Vigilance","ReachHeaven+1","Halt","Wish+1","ClearTheMind+1","EmptyFist+1","Vault+1","Conclude+1","FearNoEvil+1","Replay:BluntJabs+1","Protect","Scrawl+1","Consecrate+1","AbeCurse","DevaForm+1","Replay:DivineShield+1","FollowUp+1","Purity","Crescendo+1","Worship+1","CarveReality+1","Parasite","Prostrate+1","Establishment","Voices","downfall:Aged","InnerPeace+1"],"relics":["PureWater","Centennial Puzzle","Darkstone Periapt","Molten Egg 2","Replay:Ringing Soul","reliquary:PorcupineQuills","Vajra","Letter Opener","SacredBark","ReplayTheSpireMod:Shallot","VioletLotus","Incense Burner","Ring of Greed","The Courier","Blue Doll","ReplayTheSpireMod:CursedCoin","Simple Rune"],"acts_visited":["Exordium","TheCity","TheBeyond","TheEnding"],"potions_floor_usage":[6,18,22,29,31,41,42,42,44,50,54,54,55,55],"damage_taken":[{"damage":0,"enemies":"2 Louse","floor":1,"turns":3},{"damage":0,"enemies":"Jaw Worm","floor":4,"turns":1},{"damage":8,"enemies":"3 Sentries","floor":6,"turns":3},{"damage":0,"enemies":"Small Slimes","floor":10,"turns":2},{"damage":9,"enemies":"Gremlin Nob","floor":11,"turns":3},{"damage":39,"enemies":"Hexaghost","floor":16,"turns":10},{"damage":2,"enemies":"Shell Parasite","floor":18,"turns":3},{"damage":0,"enemies":"Chosen","floor":19,"turns":4},{"damage":14,"enemies":"Snecko","floor":22,"turns":4},{"damage":10,"enemies":"Snake Plant","floor":24,"turns":3},{"damage":3,"enemies":"Centurion and Healer","floor":29,"turns":3},{"damage":0,"enemies":"Cultist and Chosen","floor":31,"turns":4},{"damage":24,"enemies":"Pondfish","floor":33,"turns":12},{"damage":18,"enemies":"3 Darklings","floor":35,"turns":3},{"damage":0,"enemies":"Orb Walker","floor":36,"turns":6},{"damage":33,"enemies":"Writhing Mass","floor":38,"turns":6},{"damage":0,"enemies":"Jaw Worm Horde","floor":41,"turns":3},{"damage":0,"enemies":"Spire Growth","floor":42,"turns":1},{"damage":30,"enemies":"Writhing Mass","floor":44,"turns":7},{"damage":14,"enemies":"Maw","floor":46,"turns":8},{"damage":121,"enemies":"Replay:Hell Engine","floor":50,"turns":15},{"damage":21,"enemies":"Shield and Spear","floor":54,"turns":6},{"damage":167,"enemies":"The Heart","floor":55,"turns":9}],"seed_played":"-944646653441040497","potions_obtained":[{"floor":1,"key":"champ:CounterPotion"},{"floor":16,"key":"PowerPotion"},{"floor":19,"key":"Milkshake"},{"floor":24,"key":"SneckoOil"},{"floor":29,"key":"Swift Potion"},{"floor":38,"key":"DuplicationPotion"},{"floor":41,"key":"SteroidPotion"},{"floor":42,"key":"LifebloodPotion"},{"floor":46,"key":"champ:CounterPotion"},{"floor":54,"key":"Block Potion"}],"is_trial":false,"path_per_floor":["M","?","$","M","T","E","?","R","T","M","E","R","$","?","R","B",null,"M","M","$","?","M","R","M","R","T","R","?","M","?","M","R","B",null,"M","M","?","M","$","R","M","M","T","M","?","M","?","?","R","B",null,"R","$","E","B"],"character_chosen":"WATCHER","items_purchased":["Vajra","Explosive Potion","ReplayTheSpireMod:CursedCoin","DistilledChaos","Fire Potion","Milkshake"],"campfire_rested":5,"item_purchase_floors":[13,39,53,53,53,53],"current_hp_per_floor":[72,58,58,58,58,50,56,78,78,81,75,75,75,50,75,39,87,88,91,91,100,89,89,82,108,108,108,108,108,108,111,111,96,123,108,111,114,90,90,131,134,137,137,116,116,105,114,114,163,42,165,165,180,162,0,0],"gold":44,"neow_bonus":"UPGRADE_CARD","is_daily":false,"chose_seed":false,"campfire_upgraded":4,"win_rate":0.0,"timestamp":1613194803,"path_taken":["M","?","$","M","?","E","?","R","T","M","E","R","?","?","R","BOSS","M","M","$","?","M","R","M","R","T","R","?","?","?","M","R","BOSS","M","M","?","M","$","R","M","?","T","M","?","?","?","?","R","BOSS","R","$","E","BOSS"],"items_purchased_type":["Relic","Potion","Relic","Potion","Potion","Potion"],"build_version":"2020-12-22","purchased_purges":4,"victory":false,"max_hp_per_floor":[72,72,72,72,72,72,78,78,78,81,84,84,84,84,84,87,87,90,93,93,102,105,105,108,108,108,108,108,111,111,114,114,123,123,126,129,132,141,138,138,141,144,144,153,153,156,165,165,165,165,165,165,180,183,183,183],"card_choices":[{"not_picked":["Prostrate","Protect"],"picked":"ReachHeaven","floor":1},{"not_picked":["Prostrate","PathToVictory"],"picked":"Halt","floor":4},{"not_picked":["WaveOfTheHand","TalkToTheHand"],"picked":"Wish","floor":6},{"not_picked":["Fasting2","Replay:BluntJabs+1"],"picked":"ClearTheMind","floor":10},{"not_picked":["SashWhip+1","Replay:AtTheReady"],"picked":"EmptyFist+1","floor":11},{"not_picked":["Omniscience","Judgement"],"picked":"Vault","floor":16},{"not_picked":["CutThroughFate+1","Replay:AtTheReady"],"picked":"Conclude+1","floor":18},{"not_picked":["Replay:AtTheReady+1","Replay:BluntJabs+1"],"picked":"FearNoEvil+1","floor":19},{"not_picked":["FlyingSleeves+1","ThirdEye"],"picked":"Replay:BluntJabs+1","floor":22},{"not_picked":["FlyingSleeves+1","Replay:BluntJabs+1"],"picked":"Protect","floor":24},{"not_picked":["Swivel+1","MentalFortress"],"picked":"Scrawl","floor":29},{"not_picked":["Protect","Study"],"picked":"Consecrate+1","floor":31},{"not_picked":["Establishment","Scrawl"],"picked":"DevaForm","floor":33},{"not_picked":["PathToVictory+1","DeceiveReality+1"],"picked":"Replay:DivineShield+1","floor":35},{"not_picked":["ThirdEye","Prostrate+1"],"picked":"FollowUp+1","floor":36},{"not_picked":["EmptyBody","SashWhip+1"],"picked":"Crescendo","floor":38},{"not_picked":["Replay:AtTheReady+1","CutThroughFate+1"],"picked":"Worship+1","floor":41},{"not_picked":["MentalFortress+1","Pray"],"picked":"CarveReality+1","floor":42},{"not_picked":["WheelKick+1","PathToVictory"],"picked":"Prostrate+1","floor":44},{"not_picked":["ClearTheMind+1","DeceiveReality+1"],"picked":"Establishment","floor":46},{"not_picked":["Study+1","CrushJoints+1"],"picked":"InnerPeace+1","floor":54}],"player_experience":475571,"relics_obtained":[{"floor":5,"key":"Centennial Puzzle"},{"floor":6,"key":"Darkstone Periapt"},{"floor":9,"key":"Replay:Ringing Soul"},{"floor":11,"key":"reliquary:PorcupineQuills"},{"floor":43,"key":"Incense Burner"},{"floor":47,"key":"Ring of Greed"},{"floor":47,"key":"The Courier"},{"floor":47,"key":"Blue Doll"},{"floor":54,"key":"Simple Rune"}],"event_choices":[{"damage_healed":0,"gold_gain":0,"player_choice":"Entered Light","damage_taken":14,"max_hp_gain":0,"max_hp_loss":0,"event_name":"Shining Light","floor":2,"gold_loss":0,"cards_upgraded":["ReachHeaven","Defend_P"]},{"damage_healed":0,"gold_gain":0,"player_choice":"Success","damage_taken":25,"relics_obtained":["Letter Opener"],"max_hp_gain":0,"max_hp_loss":0,"event_name":"Scrap Ooze","floor":14,"gold_loss":0},{"damage_healed":0,"gold_gain":0,"player_choice":"Stole Relic","damage_taken":0,"relics_obtained":["ReplayTheSpireMod:Shallot"],"max_hp_gain":0,"max_hp_loss":0,"event_name":"Addict","floor":21,"gold_loss":0,"cards_obtained":["Shame"]},{"damage_healed":0,"gold_gain":0,"player_choice":"Ignored","damage_taken":0,"max_hp_gain":0,"max_hp_loss":0,"event_name":"Vampires","floor":28,"gold_loss":0},{"cards_removed":["Shame"],"damage_healed":0,"gold_gain":0,"player_choice":"Gave Gold","damage_taken":0,"max_hp_gain":0,"max_hp_loss":0,"event_name":"Beggar","floor":30,"gold_loss":75},{"damage_healed":0,"gold_gain":0,"player_choice":"1 cards matched","damage_taken":0,"max_hp_gain":0,"max_hp_loss":0,"event_name":"Match and Keep!","floor":37,"gold_loss":0,"cards_obtained":["Purity"]},{"damage_healed":0,"gold_gain":0,"player_choice":"Forge","damage_taken":0,"max_hp_gain":0,"max_hp_loss":0,"event_name":"Accursed Blacksmith","floor":45,"gold_loss":0,"cards_upgraded":["DevaForm"]}],"is_beta":false,"boss_relics":[{"not_picked":["hubris:BlackHole","Snecko Eye"],"picked":"SacredBark"},{"not_picked":["hubris:GrandSneckoEye","Philosopher\u0027s Stone"],"picked":"VioletLotus"}],"items_purged_floors":[3,20,39,53],"is_endless":false,"potions_floor_spawned":[1,16,19,24,29,38,41,42,46,54],"killed_by":"The Heart","ascension_level":0}}