{"host":"pj7egx7jkoz18hom","time":1613208171,"event":{"mods":["AchievementEnabler","BaseMod","Keyboard Shortcuts","Minty Spire (QoL Compilation)","SuperFastMode"],"gold_per_floor":[111,126,141,141,155,185,185,218,244,24,41,18,50,125,125,230,230,246,98,13,13,13,13,13,48,48,73,83,106,131,6,6,106,106,126,136,0,0,0,0,0,54,79,105,105,105],"floor_reached":45,"language":"KOR","playtime":1282,"items_purged":["Strike_R","Strike_R","Regret"],"score":644,"play_id":"d77f9c94-cdef-4da6-b139-f24d22acf219","local_time":"20210213182251","is_ascension_mode":true,"campfire_choices":[{"data":"Bash","floor":7,"key":"SMITH"},{"data":"Heavy Blade","floor":15,"key":"SMITH"},{"data":"Reaper","floor":23,"key":"SMITH"},{"data":"Armaments","floor":32,"key":"SMITH"},{"floor":40,"key":"REST"}],"circlet_count":0,"master_deck":["Strike_R+1","Strike_R+1","Strike_R+1","Defend_R+1","Defend_R+1","Defend_R+1","Defend_R+1","Bash+1","Spot Weakness+1","Inflame+1","Flex+1","Twin Strike+1","Dual Wield+1","Cleave+1","Heavy Blade+1","Reaper+1","Armaments+1","Armaments+1","Intimidate+1","Flame Barrier+1","Reaper+1","Rage+1","Shrug It Off+1","Doubt"],"relics":["Burning Blood","NeowsBlessing","Oddly Smooth Stone","Potion Belt","PreservedInsect","HandDrill","Red Skull","Cursed Key","Tiny Chest","Orichalcum","Bag of Preparation","MealTicket","Toxic Egg 2","Omamori","Kunai","Empty Cage","Red Mask","Juzu Bracelet","Mark of the Bloom","Happy Flower","Dream Catcher","Whetstone"],"acts_visited":["Exordium","TheCity","TheBeyond"],"potions_floor_usage":[6,6,16,18,27,27,30],"damage_taken":[{"damage":0,"enemies":"Small Slimes","floor":1,"turns":1},{"damage":0,"enemies":"Cultist","floor":2,"turns":1},{"damage":0,"enemies":"Jaw Worm","floor":3,"turns":1},{"damage":17,"enemies":"Exordium Wildlife","floor":5,"turns":4},{"damage":0,"enemies":"Gremlin Nob","floor":6,"turns":2},{"damage":21,"enemies":"3 Sentries","floor":8,"turns":5},{"damage":12,"enemies":"3 Louse","floor":11,"turns":3},{"damage":16,"enemies":"Gremlin Nob","floor":13,"turns":3},{"damage":22,"enemies":"Hexaghost","floor":16,"turns":5},{"damage":33,"enemies":"2 Thieves","floor":18,"turns":4},{"damage":24,"enemies":"Gremlin Leader","floor":25,"turns":5},{"damage":27,"enemies":"Slavers","floor":27,"turns":4},{"damage":6,"enemies":"Shell Parasite","floor":28,"turns":3},{"damage":29,"enemies":"Book of Stabbing","floor":30,"turns":5},{"damage":67,"enemies":"Automaton","floor":33,"turns":7},{"damage":42,"enemies":"3 Shapes","floor":35,"turns":6},{"damage":24,"enemies":"3 Darklings","floor":36,"turns":6},{"damage":53,"enemies":"Nemesis","floor":44,"turns":7},{"damage":22,"enemies":"Spire Growth","floor":45,"turns":3}],"seed_played":"-5329773851542858110","potions_obtained":[{"floor":1,"key":"SteroidPotion"},{"floor":3,"key":"ColorlessPotion"},{"floor":5,"key":"SpeedPotion"},{"floor":8,"key":"FearPotion"},{"floor":25,"key":"PowerPotion"},{"floor":28,"key":"SpeedPotion"},{"floor":44,"key":"LiquidBronze"}],"is_trial":false,"path_per_floor":["M","M","M","?","M","E","R","E","T","$","M","$","E","?","R","B",null,"M","$","?","?","?","R","?","E","T","E","M","T","E","$","R","B",null,"M","M","?","T","?","R","?","T","T","E","M"],"character_chosen":"IRONCLAD","items_purchased":["HandDrill","Heavy Blade","Fire Potion"],"campfire_rested":1,"item_purchase_floors":[10,12,19],"current_hp_per_floor":[80,80,80,80,69,75,75,60,60,60,54,54,44,33,33,17,80,64,64,64,64,64,64,64,58,58,49,49,49,34,49,49,15,80,59,72,72,72,72,72,72,72,72,19,0,0],"gold":105,"neow_bonus":"THREE_ENEMY_KILL","is_daily":false,"chose_seed":false,"campfire_upgraded":4,"win_rate":0.0,"timestamp":1613208171,"path_taken":["M","M","M","?","M","E","R","E","T","$","M","?","E","?","R","BOSS","M","$","?","?","?","R","?","E","T","E","M","?","E","?","R","BOSS","M","?","?","?","?","R","?","?","T","E","M"],"items_purchased_type":["Relic","Card","Potion"],"build_version":"2020-12-22","purchased_purges":3,"victory":false,"max_hp_per_floor":[80,80,80,80,80,80,80,80,80,80,80,80,80,80,80,80,80,80,80,80,80,80,80,80,80,80,80,80,80,80,80,80,80,80,80,80,80,80,80,80,80,80,80,80,80,80],"card_choices":[{"not_picked":["Wild Strike","Metallicize"],"picked":"Spot Weakness","floor":1},{"not_picked":["Uppercut","Clothesline"],"picked":"Inflame","floor":2},{"not_picked":["Flame Barrier","Wild Strike"],"picked":"Flex","floor":3},{"not_picked":["Flex","Evolve"],"picked":"Twin Strike","floor":5},{"not_picked":["Brutality","Whirlwind"],"picked":"Dual Wield","floor":6},{"not_picked":["Anger","Infernal Blade"],"picked":"Cleave","floor":8},{"not_picked":["Wild Strike","Clothesline","Perfected Strike"],"picked":"SKIP","floor":11},{"not_picked":["Pommel Strike","Sword Boomerang","Cleave"],"picked":"SKIP","floor":13},{"not_picked":["Brutality","Bludgeon"],"picked":"Reaper","floor":16},{"not_picked":["Wild Strike","Evolve","Sever Soul"],"picked":"SKIP","floor":18},{"not_picked":["Dark Embrace","Shrug It Off+1"],"picked":"Armaments+1","floor":25},{"not_picked":["Headbutt","Metallicize"],"picked":"Intimidate+1","floor":27},{"not_picked":["Anger","Uppercut","Clothesline"],"picked":"SKIP","floor":28},{"not_picked":["Fiend Fire","Dark Embrace"],"picked":"Flame Barrier+1","floor":30},{"not_picked":["Impervious+1","Bludgeon"],"picked":"Reaper","floor":33},{"not_picked":["Dark Embrace","Headbutt+1"],"picked":"Rage+1","floor":35},{"not_picked":["Twin Strike+1","Armaments+1"],"picked":"Shrug It Off+1","floor":36},{"not_picked":["Intimidate+1","Sword Boomerang","Feel No Pain"],"picked":"SKIP","floor":44}],"player_experience":32154,"relics_obtained":[{"floor":6,"key":"Oddly Smooth Stone"},{"floor":8,"key":"Potion Belt"},{"floor":9,"key":"PreservedInsect"},{"floor":13,"key":"Red Skull"},{"floor":25,"key":"Bag of Preparation"},{"floor":26,"key":"MealTicket"},{"floor":27,"key":"Toxic Egg 2"},{"floor":29,"key":"Omamori"},{"floor":30,"key":"Kunai"},{"floor":38,"key":"Juzu Bracelet"},{"floor":42,"key":"Happy Flower"},{"floor":43,"key":"Dream Catcher"},{"floor":44,"key":"Whetstone"}],"event_choices":[{"damage_healed":0,"gold_gain":0,"player_choice":"Upgraded","damage_taken":0,"max_hp_gain":0,"max_hp_loss":0,"event_name":"Upgrade Shrine","floor":4,"gold_loss":0,"cards_upgraded":["Inflame"]},{"damage_healed":0,"gold_gain":75,"player_choice":"Gather Gold","damage_taken":11,"max_hp_gain":0,"max_hp_loss":0,"event_name":"World of Goop","floor":14,"gold_loss":0},{"damage_healed":0,"gold_gain":0,"player_choice":"Obtained Relic","damage_taken":0,"relics_obtained":["Tiny Chest"],"max_hp_gain":0,"max_hp_loss":0,"event_name":"Addict","floor":20,"gold_loss":85},{"damage_healed":0,"gold_gain":0,"player_choice":"Opened","damage_taken":0,"relics_obtained":["Orichalcum"],"max_hp_gain":0,"max_hp_loss":0,"event_name":"The Mausoleum","floor":21,"gold_loss":0,"cards_obtained":["Writhe"]},{"damage_healed":0,"gold_gain":0,"player_choice":"Ignored","damage_taken":0,"max_hp_gain":0,"max_hp_loss":0,"event_name":"Ghosts","floor":22,"gold_loss":0},{"damage_healed":0,"gold_gain":0,"player_choice":"Read","damage_taken":0,"max_hp_gain":0,"max_hp_loss":0,"event_name":"The Library","floor":24,"gold_loss":0,"cards_obtained":["Armaments"]},{"damage_healed":0,"gold_gain":0,"player_choice":"Paid","damage_taken":0,"relics_obtained":["Red Mask"],"max_hp_gain":0,"max_hp_loss":0,"event_name":"Tomb of Lord Red Mask","floor":37,"gold_loss":136},{"damage_healed":0,"gold_gain":0,"player_choice":"Upgrade","damage_taken":0,"relics_obtained":["Mark of the Bloom"],"max_hp_gain":0,"max_hp_loss":0,"event_name":"MindBloom","floor":39,"gold_loss":0,"cards_upgraded":["Strike_R","Strike_R","Strike_R","Defend_R","Defend_R","Defend_R","Defend_R","Spot Weakness","Flex","Twin Strike","Dual Wield","Cleave","Reaper"]},{"damage_healed":0,"gold_gain":0,"player_choice":"Memory 1","damage_taken":0,"max_hp_gain":0,"max_hp_loss":0,"event_name":"SensoryStone","floor":41,"gold_loss":0}],"is_beta":false,"boss_relics":[{"not_picked":["Runic Cube","Runic Pyramid"],"picked":"Cursed Key"},{"not_picked":["Philosopher\u0027s Stone","Runic Dome"],"picked":"Empty Cage"}],"items_purged_floors":[10,19,31],"is_endless":false,"potions_floor_spawned":[1,3,5,8,25,28,44],"killed_by":"Spire Growth","ascension_level":2}}