{"host":"c64dsqyrqv0ei9yn","time":1613194907,"event":{"mods":["BaseMod","Bestiary","Colored Map","Duelist Mod","LagranYue(ùfäiòNÅEåé)","Minty Spire (QoL Compilation)","Prisma Mod","Random Character Button","StSLib","The Servant 0.9.4"],"gold_per_floor":[110,124,137,137,65,65,97,108,108,108,143,166,166,183,183,278,278,290,310,327,341,366,366,399,399,399,120,139,157,157,72,72,171,171,189,201,215,72,294,322,342,342,417,417,448,448,458,469,469,469,469],"floor_reached":50,"language":"ENG","playtime":3458,"items_purged":["PrismaMod:IllyaCommonAttack"],"score":609,"play_id":"9d72693a-16d6-4292-bd7b-ca0ad0649e27","local_time":"20210213054147","is_ascension_mode":false,"campfire_choices":[{"data":"PrismaMod:IllyaGrail","floor":10,"key":"SMITH"},{"data":"PrismaMod:IllyaGun","floor":13,"key":"SMITH"},{"data":"PrismaMod:IllyaSaphire","floor":15,"key":"SMITH"},{"data":"PrismaMod:IllyaZwei","floor":23,"key":"SMITH"},{"data":"PrismaMod:IllyaUncommonEvoke","floor":25,"key":"SMITH"},{"data":"PrismaMod:IllyaHassanGift","floor":32,"key":"SMITH"},{"data":"PrismaMod:IllyaPoisonTippedWeapons","floor":42,"key":"SMITH"},{"floor":46,"key":"REST"},{"floor":49,"key":"REST"}],"circlet_count":0,"master_deck":["PrismaMod:IllyaCommonAttack+1","PrismaMod:IllyaCommonDefend+1","PrismaMod:IllyaCommonDefend+1","PrismaMod:IllyaCommonAttack+1","PrismaMod:IllyaCommonDefend+1","PrismaMod:IllyaCommonAttack+1","PrismaMod:IllyaCommonDefend+1","PrismaMod:IllyaCommonAttack+1","PrismaMod:IllyaCommonDefend+1","PrismaMod:IllyaUncommonAttack","PrismaMod:IllyaUncommonDefend+1","PrismaMod:IllyaGrail+1","PrismaMod:IllyaUncommonAOEAttack","PrismaMod:IllyaHassanGift+1","PrismaMod:IllyaPoisonTippedWeapons+1","PrismaMod:IllyaFeed","PrismaMod:IllyaGun+1","PrismaMod:IllyaInstallAvenger","PrismaMod:IllyaMinorReinForce+1","PrismaMod:IllyaSaphire+1","PrismaMod:IllyaZwei+1","PrismaMod:IllyaHassanGift","PrismaMod:IllyaAOECommonAttack+1","PrismaMod:IllyaUncommonEvoke+1","PrismaMod:IllyaFriendMaker+1","PrismaMod:IllyaCheapAttack","PrismaMod:IllyaPoisonTippedWeapons","PrismaMod:IllyaGrail+1","PrismaMod:IllyaMinorRapidFire+1","PrismaMod:IllyaInstallRuler","PrismaMod:IllyaDevil","PrismaMod:IllyaCheapChannelPoison","PrismaMod:IllyaBlindPoisonToss","PrismaMod:IllyaBoysLove"],"relics":["PrismaMod:PrismaRuby","White Beast Statue","CaptainsWheel","TungstenRod","War Paint","Sozu","Red Mask","Toy Ornithopter","Bottled Lightning","Frozen Eye","LagranYue:GuidanceLightRelic","Black Star","PreservedInsect","Omamori","Pear","Kunai","MealTicket","Pantograph"],"acts_visited":["Exordium","TheCity","TheBeyond"],"potions_floor_usage":[16,50,50],"damage_taken":[{"damage":0,"enemies":"2 Louse","floor":1,"turns":3},{"damage":0,"enemies":"Cultist","floor":2,"turns":3},{"damage":0,"enemies":"Jaw Worm","floor":3,"turns":3},{"damage":0,"enemies":"3 Sentries","floor":7,"turns":9},{"damage":0,"enemies":"Looter","floor":8,"turns":3},{"damage":6,"enemies":"Lagavulin","floor":11,"turns":7},{"damage":5,"enemies":"Exordium Wildlife","floor":14,"turns":4},{"damage":27,"enemies":"Hexaghost","floor":16,"turns":10},{"damage":8,"enemies":"3 Byrds","floor":18,"turns":5},{"damage":0,"enemies":"2 Thieves","floor":19,"turns":3},{"damage":2,"enemies":"Snake Plant","floor":20,"turns":5},{"damage":6,"enemies":"3 Cultists","floor":21,"turns":5},{"damage":8,"enemies":"Masked Bandits","floor":22,"turns":4},{"damage":7,"enemies":"theDuelist:KaibaA2","floor":24,"turns":3},{"damage":5,"enemies":"Shelled Parasite and Fungi","floor":28,"turns":3},{"damage":0,"enemies":"Chosen and Byrds","floor":29,"turns":4},{"damage":12,"enemies":"Champ","floor":33,"turns":12},{"damage":9,"enemies":"3 Darklings","floor":35,"turns":6},{"damage":0,"enemies":"3 Shapes","floor":36,"turns":1},{"damage":8,"enemies":"Transient","floor":37,"turns":5},{"damage":15,"enemies":"Giant Head","floor":40,"turns":7},{"damage":13,"enemies":"Writhing Mass","floor":41,"turns":7},{"damage":41,"enemies":"Reptomancer","floor":45,"turns":4},{"damage":5,"enemies":"4 Shapes","floor":47,"turns":6},{"damage":25,"enemies":"Jaw Worm Horde","floor":48,"turns":6},{"damage":95,"enemies":"Donu and Deca","floor":50,"turns":9}],"seed_played":"-881285943593236879","potions_obtained":[{"floor":1,"key":"AttackPotion"},{"floor":2,"key":"LiquidBronze"},{"floor":3,"key":"Regen Potion"},{"floor":8,"key":"BlessingOfTheForge"},{"floor":16,"key":"DistilledChaos"}],"is_trial":false,"path_per_floor":["M","M","M","?","$","?","E","M","T","R","E","T","R","M","R","B",null,"M","M","M","M","?","R","E","R","T","$","M","M","?","?","R","B",null,"M","M","M","$","?","E","M","R","T","?","E","R","M","M","R","B"],"character_chosen":"ILLYA","items_purchased":["PrismaMod:IllyaPoisonTippedWeapons","PrismaMod:IllyaFeed","Frozen Eye","PrismaMod:IllyaPoisonTippedWeapons","PreservedInsect"],"campfire_rested":2,"item_purchase_floors":[5,5,27,27,38],"current_hp_per_floor":[82,82,82,82,82,82,82,82,82,82,76,76,76,71,71,74,82,74,74,72,66,58,58,60,60,60,60,55,55,55,55,55,73,82,73,73,65,65,65,75,62,62,62,62,21,48,43,18,45,0,0],"gold":469,"neow_bonus":"TEN_PERCENT_HP_BONUS","is_daily":false,"chose_seed":false,"campfire_upgraded":7,"win_rate":0.0,"timestamp":1613194907,"path_taken":["M","M","M","?","?","?","E","M","T","R","E","?","R","M","R","BOSS","M","M","M","M","?","R","E","R","T","$","M","M","?","?","R","BOSS","M","M","M","$","?","E","M","R","T","?","E","R","M","M","R","BOSS"],"items_purchased_type":["Card","Card","Relic","Card","Relic"],"build_version":"2020-12-22","purchased_purges":1,"victory":false,"max_hp_per_floor":[82,82,82,82,82,82,82,82,82,82,82,82,82,82,82,82,82,82,82,82,82,82,82,82,82,82,82,82,82,82,82,82,82,82,82,82,82,82,82,92,92,92,92,92,92,92,92,92,92,92,92],"card_choices":[{"not_picked":["PrismaMod:IllyaUberChannel","PrismaMod:IllyaPoisonBomb"],"picked":"PrismaMod:IllyaGrail","floor":1},{"not_picked":["PrismaMod:IllyaUberChannel","PrismaMod:IllyaFeed"],"picked":"PrismaMod:IllyaUncommonAOEAttack","floor":2},{"not_picked":["PrismaMod:IllyaTestament","PrismaMod:IllyaGrailKun"],"picked":"PrismaMod:IllyaHassanGift","floor":3},{"not_picked":["PrismaMod:IllyaCheapChannelDefend","PrismaMod:IllyaRubysPotion"],"picked":"PrismaMod:IllyaGun","floor":7},{"not_picked":["PrismaMod:IllyaRubysPotion","PrismaMod:IllyaMaid"],"picked":"PrismaMod:IllyaInstallAvenger","floor":8},{"not_picked":["PrismaMod:IllyaMaid","PrismaMod:IllyaCarnivalPrismaAstolfo"],"picked":"PrismaMod:IllyaMinorReinForce","floor":11},{"not_picked":["PrismaMod:IllyaUncommonDefend","PrismaMod:IllyaUpgradeOrbs"],"picked":"PrismaMod:IllyaSaphire","floor":14},{"not_picked":["PrismaMod:IllyaCarnivalAttack","PrismaMod:IllyaCarnivalPrismaAstolfo"],"picked":"PrismaMod:IllyaZwei","floor":16},{"not_picked":["PrismaMod:IllyaRussianRoulette","PrismaMod:IllyaPartialInstallAssassin+1"],"picked":"PrismaMod:IllyaHassanGift","floor":18},{"not_picked":["PrismaMod:IllyaPartialInstallAssassin","PrismaMod:IllyaHassanGift"],"picked":"PrismaMod:IllyaAOECommonAttack+1","floor":19},{"not_picked":["PrismaMod:IllyaGun","PrismaMod:IllyaSaphire"],"picked":"PrismaMod:IllyaUncommonEvoke","floor":20},{"not_picked":["PrismaMod:IllyaRussianRoulette","PrismaMod:IllyaCheapChannelAttack"],"picked":"PrismaMod:IllyaFriendMaker+1","floor":21},{"not_picked":["PrismaMod:IllyaCheapChannelDefend","PrismaMod:IllyaUpgradeOrbs"],"picked":"PrismaMod:IllyaCheapAttack","floor":22},{"not_picked":["PrismaMod:IllyaGrailKun","PrismaMod:IllyaUncommonAttack+1","PrismaMod:IllyaCheapChannelAttack"],"picked":"SKIP","floor":24},{"not_picked":["PrismaMod:IllyaPoisonTippedWeapons+1","PrismaMod:IllyaTestament"],"picked":"PrismaMod:IllyaGrail+1","floor":28},{"not_picked":["PrismaMod:IllyaInstallAssassin","PrismaMod:IllyaCommonEvoke"],"picked":"PrismaMod:IllyaMinorRapidFire+1","floor":29},{"not_picked":["PrismaMod:IllyaCarnivalAttack","PrismaMod:IllyaUberDefendChannel"],"picked":"PrismaMod:IllyaInstallRuler","floor":33},{"not_picked":["PrismaMod:IllyaPoisonBomb","PrismaMod:IllyaUberPoisonBlock"],"picked":"PrismaMod:IllyaDevil","floor":35},{"not_picked":["PrismaMod:IllyaPoisonTippedWeapons+1","PrismaMod:IllyaMaid","PrismaMod:IllyaRubysPotion"],"picked":"SKIP","floor":36},{"not_picked":["PrismaMod:IllyaEvokeAll+1","PrismaMod:IllyaBerserCAR+1"],"picked":"PrismaMod:IllyaCheapChannelPoison","floor":37},{"not_picked":["PrismaMod:IllyaHassanGift","PrismaMod:IllyaInstallRuler","PrismaMod:IllyaCheapChannelDefend"],"picked":"SKIP","floor":40},{"not_picked":["PrismaMod:IllyaPartialInstallAssassin+1","PrismaMod:IllyaCommandSeal+1"],"picked":"PrismaMod:IllyaBlindPoisonToss","floor":41},{"not_picked":["PrismaMod:IllyaRussianRoulette+1","PrismaMod:IllyaGun"],"picked":"PrismaMod:IllyaBoysLove","floor":45},{"not_picked":["PrismaMod:IllyaPartialInstallAssassin","PrismaMod:IllyaBerserCAR","PrismaMod:IllyaCheapChannelDefend+1"],"picked":"SKIP","floor":47},{"not_picked":["PrismaMod:IllyaUpgradeOrbs","PrismaMod:IllyaCommonEvoke","PrismaMod:IllyaRapidFire+1"],"picked":"SKIP","floor":48}],"player_experience":45106,"relics_obtained":[{"floor":7,"key":"White Beast Statue"},{"floor":9,"key":"CaptainsWheel"},{"floor":11,"key":"TungstenRod"},{"floor":12,"key":"War Paint"},{"floor":22,"key":"Red Mask"},{"floor":24,"key":"Toy Ornithopter"},{"floor":26,"key":"Bottled Lightning"},{"floor":40,"key":"Omamori"},{"floor":40,"key":"Pear"},{"floor":43,"key":"Kunai"},{"floor":45,"key":"MealTicket"},{"floor":45,"key":"Pantograph"}],"event_choices":[{"damage_healed":0,"gold_gain":0,"player_choice":"Ignored","damage_taken":0,"max_hp_gain":0,"max_hp_loss":0,"event_name":"NoteForYourself","floor":4,"gold_loss":0},{"damage_healed":0,"gold_gain":0,"player_choice":"Ignored","damage_taken":0,"max_hp_gain":0,"max_hp_loss":0,"event_name":"Liars Game","floor":6,"gold_loss":0},{"damage_healed":0,"gold_gain":0,"player_choice":"Fought Bandits","damage_taken":0,"max_hp_gain":0,"max_hp_loss":0,"event_name":"Masked Bandits","floor":22,"gold_loss":0},{"damage_healed":0,"gold_gain":0,"player_choice":"Simplicity","damage_taken":0,"max_hp_gain":0,"max_hp_loss":0,"event_name":"Back to Basics","floor":30,"gold_loss":0,"cards_upgraded":["PrismaMod:IllyaCommonAttack","PrismaMod:IllyaCommonDefend","PrismaMod:IllyaCommonDefend","PrismaMod:IllyaCommonAttack","PrismaMod:IllyaCommonDefend","PrismaMod:IllyaCommonAttack","PrismaMod:IllyaCommonDefend","PrismaMod:IllyaCommonAttack","PrismaMod:IllyaCommonDefend"]},{"damage_healed":0,"gold_gain":0,"player_choice":"Obtained Relic","damage_taken":0,"relics_obtained":["LagranYue:GuidanceLightRelic"],"max_hp_gain":0,"max_hp_loss":0,"event_name":"Addict","floor":31,"gold_loss":85},{"damage_healed":0,"gold_gain":222,"player_choice":"Wore Mask","damage_taken":0,"max_hp_gain":0,"max_hp_loss":0,"event_name":"Tomb of Lord Red Mask","floor":39,"gold_loss":0},{"damage_healed":0,"gold_gain":0,"player_choice":"Memory 1","damage_taken":0,"max_hp_gain":0,"max_hp_loss":0,"event_name":"SensoryStone","floor":44,"gold_loss":0}],"is_beta":false,"boss_relics":[{"not_picked":["LagranYue:ContractPerformanceRelic","Velvet Choker"],"picked":"Sozu"},{"not_picked":["Empty Cage","Calling Bell"],"picked":"Black Star"}],"items_purged_floors":[27],"is_endless":false,"potions_floor_spawned":[1,2,3,8,11,14,16,18,19,20,21,22,24,28,29,33,35,36,37,40,41,45,47,48],"killed_by":"Donu and Deca","ascension_level":0}}