{"host":"1y3caoxlf2txzqg0","time":1613258312,"event":{"mods":["Alarm Clock","BaseMod","Colored Map","DeckTracker","Downfall","GifTheSpireLib","Minty Spire (QoL Compilation)","Rare Cards Sparkle","Relic Stats","Spire Birthday Party","StSLib"],"gold_per_floor":[99,111,130,43,43,28,28,45,71,100,119,24,24,48,66,169,169,69,83,94,194,194,213,213,231,259,106,117,17,36,21,33,33,33,33],"floor_reached":33,"language":"DEU","playtime":5284,"items_purged":[],"score":307,"play_id":"36089fc6-a74c-47a5-9a4e-763a4dd6fe6f","local_time":"20210214001832","is_ascension_mode":true,"campfire_choices":[{"floor":1.0,"key":"RECALL"},{"floor":13.0,"key":"REST"},{"floor":18,"key":"REST"},{"floor":29,"key":"REST"}],"circlet_count":0,"master_deck":["Guardian:CurlUp","Guardian:TwinSlam","Guardian:CrystalBeam","Guardian:RollAttack","Guardian:FloatingOrbs","Guardian:ChargeCore","Guardian:Recover+1","Guardian:ShieldSpikes+1","Guardian:PrismaticBeam","Guardian:WalkerClaw","Guardian:ConstructionForm","Guardian:Planning+1","Guardian:Repulse","Guardian:DecasProtection+1","Guardian:PiercingHide+1","Guardian:TemporalStrike","Guardian:RevengeProtocol","Guardian:GuardianWhirl","Guardian:ChargeUp+1","Guardian:Incinerate+1","Guardian:DecasProtection+1","Decay","Guardian:DecasProtection+1","Guardian:Orbwalk+1","Guardian:ChargeCore+1","Guardian:AncientConstruct","Guardian:BronzeOrb+1","Guardian:Gem_White","Guardian:PrimingBeam"],"relics":["Guardian:ModeShifter","Ancient Tea Set","Toxic Egg 2","Bottled Tornado","Odd Mushroom","Pandora\u0027s Box","downfall:HeartBlessingBlue","Shovel","Strawberry","downfall:HeartBlessingGreen"],"acts_visited":["Exordium","TheCity"],"potions_floor_usage":[16,26,26,31],"damage_taken":[{"damage":5.0,"enemies":"Small Slimes","floor":2.0,"turns":4.0},{"damage":3.0,"enemies":"Jaw Worm","floor":3.0,"turns":5.0},{"damage":5.0,"enemies":"downfall:FleeingMerchant","floor":4.0,"turns":4.0},{"damage":20.0,"enemies":"downfall:FleeingMerchant","floor":6.0,"turns":4.0},{"damage":6.0,"enemies":"2 Louse","floor":8.0,"turns":2.0},{"damage":16.0,"enemies":"3 Sentries","floor":9.0,"turns":9.0},{"damage":19.0,"enemies":"The Mushroom Lair","floor":10.0,"turns":4.0},{"damage":4.0,"enemies":"Exordium Wildlife","floor":11.0,"turns":4.0},{"damage":2.0,"enemies":"downfall:FleeingMerchant","floor":12.0,"turns":4.0},{"damage":2.0,"enemies":"Gremlin Gang","floor":15.0,"turns":4.0},{"damage":27,"enemies":"DF_ARCHETYPE_STREAMLINE","floor":16,"turns":10},{"damage":0,"enemies":"Spheric Guardian","floor":19,"turns":4},{"damage":4,"enemies":"Shell Parasite","floor":20,"turns":5},{"damage":5,"enemies":"Shelled Parasite and Fungi","floor":23,"turns":5},{"damage":15,"enemies":"Snecko","floor":25,"turns":5},{"damage":8,"enemies":"Book of Stabbing","floor":26,"turns":5},{"damage":8,"enemies":"downfall:FleeingMerchant","floor":27,"turns":4},{"damage":31,"enemies":"Cultist and Chosen","floor":28,"turns":9},{"damage":12,"enemies":"Sentry and Sphere","floor":30,"turns":5},{"damage":12,"enemies":"downfall:FleeingMerchant","floor":31,"turns":4},{"damage":21,"enemies":"Snake Plant","floor":32,"turns":5},{"damage":21,"enemies":"IC_MUSHROOM_ARCHETYPE","floor":33,"turns":6}],"seed_played":"-7011883828113256478","potions_obtained":[{"floor":3.0,"key":"AttackPotion"},{"floor":8.0,"key":"GamblersBrew"},{"floor":11.0,"key":"ColorlessPotion"},{"floor":15.0,"key":"LiquidBronze"},{"floor":20,"key":"Block Potion"},{"floor":28,"key":"SpeedPotion"},{"floor":30,"key":"Weak Potion"},{"floor":32,"key":"DuplicationPotion"}],"is_trial":false,"path_per_floor":["R","M","M","$","?","$","T","M","E","?","M","$","R","T","M","B",null,"R","M","M","?","?","M","T","M","E","$","M","R","M","$","M","B"],"character_chosen":"GUARDIAN","items_purchased":["Guardian:Gem_Fragmented","Guardian:WalkerClaw","Guardian:Gem_Red","Guardian:AncientConstruct","Guardian:Gem_Crimson"],"campfire_rested":3,"item_purchase_floors":[4,12,12,27,27],"current_hp_per_floor":[88,83,80,75,75,55,55,49,33,14,10,8,34,34,32,5,88,98,98,94,94,94,89,89,74,73,65,34,65,53,41,20,0,0,0],"gold":33,"neow_bonus":"TEN_PERCENT_HP_BONUS","is_daily":false,"chose_seed":false,"campfire_upgraded":0,"win_rate":0.0,"timestamp":1613258312,"path_taken":["R","M","M","$","?","?","T","M","E","?","M","$","R","?","M","BOSS","R","M","M","?","?","M","T","M","E","$","M","R","M","$","M","BOSS"],"items_purchased_type":["Card","Card","Card","Card","Card"],"build_version":"2020-12-22","purchased_purges":0,"victory":false,"max_hp_per_floor":[88,88,88,88,88,88,88,88,88,88,88,88,88,88,88,88,88,98,98,98,98,98,98,98,98,105,105,105,105,105,105,105,105,105,105],"relic_stats":{"Shovel":0,"counters":[22,111],"Pandora\u0027s Box":["Guardian:Planning","Guardian:Repulse","Guardian:DecasProtection","Guardian:PiercingHide","Guardian:TemporalStrike","Guardian:RevengeProtocol","Guardian:GuardianWhirl","Guardian:ChargeUp"],"obtain_stats":[{"Shovel":24,"downfall:HeartBlessingBlue":18,"Strawberry":26,"Guardian:ModeShifter":0,"Pandora\u0027s Box":17,"downfall:HeartBlessingGreen":29,"Toxic Egg 2":7,"Bottled Tornado":9,"Odd Mushroom":10,"Ancient Tea Set":5},{"Shovel":14,"downfall:HeartBlessingBlue":11,"Strawberry":16,"Guardian:ModeShifter":0,"Pandora\u0027s Box":11,"downfall:HeartBlessingGreen":18,"Toxic Egg 2":4,"Bottled Tornado":6,"Odd Mushroom":7,"Ancient Tea Set":3},{"Shovel":68,"downfall:HeartBlessingBlue":54,"Strawberry":78,"Guardian:ModeShifter":0,"Pandora\u0027s Box":54,"downfall:HeartBlessingGreen":91,"Toxic Egg 2":17,"Bottled Tornado":28,"Odd Mushroom":32,"Ancient Tea Set":13}]},"card_choices":[{"not_picked":["Guardian:Gem_Lightblue","Guardian:Recover"],"picked":"Guardian:CrystalBeam","floor":2.0},{"not_picked":["Guardian:PrimingBeam","Guardian:Orbwalk"],"picked":"Guardian:RollAttack","floor":3.0},{"not_picked":["Guardian:SpikerProtocol","Guardian:ChargeCore"],"picked":"Guardian:FloatingOrbs","floor":4.0},{"not_picked":["Guardian:Clone","Guardian:Harden"],"picked":"Guardian:Gem_Orange","floor":6.0},{"not_picked":["Guardian:Incinerate","Guardian:Gem_Cyan"],"picked":"Guardian:ChargeCore","floor":8.0},{"not_picked":["Guardian:WalkerClaw","Guardian:Reroute"],"picked":"Guardian:Recover+1","floor":9.0},{"not_picked":["Guardian:TemporalStrike","Guardian:Clone+1"],"picked":"Guardian:ShieldSpikes+1","floor":10.0},{"not_picked":["Guardian:Gem_Red","Guardian:ShieldCharger+1"],"picked":"Guardian:PrismaticBeam","floor":11.0},{"not_picked":["Guardian:BronzeOrb","Guardian:Gem_Green"],"picked":"Guardian:Gem_Red","floor":12.0},{"not_picked":["Guardian:RollAttack","Guardian:Incinerate"],"picked":"Guardian:Clone+1","floor":15.0},{"not_picked":["Guardian:FastForward+1","Guardian:AncientConstruct"],"picked":"Guardian:ConstructionForm","floor":16},{"not_picked":["Guardian:Planning+1","Guardian:RollAttack+1"],"picked":"Guardian:Incinerate+1","floor":19},{"not_picked":["Guardian:Emergency+1","Guardian:Recover+1"],"picked":"Guardian:DecasProtection+1","floor":20},{"not_picked":["Guardian:FastForward+1","Guardian:ChargeCore"],"picked":"Guardian:Gem_Red","floor":23},{"not_picked":["Guardian:ChargeCore","Guardian:BodySlam"],"picked":"Guardian:Orbwalk+1","floor":25},{"not_picked":["Guardian:SpikerProtocol","Guardian:ArmoredProtocol"],"picked":"Guardian:ChargeCore+1","floor":26},{"not_picked":["Guardian:Gem_Lightblue","Guardian:RefractedBeam"],"picked":"Guardian:Gem_Cyan","floor":27},{"not_picked":["Guardian:ShieldCharger+1","Guardian:Harden+1"],"picked":"Guardian:Gem_Crimson","floor":28},{"not_picked":["Guardian:Preprogram+1","Guardian:Incinerate"],"picked":"Guardian:BronzeOrb+1","floor":30},{"not_picked":["Guardian:CrystalBeam","Guardian:ShieldCharger+1"],"picked":"Guardian:Gem_White","floor":31},{"not_picked":["Guardian:Suspension+1","Guardian:MultiBeam"],"picked":"Guardian:PrimingBeam","floor":32}],"player_experience":996453,"relics_obtained":[{"floor":7.0,"key":"Toxic Egg 2"},{"floor":9.0,"key":"Bottled Tornado"},{"floor":10.0,"key":"Odd Mushroom"},{"floor":24,"key":"Shovel"},{"floor":26,"key":"Strawberry"}],"event_choices":[{"damage_healed":0.0,"max_hp_gain":0.0,"max_hp_loss":0.0,"gold_gain":0.0,"event_name":"Big Fish","player_choice":"Box","floor":5.0,"gold_loss":0.0,"damage_taken":0.0,"relics_obtained":["Ancient Tea Set"],"cards_obtained":["Regret"]},{"damage_healed":0.0,"max_hp_gain":0.0,"max_hp_loss":0.0,"gold_gain":0.0,"event_name":"Mushrooms","player_choice":"Fought Mushrooms","floor":10.0,"gold_loss":0.0,"damage_taken":0.0},{"damage_healed":0,"gold_gain":0,"cards_transformed":["Regret","Guardian:Clone"],"player_choice":"Became Test Subject","damage_taken":0,"max_hp_gain":0,"max_hp_loss":0,"event_name":"Drug Dealer","floor":22,"gold_loss":0,"cards_obtained":["Decay","Guardian:DecasProtection"]}],"is_beta":false,"boss_relics":[{"not_picked":["Empty Cage","Snecko Eye"],"picked":"Pandora\u0027s Box"}],"items_purged_floors":[],"is_endless":false,"potions_floor_spawned":[3,8,11,15,20,28,30,32],"killed_by":"IC_MUSHROOM_ARCHETYPE","ascension_level":1}}