{"host":"kp5m5tbwfn2imaek","time":1613255143,"event":{"mods":["AchievementEnabler","BaseMod","Bestiary","Minty Spire (QoL Compilation)","Relic Stats"],"gold_per_floor":[115,128,140,152,169,169,207,227,253,272,308,81,140,191,203,326,338,387,408,95,130,130,164,164,226,249,249,300,349,436,227,227,361,361,404,404,404,413,455,520,123,123,123,171,232,284,347,398,398,398,398,407,27,71,71],"floor_reached":56,"language":"ENG","playtime":3546,"items_purged":["Strike_P","Eruption","Strike_P","Judgement","Strike_P+1"],"score":2076,"play_id":"8a9ca2a1-f46d-4bf3-93c2-8fd8089f91cb","local_time":"20210213172543","is_ascension_mode":true,"campfire_choices":[{"data":"ForeignInfluence","floor":6,"key":"SMITH"},{"data":"SignatureMove","floor":15,"key":"SMITH"},{"data":"RitualDagger","floor":24,"key":"SMITH"},{"data":"Wish","floor":27,"key":"SMITH"},{"data":"Wallop","floor":32,"key":"SMITH"},{"floor":42,"key":"RECALL"},{"floor":49,"key":"REST"},{"floor":52,"key":"REST"}],"circlet_count":0,"master_deck":["Defend_P","Defend_P","Defend_P+1","Defend_P","Vigilance","Worship","Pray","ForeignInfluence+1","ThirdEye","Worship","Prostrate","Omniscience+1","SignatureMove+1","Wish+1","RitualDagger+1","Flash of Steel+1","Wireheading+1","Wallop+1","Consecrate+1","Bandage Up","Vault","Ragnarok+1","Wireheading","SandsOfTime+1","SashWhip+1"],"relics":["Runic Pyramid","CeramicFish","Anchor","Eternal Feather","Pen Nib","MawBank","War Paint","Black Star","PreservedInsect","Art of War","Bag of Preparation","Shuriken","Nunchaku","Darkstone Periapt","Ancient Tea Set","Damaru","Oddly Smooth Stone","Fusion Hammer","Sundial","Whetstone","Bottled Tornado","Omamori","Molten Egg 2","Pocketwatch","Boot","Dream Catcher","Membership Card","TeardropLocket","Unceasing Top","Bottled Lightning"],"acts_visited":["Exordium","TheCity","TheBeyond","TheEnding"],"potions_floor_usage":[8,16,21,45,55,55],"damage_taken":[{"damage":0,"enemies":"Cultist","floor":1,"turns":4},{"damage":0,"enemies":"2 Louse","floor":2,"turns":4},{"damage":4,"enemies":"Jaw Worm","floor":3,"turns":4},{"damage":3,"enemies":"Blue Slaver","floor":4,"turns":5},{"damage":6,"enemies":"Looter","floor":5,"turns":3},{"damage":0,"enemies":"Lagavulin","floor":7,"turns":4},{"damage":9,"enemies":"Red Slaver","floor":8,"turns":2},{"damage":1,"enemies":"Blue Slaver","floor":10,"turns":4},{"damage":7,"enemies":"3 Sentries","floor":11,"turns":4},{"damage":1,"enemies":"3 Sentries","floor":13,"turns":6},{"damage":0,"enemies":"Lagavulin","floor":14,"turns":3},{"damage":14,"enemies":"Hexaghost","floor":16,"turns":6},{"damage":9,"enemies":"Shell Parasite","floor":18,"turns":4},{"damage":10,"enemies":"3 Byrds","floor":21,"turns":5},{"damage":2,"enemies":"Book of Stabbing","floor":23,"turns":3},{"damage":10,"enemies":"Slavers","floor":25,"turns":6},{"damage":0,"enemies":"Sentry and Sphere","floor":28,"turns":2},{"damage":3,"enemies":"Snecko","floor":29,"turns":4},{"damage":5,"enemies":"Book of Stabbing","floor":30,"turns":4},{"damage":0,"enemies":"Automaton","floor":33,"turns":6},{"damage":0,"enemies":"3 Darklings","floor":35,"turns":2},{"damage":0,"enemies":"3 Shapes","floor":39,"turns":3},{"damage":0,"enemies":"Reptomancer","floor":40,"turns":3},{"damage":0,"enemies":"Spire Growth","floor":44,"turns":2},{"damage":28,"enemies":"Nemesis","floor":45,"turns":3},{"damage":0,"enemies":"2 Orb Walkers","floor":46,"turns":3},{"damage":0,"enemies":"Reptomancer","floor":47,"turns":4},{"damage":0,"enemies":"Jaw Worm Horde","floor":48,"turns":3},{"damage":25,"enemies":"Time Eater","floor":50,"turns":6},{"damage":0,"enemies":"Shield and Spear","floor":54,"turns":3},{"damage":41,"enemies":"The Heart","floor":55,"turns":6}],"seed_played":"1519320955764190546","potions_obtained":[{"floor":1,"key":"SkillPotion"},{"floor":3,"key":"DuplicationPotion"},{"floor":5,"key":"Energy Potion"},{"floor":8,"key":"BottledMiracle"},{"floor":13,"key":"DuplicationPotion"},{"floor":18,"key":"Energy Potion"},{"floor":25,"key":"Dexterity Potion"},{"floor":29,"key":"Strength Potion"},{"floor":40,"key":"Ambrosia"},{"floor":45,"key":"FearPotion"}],"is_trial":false,"path_per_floor":["M","M","M","M","M","R","E","M","T","M","E","$","?","E","R","B",null,"M","?","$","M","T","E","R","E","T","R","M","M","E","$","R","B",null,"M","?","?","?","M","E","$","R","T","M","E","?","E","M","R","B",null,"R","$","E","B",null],"character_chosen":"WATCHER","items_purchased":["Pen Nib","PreservedInsect","Flash of Steel","Bandage Up","Bottled Tornado","Membership Card","TeardropLocket","SandsOfTime+1"],"campfire_rested":2,"item_purchase_floors":[12,20,20,31,41,53,53,53],"current_hp_per_floor":[65,65,61,58,52,52,52,43,43,42,35,35,34,34,43,29,61,52,46,46,36,36,34,46,36,36,48,48,45,40,40,52,56,68,68,58,58,58,62,66,66,72,72,72,44,48,52,56,72,47,66,72,72,72,35],"gold":71,"neow_bonus":"BOSS_RELIC","is_daily":false,"chose_seed":false,"campfire_upgraded":5,"win_rate":0.0,"timestamp":1613255143,"path_taken":["M","?","M","M","M","R","E","M","T","M","E","$","?","E","R","BOSS","M","?","$","M","?","E","R","E","T","R","M","M","E","$","R","BOSS","M","?","?","?","?","E","$","R","T","M","E","?","E","M","R","BOSS","R","$","E","BOSS"],"items_purchased_type":["Relic","Relic","Card","Card","Relic","Relic","Relic","Card"],"build_version":"2020-12-22","purchased_purges":5,"victory":true,"max_hp_per_floor":[72,72,72,72,72,72,72,72,72,72,72,72,72,72,72,72,72,72,72,72,72,72,72,72,72,72,72,72,72,72,72,72,72,72,72,72,72,72,72,72,72,72,72,72,72,72,72,72,72,72,72,72,72,72,72],"relic_stats":{"Darkstone Periapt":0,"counters":[31,121],"CeramicFish":153,"Eternal Feather":69,"Pen Nib":[13],"PreservedInsect":375,"Bag of Preparation":[32],"Whetstone":["Strike_P","Flash of Steel"],"War Paint":["Defend_P","Omniscience"],"MawBank":84,"Boot":[0],"Nunchaku":[9],"Dream Catcher":2,"Shuriken":[20],"Sundial":[2],"Black Star":7,"Art of War":[23],"obtain_stats":[{"Darkstone Periapt":25,"CeramicFish":7,"Bag of Preparation":23,"Whetstone":40,"TeardropLocket":53,"Bottled Tornado":41,"Ancient Tea Set":26,"Boot":47,"Nunchaku":25,"Dream Catcher":47,"Sundial":40,"Fusion Hammer":34,"Runic Pyramid":0,"Damaru":30,"Oddly Smooth Stone":30,"Eternal Feather":11,"Pen Nib":12,"PreservedInsect":20,"Omamori":45,"War Paint":14,"MawBank":13,"Anchor":9,"Shuriken":23,"Molten Egg 2":45,"Black Star":17,"Art of War":22,"Membership Card":53,"Bottled Lightning":54,"PureWater":0,"Unceasing Top":54,"Pocketwatch":46},{"Darkstone Periapt":16,"CeramicFish":6,"Bag of Preparation":15,"Whetstone":23,"TeardropLocket":29,"Bottled Tornado":23,"Ancient Tea Set":16,"Boot":27,"Nunchaku":16,"Dream Catcher":27,"Sundial":23,"Fusion Hammer":20,"Runic Pyramid":0,"Damaru":19,"Oddly Smooth Stone":19,"Eternal Feather":9,"Pen Nib":9,"PreservedInsect":13,"Omamori":25,"War Paint":11,"MawBank":10,"Anchor":7,"Shuriken":15,"Molten Egg 2":25,"Black Star":12,"Art of War":14,"Membership Card":29,"Bottled Lightning":30,"PureWater":0,"Unceasing Top":30,"Pocketwatch":26},{"Darkstone Periapt":67,"CeramicFish":24,"Bag of Preparation":61,"Whetstone":91,"TeardropLocket":112,"Bottled Tornado":91,"Ancient Tea Set":67,"Boot":103,"Nunchaku":67,"Dream Catcher":103,"Sundial":91,"Fusion Hammer":83,"Runic Pyramid":0,"Damaru":77,"Oddly Smooth Stone":77,"Eternal Feather":34,"Pen Nib":34,"PreservedInsect":53,"Omamori":96,"War Paint":43,"MawBank":40,"Anchor":26,"Shuriken":61,"Molten Egg 2":96,"Black Star":49,"Art of War":58,"Membership Card":112,"Bottled Lightning":115,"PureWater":0,"Unceasing Top":115,"Pocketwatch":99}],"Unceasing Top":[1],"Pocketwatch":[6]},"card_choices":[{"not_picked":["Vengeance","Crescendo"],"picked":"Worship","floor":1},{"not_picked":["BattleHymn","FlurryOfBlows"],"picked":"Pray","floor":2},{"not_picked":["PathToVictory","WreathOfFlame","Evaluate"],"picked":"SKIP","floor":3},{"not_picked":["CarveReality","Weave"],"picked":"ForeignInfluence","floor":4},{"not_picked":["ClearTheMind","DeceiveReality"],"picked":"ThirdEye","floor":5},{"not_picked":["SashWhip","Consecrate"],"picked":"Worship","floor":7},{"not_picked":["ThirdEye","FollowUp"],"picked":"Prostrate","floor":8},{"not_picked":["EmptyMind","Evaluate","Crescendo"],"picked":"SKIP","floor":10},{"not_picked":["Nirvana","InnerPeace"],"picked":"Omniscience","floor":11},{"not_picked":["WheelKick","DeceiveReality"],"picked":"SignatureMove","floor":14},{"not_picked":["DeusExMachina","Omniscience"],"picked":"Wish","floor":16},{"not_picked":["FlurryOfBlows","ClearTheMind","Adaptation"],"picked":"SKIP","floor":18},{"not_picked":["ClearTheMind","BattleHymn+1","EmptyBody"],"picked":"SKIP","floor":21},{"not_picked":["CrushJoints+1","Perseverance+1"],"picked":"Wireheading+1","floor":23},{"not_picked":["Adaptation+1","ClearTheMind"],"picked":"Wallop","floor":25},{"not_picked":["MasterReality","Evaluate"],"picked":"Consecrate+1","floor":28},{"not_picked":["Swivel","FlyingSleeves","EmptyBody"],"picked":"SKIP","floor":29},{"not_picked":["SashWhip+1","Perseverance+1","Evaluate"],"picked":"SKIP","floor":30},{"not_picked":["Ragnarok","Scrawl"],"picked":"Vault","floor":33},{"not_picked":["ForeignInfluence","Tantrum","ThirdEye"],"picked":"SKIP","floor":35},{"not_picked":["CrushJoints","FlurryOfBlows","EmptyFist"],"picked":"SKIP","floor":39},{"not_picked":["FlurryOfBlows+1","Evaluate","JustLucky+1"],"picked":"SKIP","floor":40},{"not_picked":["InnerPeace","ThirdEye","WaveOfTheHand+1"],"picked":"SKIP","floor":44},{"not_picked":["PathToVictory+1","WheelKick+1","EmptyBody"],"picked":"SKIP","floor":45},{"not_picked":["Pray","EmptyMind","SashWhip+1"],"picked":"SKIP","floor":47},{"not_picked":["Indignation+1","FollowUp+1"],"picked":"Ragnarok+1","floor":48},{"not_picked":["Collect","PathToVictory"],"picked":"Wireheading","floor":52},{"not_picked":["Crescendo+1","Study+1"],"picked":"SashWhip+1","floor":54}],"player_experience":727288,"relics_obtained":[{"floor":7,"key":"CeramicFish"},{"floor":9,"key":"Anchor"},{"floor":11,"key":"Eternal Feather"},{"floor":13,"key":"MawBank"},{"floor":14,"key":"War Paint"},{"floor":22,"key":"Art of War"},{"floor":23,"key":"Bag of Preparation"},{"floor":23,"key":"Shuriken"},{"floor":25,"key":"Nunchaku"},{"floor":25,"key":"Darkstone Periapt"},{"floor":26,"key":"Ancient Tea Set"},{"floor":30,"key":"Damaru"},{"floor":30,"key":"Oddly Smooth Stone"},{"floor":40,"key":"Sundial"},{"floor":40,"key":"Whetstone"},{"floor":45,"key":"Omamori"},{"floor":45,"key":"Molten Egg 2"},{"floor":46,"key":"Pocketwatch"},{"floor":47,"key":"Boot"},{"floor":47,"key":"Dream Catcher"},{"floor":54,"key":"Unceasing Top"},{"floor":54,"key":"Bottled Lightning"}],"event_choices":[{"damage_healed":0,"gold_gain":30,"player_choice":"Searched \u00272\u0027 times","damage_taken":0,"max_hp_gain":0,"max_hp_loss":0,"event_name":"Dead Adventurer","floor":13,"gold_loss":0},{"damage_healed":0,"gold_gain":0,"player_choice":"Joined the Cult","damage_taken":6,"max_hp_gain":0,"max_hp_loss":0,"event_name":"Nest","floor":19,"gold_loss":0,"cards_obtained":["RitualDagger"]},{"damage_healed":0,"gold_gain":0,"player_choice":"Memory 3","damage_taken":10,"max_hp_gain":0,"max_hp_loss":0,"event_name":"SensoryStone","floor":36,"gold_loss":0},{"damage_healed":0,"gold_gain":0,"player_choice":"Ignored","damage_taken":0,"max_hp_gain":0,"max_hp_loss":0,"event_name":"Tomb of Lord Red Mask","floor":37,"gold_loss":0},{"damage_healed":0,"gold_gain":0,"cards_transformed":["Strike_P"],"player_choice":"Transformed","damage_taken":0,"max_hp_gain":0,"max_hp_loss":0,"event_name":"Transmorgrifier","floor":38,"gold_loss":0,"cards_obtained":["Judgement"]},{"damage_healed":0,"gold_gain":0,"player_choice":"Fight","damage_taken":0,"max_hp_gain":0,"max_hp_loss":0,"event_name":"Mysterious Sphere","floor":46,"gold_loss":0}],"is_beta":false,"boss_relics":[{"not_picked":["Velvet Choker","Sozu"],"picked":"Black Star"},{"not_picked":["Tiny House","Pandora\u0027s Box"],"picked":"Fusion Hammer"}],"items_purged_floors":[12,20,31,41,53],"is_endless":false,"potions_floor_spawned":[1,3,5,8,11,13,18,25,29,33,40,45,47,48],"ascension_level":9}}