{"host":"djoj10dqzzvtkauc","time":1613224491,"event":{"mods":["2.2 Compatiblity","BaseMod","Colored Map","DeckTracker","Highlight Path","Keyboard Shortcuts","Marisa£¨Ùöéë¡¡Øª×âÞÞ£©","Minty Spire (QoL Compilation)","Permanent Neow","Quick Restart","Random Character Button","StSLib","SuperFastMode","everything is the same but u backflip on backflip"],"gold_per_floor":[115,127,146,158,174,174,189,189,189,203,203,203,20,38,38,112,112,124,107,124,124,49,49,82,82,82,93,93,93,93,93],"floor_reached":30,"language":"KOR","playtime":761,"items_purged":["Writhe"],"score":439,"play_id":"f638a516-62fc-4b4e-b5de-26db570bff19","local_time":"20210213225451","is_ascension_mode":true,"campfire_choices":[{"data":"Noxious Fumes","floor":6.0,"key":"SMITH"},{"data":"Terror","floor":8.0,"key":"SMITH"},{"data":"Dagger Spray","floor":11.0,"key":"SMITH"},{"floor":15.0,"key":"REST"},{"data":"Footwork","floor":23.0,"key":"SMITH"},{"data":"Envenom","floor":25.0,"key":"SMITH"},{"floor":29.0,"key":"REST"}],"circlet_count":0,"master_deck":["AscendersBane","Strike_G","Strike_G","Strike_G","Strike_G","Strike_G","Defend_G","Defend_G","Defend_G","Defend_G","Defend_G","Survivor","Neutralize","Noxious Fumes+1","Cloak And Dagger","Blade Dance","Terror+1","Backflip","Bane","Dagger Spray+1","Well Laid Plans","Footwork+1","Blade Dance","Dash","Accuracy","Envenom+1","PiercingWail","Acrobatics","Underhanded Strike","Calculated Gamble+1","Decay"],"relics":["Ring of the Snake","Happy Flower","Ginger","Philosopher\u0027s Stone","Anchor","StoneCalendar","Singing Bowl"],"acts_visited":["Exordium","TheCity"],"potions_floor_usage":[],"damage_taken":[{"damage":11.0,"enemies":"Jaw Worm","floor":1.0,"turns":5.0},{"damage":0.0,"enemies":"Cultist","floor":2.0,"turns":4.0},{"damage":0.0,"enemies":"Small Slimes","floor":3.0,"turns":3.0},{"damage":9.0,"enemies":"Blue Slaver","floor":4.0,"turns":4.0},{"damage":11.0,"enemies":"Exordium Wildlife","floor":5.0,"turns":5.0},{"damage":4.0,"enemies":"Looter","floor":7.0,"turns":4.0},{"damage":0.0,"enemies":"Blue Slaver","floor":10.0,"turns":2.0},{"damage":5.0,"enemies":"3 Louse","floor":14.0,"turns":4.0},{"damage":4.0,"enemies":"Slime Boss","floor":16.0,"turns":7.0},{"damage":1.0,"enemies":"Chosen","floor":18.0,"turns":4.0},{"damage":7.0,"enemies":"2 Thieves","floor":19.0,"turns":4.0},{"damage":16.0,"enemies":"Centurion and Healer","floor":20.0,"turns":7.0},{"damage":12.0,"enemies":"Gremlin Leader","floor":24.0,"turns":7.0},{"damage":21.0,"enemies":"Snake Plant","floor":27.0,"turns":5.0},{"damage":0,"enemies":"Sentry and Sphere","floor":30,"turns":1}],"seed_played":"-2453598845411296629","potions_obtained":[{"floor":1.0,"key":"Swift Potion"},{"floor":2.0,"key":"Energy Potion"},{"floor":5.0,"key":"DistilledChaos"},{"floor":10.0,"key":"Fire Potion"},{"floor":18.0,"key":"EntropicBrew"}],"is_trial":false,"path_per_floor":["M","M","M","M","M","R","M","R","T","M","R","?","$","M","R","B",null,"M","M","M","?","$","R","E","R","T","M","?","R","M"],"character_chosen":"THE_SILENT","items_purchased":["Footwork","Blade Dance","Dash"],"campfire_rested":2,"item_purchase_floors":[13,13,13],"current_hp_per_floor":[48,48,48,39,28,28,24,24,24,24,24,24,24,19,38,34,58,57,50,34,34,34,34,22,22,22,3,3,23,23,23],"gold":93,"neow_bonus":"RANDOM_COMMON_RELIC","is_daily":false,"chose_seed":false,"campfire_upgraded":5,"win_rate":0.0,"timestamp":1613224491,"path_taken":["M","M","M","M","M","R","M","R","T","M","R","?","$","?","R","BOSS","M","M","M","?","$","R","E","R","T","M","?","R","?"],"items_purchased_type":["Card","Card","Card"],"build_version":"2020-12-22","purchased_purges":1,"victory":false,"max_hp_per_floor":[66,66,66,66,66,66,66,66,66,66,66,66,66,66,66,66,66,66,66,66,66,66,66,66,66,66,68,68,68,68,68],"card_choices":[{"not_picked":["Finisher","Outmaneuver"],"picked":"Noxious Fumes","floor":1.0},{"not_picked":["Blur","Dagger Throw"],"picked":"Cloak And Dagger","floor":2.0},{"not_picked":["Dagger Throw","Noxious Fumes"],"picked":"Blade Dance","floor":3.0},{"not_picked":["PiercingWail","Noxious Fumes"],"picked":"Terror","floor":4.0},{"not_picked":["Escape Plan","Tactician"],"picked":"Backflip","floor":5.0},{"not_picked":["Acrobatics","Eviscerate"],"picked":"Bane","floor":7.0},{"not_picked":["Deflect","Backflip"],"picked":"Dagger Spray","floor":10.0},{"not_picked":["Masterful Stab","Predator"],"picked":"Accuracy","floor":14.0},{"not_picked":["Night Terror","Venomology"],"picked":"Envenom","floor":16.0},{"not_picked":["Caltrops","Backflip"],"picked":"PiercingWail","floor":18.0},{"not_picked":["Dagger Spray","Deadly Poison"],"picked":"Acrobatics","floor":19.0},{"not_picked":["Eviscerate","Flying Knee"],"picked":"Underhanded Strike","floor":20.0},{"not_picked":["All Out Attack","Concentrate"],"picked":"Calculated Gamble+1","floor":24.0},{"not_picked":["Quick Slash","Dagger Spray","Deadly Poison"],"picked":"Singing Bowl","floor":27.0}],"player_experience":241456,"relics_obtained":[{"floor":9.0,"key":"Ginger"},{"floor":24.0,"key":"StoneCalendar"},{"floor":26.0,"key":"Singing Bowl"}],"event_choices":[{"damage_healed":0.0,"max_hp_gain":0.0,"max_hp_loss":0.0,"gold_gain":0.0,"event_name":"Match and Keep!","player_choice":"1 cards matched","floor":12.0,"gold_loss":0.0,"damage_taken":0.0,"cards_obtained":["Well Laid Plans"]},{"damage_healed":0.0,"max_hp_gain":0.0,"max_hp_loss":0.0,"gold_gain":0.0,"event_name":"The Mausoleum","player_choice":"Opened","floor":21.0,"gold_loss":0.0,"damage_taken":0.0,"relics_obtained":["Anchor"],"cards_obtained":["Writhe"]},{"damage_healed":0.0,"max_hp_gain":0.0,"max_hp_loss":0.0,"gold_gain":0.0,"event_name":"Forgotten Altar","player_choice":"Smashed Altar","floor":28.0,"gold_loss":0.0,"damage_taken":0.0,"cards_obtained":["Decay"]}],"is_beta":false,"boss_relics":[{"not_picked":["Runic Pyramid","Tiny House"],"picked":"Philosopher\u0027s Stone"}],"items_purged_floors":[22],"is_endless":false,"potions_floor_spawned":[1,2,5,10,14,18,20],"killed_by":"Sentry and Sphere","ascension_level":16}}