{"host":"p0hktren06injwdf","time":1613187717,"event":{"mods":["AchievementEnabler","BaseMod","Colored Map","DeckTracker","Minty Spire (QoL Compilation)","Permanent Neow","StSLib","SuperFastMode"],"gold_per_floor":[109,122,122,172,188,218,218,218,218,218,274,287,301,326,326,402,402,420,440,365,365,365],"floor_reached":21,"language":"KOR","playtime":428,"items_purged":["Strike_B"],"score":378,"play_id":"1ed4c1ea-12c7-43ab-8000-5f79822c028c","local_time":"20210213124157","is_ascension_mode":true,"campfire_choices":[{"data":"Zap","floor":7,"key":"SMITH"},{"data":"Ball Lightning","floor":10,"key":"SMITH"},{"data":"Genetic Algorithm","floor":15,"key":"SMITH"}],"circlet_count":0,"master_deck":["AscendersBane","Strike_B","Strike_B","Strike_B","Defend_B","Defend_B","Defend_B","Defend_B","Zap+1","Dualcast","Self Repair","Cold Snap","Gash","Coolheaded","Ball Lightning+1","Compile Driver","Genetic Algorithm+1","Skim","Core Surge","CurseOfTheBell","Capacitor"],"relics":["Cracked Core","Sundial","InkBottle","Bronze Scales","Calling Bell","Bag of Marbles","White Beast Statue","StoneCalendar"],"acts_visited":["Exordium","TheCity"],"potions_floor_usage":[14],"damage_taken":[{"damage":15,"enemies":"Small Slimes","floor":1,"turns":4},{"damage":0,"enemies":"Cultist","floor":2,"turns":3},{"damage":9,"enemies":"2 Louse","floor":5,"turns":2},{"damage":32,"enemies":"Lagavulin","floor":6,"turns":11},{"damage":5,"enemies":"2 Fungi Beasts","floor":12,"turns":4},{"damage":6,"enemies":"Looter","floor":13,"turns":3},{"damage":12,"enemies":"Gremlin Nob","floor":14,"turns":4},{"damage":37,"enemies":"The Guardian","floor":16,"turns":13},{"damage":12,"enemies":"3 Byrds","floor":18,"turns":2},{"damage":17,"enemies":"Chosen","floor":19,"turns":4},{"damage":38,"enemies":"Sentry and Sphere","floor":21,"turns":5}],"seed_played":"-2192599626008386291","potions_obtained":[{"floor":1,"key":"SteroidPotion"},{"floor":6,"key":"FocusPotion"},{"floor":16,"key":"Strength Potion"}],"is_trial":false,"path_per_floor":["M","M","?","?","M","E","R","?","T","R","?","M","M","E","R","B",null,"M","M","$","M"],"character_chosen":"DEFECT","items_purchased":[],"campfire_rested":0,"item_purchase_floors":[],"current_hp_per_floor":[56,63,63,63,61,36,36,41,41,41,41,43,44,39,39,9,59,47,37,37,0,0],"gold":365,"neow_bonus":"THREE_CARDS","is_daily":false,"chose_seed":false,"campfire_upgraded":3,"win_rate":0.0,"timestamp":1613187717,"path_taken":["M","M","?","?","?","E","R","?","T","R","?","M","M","E","R","BOSS","M","M","$","M"],"items_purchased_type":[],"build_version":"2020-12-22","purchased_purges":1,"victory":false,"max_hp_per_floor":[71,71,71,71,71,71,71,76,76,76,76,76,76,76,76,76,76,76,76,76,76,76],"card_choices":[{"not_picked":["Redo","Stack"],"picked":"Self Repair","floor":0},{"not_picked":["Genetic Algorithm","Conserve Battery"],"picked":"Cold Snap","floor":1},{"not_picked":["Stack","Cold Snap"],"picked":"Gash","floor":2},{"not_picked":["Melter","Sweeping Beam"],"picked":"Coolheaded","floor":5},{"not_picked":["Force Field","Static Discharge"],"picked":"Ball Lightning","floor":6},{"not_picked":["Barrage","Leap"],"picked":"Compile Driver","floor":12},{"not_picked":["Skim","Hello World"],"picked":"Genetic Algorithm","floor":13},{"not_picked":["Lockon","Barrage"],"picked":"Skim","floor":14},{"not_picked":["Creative AI","Rainbow"],"picked":"Core Surge","floor":16},{"not_picked":["Leap","Sweeping Beam","Storm"],"picked":"SKIP","floor":18},{"not_picked":["Reinforced Body+1","Scrape"],"picked":"Capacitor","floor":19}],"player_experience":1044248,"relics_obtained":[{"floor":6,"key":"Sundial"},{"floor":9,"key":"InkBottle"},{"floor":14,"key":"Bronze Scales"},{"floor":17,"key":"Bag of Marbles"},{"floor":17,"key":"White Beast Statue"},{"floor":17,"key":"StoneCalendar"}],"event_choices":[{"damage_healed":0,"gold_gain":0,"player_choice":"Fled","damage_taken":0,"max_hp_gain":0,"max_hp_loss":0,"event_name":"Scrap Ooze","floor":3,"gold_loss":0},{"damage_healed":0,"gold_gain":50,"player_choice":"Pray","damage_taken":0,"max_hp_gain":0,"max_hp_loss":0,"event_name":"Golden Shrine","floor":4,"gold_loss":0},{"damage_healed":0,"gold_gain":0,"player_choice":"Donut","damage_taken":0,"max_hp_gain":5,"max_hp_loss":0,"event_name":"Big Fish","floor":8,"gold_loss":0},{"damage_healed":0,"gold_gain":56,"player_choice":"Gained Gold","damage_taken":0,"max_hp_gain":0,"max_hp_loss":0,"event_name":"Golden Wing","floor":11,"gold_loss":0}],"is_beta":false,"boss_relics":[{"not_picked":["Snecko Eye","Fusion Hammer"],"picked":"Calling Bell"}],"items_purged_floors":[20],"is_endless":false,"potions_floor_spawned":[1,6,13,16,18,19],"killed_by":"Sentry and Sphere","ascension_level":20}}