{"host":"8rqsnaeml9gxb0kp","time":1613197457,"event":{"mods":["AchievementEnabler","BaseMod","Dark Map","Minty Spire (QoL Compilation)","Relic Stats","StSLib","slay the spire mod where everything is the same but ironclad has a cowboy hat"],"gold_per_floor":[116,136,147,157,169,199,164,164,241,142,142,157,191,207,207,303,303,317,44,60,76,88,88,99,99,124,124,124,155,155,183,183,284,334,350,360,410,421,471,471,485,504,504,504,568,618,718,340,340,340],"floor_reached":51,"language":"ENG","playtime":2593,"items_purged":["Strike_G","Decay"],"score":906,"play_id":"8bb7324f-47a8-4ed2-8130-674eb97ecb48","local_time":"20210212222417","is_ascension_mode":true,"campfire_choices":[{"data":"Deadly Poison","floor":8.0,"key":"SMITH"},{"data":"Catalyst","floor":11.0,"key":"SMITH"},{"data":"Catalyst","floor":15.0,"key":"SMITH"},{"floor":23.0,"key":"REST"},{"data":"Bouncing Flask","floor":25.0,"key":"SMITH"},{"floor":27.0,"key":"REST"},{"data":"Catalyst","floor":32.0,"key":"SMITH"},{"data":"Adrenaline","floor":40.0,"key":"SMITH"},{"floor":44.0,"key":"REST"},{"data":"Malaise","floor":49.0,"key":"SMITH"}],"circlet_count":0,"master_deck":["Strike_G","Strike_G","Strike_G","Strike_G","Defend_G+1","Defend_G","Defend_G","Defend_G","Defend_G","Survivor","Neutralize","Dagger Spray","Backflip","Skewer","Dagger Spray","Deadly Poison+1","Catalyst+1","Calculated Gamble","Catalyst+1","Adrenaline+1","Catalyst+1","PiercingWail+1","Footwork+1","Backflip+1","Acrobatics","Bouncing Flask+1","Deadly Poison","Die Die Die","Blur+1","Dagger Throw+1","Bouncing Flask+1","Dodge and Roll","Poisoned Stab","PiercingWail","Malaise+1","Noxious Fumes"],"relics":["Velvet Choker","Orichalcum","Ninja Scroll","Ice Cream","Potion Belt","Cursed Key","Sling","Lantern","Mercury Hourglass","SsserpentHead","Omamori","Tiny House","Shuriken","Tough Bandages","Snake Skull"],"acts_visited":["Exordium","TheCity","TheBeyond"],"potions_floor_usage":[50,50,50,50],"damage_taken":[{"damage":0.0,"enemies":"Cultist","floor":1.0,"turns":4.0},{"damage":4.0,"enemies":"Small Slimes","floor":2.0,"turns":4.0},{"damage":1.0,"enemies":"2 Louse","floor":3.0,"turns":3.0},{"damage":11.0,"enemies":"Exordium Thugs","floor":4.0,"turns":6.0},{"damage":0.0,"enemies":"Looter","floor":5.0,"turns":3.0},{"damage":5.0,"enemies":"3 Sentries","floor":6.0,"turns":4.0},{"damage":0.0,"enemies":"3 Louse","floor":12.0,"turns":2.0},{"damage":4.0,"enemies":"Gremlin Nob","floor":13.0,"turns":3.0},{"damage":4.0,"enemies":"Large Slime","floor":14.0,"turns":2.0},{"damage":1.0,"enemies":"The Guardian","floor":16.0,"turns":4.0},{"damage":4.0,"enemies":"Shell Parasite","floor":18.0,"turns":3.0},{"damage":6.0,"enemies":"Spheric Guardian","floor":20.0,"turns":3.0},{"damage":14.0,"enemies":"Shelled Parasite and Fungi","floor":21.0,"turns":2.0},{"damage":12.0,"enemies":"Snake Plant","floor":22.0,"turns":4.0},{"damage":23.0,"enemies":"Sentry and Sphere","floor":24.0,"turns":8.0},{"damage":3.0,"enemies":"Slavers","floor":29.0,"turns":5.0},{"damage":0.0,"enemies":"Gremlin Leader","floor":31.0,"turns":3.0},{"damage":2.0,"enemies":"Champ","floor":33.0,"turns":10.0},{"damage":13.0,"enemies":"3 Darklings","floor":35.0,"turns":6.0},{"damage":16.0,"enemies":"Orb Walker","floor":36.0,"turns":3.0},{"damage":14.0,"enemies":"Jaw Worm Horde","floor":38.0,"turns":4.0},{"damage":2.0,"enemies":"Spire Growth","floor":41.0,"turns":3.0},{"damage":16.0,"enemies":"3 Darklings","floor":42.0,"turns":3.0},{"damage":0.0,"enemies":"Writhing Mass","floor":45.0,"turns":3.0},{"damage":0.0,"enemies":"Mind Bloom Boss Battle","floor":47.0,"turns":4.0},{"damage":59,"enemies":"Awakened One","floor":50,"turns":10}],"seed_played":"-2261739976328408342","potions_obtained":[{"floor":2.0,"key":"GhostInAJar"},{"floor":3.0,"key":"CultistPotion"},{"floor":5.0,"key":"Explosive Potion"},{"floor":12.0,"key":"ColorlessPotion"},{"floor":13.0,"key":"Explosive Potion"},{"floor":21.0,"key":"FairyPotion"},{"floor":24.0,"key":"PowerPotion"},{"floor":31.0,"key":"Block Potion"},{"floor":33.0,"key":"Regen Potion"},{"floor":38.0,"key":"SteroidPotion"},{"floor":42.0,"key":"EssenceOfSteel"},{"floor":47.0,"key":"PowerPotion"}],"is_trial":false,"path_per_floor":["M","M","M","M","M","E","?","R","T","?","R","M","E","M","R","B",null,"M","$","M","M","M","R","M","R","T","R","?","E","?","E","R","B",null,"M","M","?","M","?","R","M","M","T","R","M","?","?","$","R","B",null],"character_chosen":"THE_SILENT","items_purchased":["PiercingWail","Sling","Snake Skull","PowerPotion","Noxious Fumes"],"campfire_rested":3,"item_purchase_floors":[19,19,48,48,48],"current_hp_per_floor":[70,66,65,54,54,49,66,66,66,66,66,66,62,58,58,57,70,66,66,60,46,34,55,32,32,32,53,53,50,50,50,50,48,75,62,46,46,44,44,44,42,26,26,48,48,48,48,48,48,22],"gold":340,"neow_bonus":"BOSS_RELIC","is_daily":false,"chose_seed":false,"campfire_upgraded":7,"win_rate":0.0,"timestamp":1613197457,"path_taken":["M","M","M","M","M","E","?","R","T","?","R","?","E","M","R","BOSS","M","$","M","M","M","R","M","R","T","R","?","E","?","E","R","BOSS","M","M","?","M","?","R","M","M","T","R","?","?","?","$","R","BOSS"],"items_purchased_type":["Card","Relic","Relic","Potion","Card"],"build_version":"2020-12-22","purchased_purges":2,"victory":true,"max_hp_per_floor":[70,70,70,70,70,70,70,70,70,70,70,70,70,70,70,70,70,70,70,70,70,70,70,70,70,70,70,70,70,70,70,70,70,75,75,75,75,75,75,75,75,75,75,75,75,75,75,75,75,75],"relic_stats":{"SsserpentHead":250,"Tough Bandages":[18],"counters":[26,109],"Shuriken":[3],"Snake Skull":[29],"Orichalcum":[150],"Cursed Key":2,"obtain_stats":[{"Ice Cream":10,"Potion Belt":13,"Lantern":26,"Tiny House":34,"Velvet Choker":0,"Snake Skull":48,"Omamori":31,"Orichalcum":6,"Cursed Key":17,"Sling":19,"Mercury Hourglass":29,"SsserpentHead":30,"Tough Bandages":47,"Ninja Scroll":9,"Shuriken":43,"Ring of the Snake":0},{"Ice Cream":6,"Potion Belt":8,"Lantern":15,"Tiny House":18,"Velvet Choker":0,"Snake Skull":25,"Omamori":17,"Orichalcum":6,"Cursed Key":10,"Sling":11,"Mercury Hourglass":16,"SsserpentHead":16,"Tough Bandages":25,"Ninja Scroll":6,"Shuriken":23,"Ring of the Snake":0},{"Ice Cream":24,"Potion Belt":29,"Lantern":55,"Tiny House":73,"Velvet Choker":0,"Snake Skull":99,"Omamori":63,"Orichalcum":24,"Cursed Key":35,"Sling":38,"Mercury Hourglass":60,"SsserpentHead":60,"Tough Bandages":99,"Ninja Scroll":24,"Shuriken":92,"Ring of the Snake":0}],"Mercury Hourglass":[180]},"card_choices":[{"not_picked":["Cloak And Dagger","Choke"],"picked":"Dagger Spray","floor":1.0},{"not_picked":["Endless Agony","Expertise"],"picked":"Backflip","floor":2.0},{"not_picked":["Underhanded Strike","Concentrate"],"picked":"Skewer","floor":3.0},{"not_picked":["Flechettes","Acrobatics"],"picked":"Dagger Spray","floor":4.0},{"not_picked":["Dagger Throw","Prepared"],"picked":"Deadly Poison","floor":5.0},{"not_picked":["Tactician","Setup"],"picked":"Catalyst","floor":6.0},{"not_picked":["Accuracy","Eviscerate","Well Laid Plans"],"picked":"SKIP","floor":12.0},{"not_picked":["Cloak And Dagger","Phantasmal Killer"],"picked":"Calculated Gamble","floor":13.0},{"not_picked":["Setup","Dagger Spray"],"picked":"Catalyst","floor":14.0},{"not_picked":["Glass Knife","Unload"],"picked":"Adrenaline","floor":16.0},{"not_picked":["Setup","Slice"],"picked":"Catalyst","floor":18.0},{"not_picked":["Deadly Poison","Blade Dance"],"picked":"Footwork+1","floor":20.0},{"not_picked":["Acrobatics","Cloak And Dagger"],"picked":"Backflip+1","floor":21.0},{"not_picked":["Quick Slash","Backstab"],"picked":"Acrobatics","floor":22.0},{"not_picked":["Outmaneuver","Prepared"],"picked":"Bouncing Flask","floor":24.0},{"not_picked":["Prepared","Infinite Blades+1"],"picked":"Deadly Poison","floor":29.0},{"not_picked":["Endless Agony","Calculated Gamble","Blade Dance"],"picked":"SKIP","floor":31.0},{"not_picked":["Storm of Steel","Grand Finale"],"picked":"Die Die Die","floor":33.0},{"not_picked":["Backflip","Poisoned Stab"],"picked":"Blur+1","floor":34.0},{"not_picked":["Flechettes","Cloak And Dagger"],"picked":"Dagger Throw+1","floor":35.0},{"not_picked":["Slice+1","Reflex+1"],"picked":"Bouncing Flask+1","floor":36.0},{"not_picked":["Endless Agony+1","Caltrops"],"picked":"Dodge and Roll","floor":38.0},{"not_picked":["Masterful Stab","Bane+1"],"picked":"Poisoned Stab","floor":41.0},{"not_picked":["Well Laid Plans+1","Cloak And Dagger"],"picked":"PiercingWail","floor":42.0},{"not_picked":["Bane","Expertise+1","Deflect"],"picked":"SKIP","floor":45.0},{"not_picked":["Calculated Gamble","Dodge and Roll"],"picked":"Malaise","floor":47.0}],"player_experience":213319,"relics_obtained":[{"floor":6.0,"key":"Orichalcum"},{"floor":9.0,"key":"Ninja Scroll"},{"floor":13.0,"key":"Potion Belt"},{"floor":26.0,"key":"Lantern"},{"floor":29.0,"key":"Mercury Hourglass"},{"floor":31.0,"key":"Omamori"},{"floor":43.0,"key":"Shuriken"},{"floor":47.0,"key":"Tough Bandages"}],"event_choices":[{"damage_healed":17.0,"max_hp_gain":0.0,"max_hp_loss":0.0,"gold_gain":0.0,"event_name":"The Cleric","player_choice":"Healed","floor":7.0,"gold_loss":35.0,"damage_taken":0.0},{"damage_healed":0.0,"max_hp_gain":0.0,"max_hp_loss":0.0,"gold_gain":0.0,"event_name":"WeMeetAgain","player_choice":"Paid Gold","floor":10.0,"gold_loss":99.0,"damage_taken":0.0,"relics_obtained":["Ice Cream"]},{"damage_healed":0.0,"max_hp_gain":0.0,"max_hp_loss":0.0,"gold_gain":0.0,"event_name":"Vampires","player_choice":"Ignored","floor":28.0,"gold_loss":0.0,"damage_taken":0.0},{"damage_healed":0.0,"max_hp_gain":0.0,"max_hp_loss":0.0,"gold_gain":0.0,"event_name":"FaceTrader","player_choice":"Trade","floor":30.0,"gold_loss":0.0,"damage_taken":0.0,"relics_obtained":["SsserpentHead"]},{"damage_healed":0.0,"max_hp_gain":0.0,"max_hp_loss":0.0,"gold_gain":0.0,"event_name":"Tomb of Lord Red Mask","player_choice":"Ignored","floor":37.0,"gold_loss":0.0,"damage_taken":0.0},{"damage_healed":0.0,"max_hp_gain":0.0,"max_hp_loss":0.0,"gold_gain":0.0,"event_name":"Upgrade Shrine","player_choice":"Upgraded","floor":39.0,"gold_loss":0.0,"damage_taken":0.0,"cards_upgraded":["PiercingWail"]},{"damage_healed":0.0,"max_hp_gain":0.0,"max_hp_loss":0.0,"gold_gain":0.0,"event_name":"SensoryStone","player_choice":"Memory 1","floor":46.0,"gold_loss":0.0,"damage_taken":0.0},{"damage_healed":0.0,"max_hp_gain":0.0,"max_hp_loss":0.0,"gold_gain":0.0,"event_name":"MindBloom","player_choice":"Fight","floor":47.0,"gold_loss":0.0,"damage_taken":0.0}],"is_beta":false,"boss_relics":[{"not_picked":["Philosopher\u0027s Stone","WristBlade"],"picked":"Cursed Key"},{"not_picked":["Runic Pyramid","Runic Dome"],"picked":"Tiny House"}],"items_purged_floors":[19,48],"is_endless":false,"potions_floor_spawned":[2,3,5,12,13,21,24,31,33,38,42,47],"ascension_level":3}}