{"host":"kpyf5rnb72uwap8k","time":1613259062,"event":{"mods":["AchievementEnabler","BaseMod","Colored Map","Colored Powertips","DeckTracker","Minty Spire (QoL Compilation)","Permanent Neow","Quick Restart","StSLib","SuperFastMode"],"gold_per_floor":[119,69,69,86,100,100,134,134,211,211,5,32,52,152,152,247,247,267,287,140,55,55,55,68,84,84,84,84,99,99,116,116,214,214,233,107,107,127,477,477,477,477,477,488,198,215,215,232,232,232],"floor_reached":51,"language":"KOR","playtime":1882,"items_purged":["Strike_G","Strike_G","Strike_G"],"score":766,"play_id":"d36c9575-f503-4913-a8ea-b91b27e88355","local_time":"20210214083102","is_ascension_mode":true,"campfire_choices":[{"data":"Dagger Throw","floor":6.0,"key":"SMITH"},{"floor":8.0,"key":"REST"},{"floor":15.0,"key":"REST"},{"data":"Neutralize","floor":23.0,"key":"SMITH"},{"data":"Deflect","floor":27.0,"key":"SMITH"},{"data":"Acrobatics","floor":30.0,"key":"SMITH"},{"data":"Tactician","floor":32.0,"key":"SMITH"},{"data":"Reflex","floor":40,"key":"SMITH"},{"data":"Adrenaline","floor":42,"key":"SMITH"},{"data":"Eviscerate","floor":47,"key":"SMITH"},{"data":"Survivor","floor":49,"key":"SMITH"}],"circlet_count":0,"master_deck":["Defend_G","Defend_G","Defend_G","Defend_G","Survivor+1","Neutralize+1","Dagger Throw+1","Acrobatics+1","Deflect+1","Slice","Slice","Unload","Underhanded Strike","Unload","Backflip+1","Reflex+1","Eviscerate+1","Skewer","Backstab+1","Tactician+1","Adrenaline+1","Slice+1","Slice","Prepared+1","Eviscerate+1","Flash of Steel"],"relics":["HoveringKite","Omamori","White Beast Statue","Oddly Smooth Stone","Art of War","Eternal Feather","Runic Pyramid","Ornamental Fan","Strawberry","WristBlade","Old Coin","Blood Vial"],"acts_visited":["Exordium","TheCity","TheBeyond"],"potions_floor_usage":[33,33,50,50,50],"damage_taken":[{"damage":1.0,"enemies":"2 Louse","floor":1.0,"turns":4.0},{"damage":0.0,"enemies":"Jaw Worm","floor":4.0,"turns":4.0},{"damage":3.0,"enemies":"Cultist","floor":5.0,"turns":4.0},{"damage":47.0,"enemies":"Gremlin Nob","floor":7.0,"turns":6.0},{"damage":13.0,"enemies":"3 Sentries","floor":12.0,"turns":9.0},{"damage":0.0,"enemies":"2 Fungi Beasts","floor":13.0,"turns":3.0},{"damage":5.0,"enemies":"Hexaghost","floor":16.0,"turns":8.0},{"damage":6.0,"enemies":"3 Byrds","floor":18.0,"turns":5.0},{"damage":1.0,"enemies":"Chosen","floor":19.0,"turns":4.0},{"damage":15.0,"enemies":"3 Cultists","floor":24.0,"turns":6.0},{"damage":2.0,"enemies":"Chosen and Byrds","floor":25.0,"turns":5.0},{"damage":8.0,"enemies":"Snake Plant","floor":29.0,"turns":3.0},{"damage":0.0,"enemies":"Snecko","floor":31.0,"turns":4.0},{"damage":49,"enemies":"Automaton","floor":33,"turns":9},{"damage":0,"enemies":"Orb Walker","floor":35,"turns":2},{"damage":7,"enemies":"3 Shapes","floor":38,"turns":2},{"damage":0,"enemies":"Mind Bloom Boss Battle","floor":39,"turns":6},{"damage":18,"enemies":"Transient","floor":44,"turns":5},{"damage":0,"enemies":"4 Shapes","floor":46,"turns":4},{"damage":1,"enemies":"Writhing Mass","floor":48,"turns":5},{"damage":34,"enemies":"Awakened One","floor":50,"turns":13}],"seed_played":"-8500262418060311151","potions_obtained":[{"floor":4.0,"key":"Strength Potion"},{"floor":7.0,"key":"LiquidBronze"},{"floor":12.0,"key":"Dexterity Potion"},{"floor":16.0,"key":"AttackPotion"},{"floor":18.0,"key":"SneckoOil"},{"floor":19.0,"key":"Strength Potion"},{"floor":29.0,"key":"FearPotion"},{"floor":33,"key":"SteroidPotion"},{"floor":35,"key":"Energy Potion"},{"floor":37,"key":"GhostInAJar"},{"floor":37,"key":"Ancient Potion"}],"is_trial":false,"path_per_floor":["M","?","$","M","M","R","E","R","T","?","$","E","M","?","R","B",null,"M","M","$","?","?","R","M","M","T","R","?","M","R","M","R","B",null,"M","$","?","M","?","R","?","R","T","M","$","M","R","M","R","B",null],"character_chosen":"THE_SILENT","items_purchased":["Slice","Art of War","Regen Potion","Slice","Eviscerate","Flash of Steel"],"campfire_rested":2,"item_purchase_floors":[11,11,20,36,45,45],"current_hp_per_floor":[69,69,69,69,66,66,19,40,40,22,22,9,9,9,39,34,70,64,63,63,63,63,70,55,53,60,72,72,64,76,76,77,37,77,77,77,77,70,70,77,77,77,77,59,59,61,76,76,77,43],"gold":232,"neow_bonus":"BOSS_RELIC","is_daily":false,"chose_seed":false,"campfire_upgraded":9,"win_rate":0.0,"timestamp":1613259062,"path_taken":["M","?","$","M","M","R","E","R","T","?","$","E","M","?","R","BOSS","M","M","$","?","?","R","?","M","T","R","?","M","R","?","R","BOSS","M","$","?","?","?","R","?","R","T","M","?","?","R","M","R","BOSS"],"items_purchased_type":["Card","Relic","Potion","Card","Card","Card"],"build_version":"2020-12-22","purchased_purges":3,"victory":true,"max_hp_per_floor":[70,70,70,70,70,70,70,70,70,70,70,70,70,70,70,70,70,70,70,70,70,70,70,70,70,77,77,77,77,77,77,77,77,77,77,77,77,77,77,77,77,77,77,77,77,77,77,77,77,77],"card_choices":[{"not_picked":["Dagger Spray","Endless Agony"],"picked":"Dagger Throw","floor":1.0},{"not_picked":["Deadly Poison","Leg Sweep"],"picked":"Acrobatics","floor":4.0},{"not_picked":["Leg Sweep","Expertise"],"picked":"Deflect","floor":5.0},{"not_picked":["PiercingWail","Deflect"],"picked":"Slice","floor":7.0},{"not_picked":["Dash","Blade Dance"],"picked":"Unload","floor":12.0},{"not_picked":["Sucker Punch","Dagger Throw"],"picked":"Underhanded Strike","floor":13.0},{"not_picked":["Tools of the Trade","Venomology"],"picked":"Unload","floor":16.0},{"not_picked":["Choke","Bane+1","Slice+1"],"picked":"SKIP","floor":18.0},{"not_picked":["Outmaneuver","Finisher"],"picked":"Backflip+1","floor":19.0},{"not_picked":["Leg Sweep","Slice"],"picked":"Reflex","floor":24.0},{"not_picked":["Dagger Throw+1","Bouncing Flask"],"picked":"Eviscerate+1","floor":25.0},{"not_picked":["Acrobatics+1","Cloak And Dagger"],"picked":"Backstab+1","floor":29.0},{"not_picked":["Quick Slash+1","Setup"],"picked":"Tactician","floor":31.0},{"not_picked":["Venomology","Night Terror"],"picked":"Adrenaline","floor":33},{"not_picked":["Acrobatics","Heel Hook"],"picked":"Slice+1","floor":35},{"not_picked":["Quick Slash","Leg Sweep"],"picked":"Prepared+1","floor":38},{"not_picked":["Underhanded Strike","Dagger Spray","Choke"],"picked":"SKIP","floor":44},{"not_picked":["Underhanded Strike+1","Distraction","Dagger Throw"],"picked":"SKIP","floor":46},{"not_picked":["Dagger Spray","PiercingWail+1","Dodge and Roll+1"],"picked":"SKIP","floor":48}],"player_experience":272802,"relics_obtained":[{"floor":7.0,"key":"Omamori"},{"floor":9.0,"key":"White Beast Statue"},{"floor":12.0,"key":"Eternal Feather"},{"floor":26.0,"key":"Strawberry"},{"floor":39,"key":"Old Coin"},{"floor":43,"key":"Blood Vial"}],"event_choices":[{"cards_removed":["Strike_G"],"damage_healed":0.0,"max_hp_gain":0.0,"max_hp_loss":0.0,"gold_gain":0.0,"event_name":"The Cleric","player_choice":"Card Removal","floor":2.0,"gold_loss":50.0,"damage_taken":0.0},{"damage_healed":0.0,"max_hp_gain":0.0,"max_hp_loss":0.0,"gold_gain":0.0,"event_name":"Scrap Ooze","player_choice":"Success","floor":10.0,"gold_loss":0.0,"damage_taken":18.0,"relics_obtained":["Oddly Smooth Stone"]},{"damage_healed":0.0,"max_hp_gain":0.0,"max_hp_loss":0.0,"gold_gain":100.0,"event_name":"Golden Shrine","player_choice":"Pray","floor":14.0,"gold_loss":0.0,"damage_taken":0.0},{"damage_healed":0.0,"max_hp_gain":0.0,"max_hp_loss":0.0,"gold_gain":0.0,"event_name":"Addict","player_choice":"Obtained Relic","floor":21.0,"gold_loss":85.0,"damage_taken":0.0,"relics_obtained":["Ornamental Fan"]},{"damage_healed":0.0,"max_hp_gain":0.0,"max_hp_loss":0.0,"gold_gain":0.0,"event_name":"Duplicator","player_choice":"Ignored","floor":22.0,"gold_loss":0.0,"damage_taken":0.0},{"damage_healed":0.0,"max_hp_gain":0.0,"max_hp_loss":0.0,"gold_gain":0.0,"cards_transformed":["Strike_G"],"event_name":"Transmorgrifier","player_choice":"Transformed","floor":28.0,"gold_loss":0.0,"damage_taken":0.0,"cards_obtained":["Skewer"]},{"damage_healed":0,"gold_gain":0,"player_choice":"Got Potions","damage_taken":0,"max_hp_gain":0,"max_hp_loss":0,"event_name":"Lab","floor":37,"gold_loss":0},{"damage_healed":0,"gold_gain":0,"player_choice":"Fight","damage_taken":0,"max_hp_gain":0,"max_hp_loss":0,"event_name":"MindBloom","floor":39,"gold_loss":0},{"cards_removed":["Defend_G"],"damage_healed":0,"gold_gain":0,"player_choice":"Removed Skill","damage_taken":0,"max_hp_gain":0,"max_hp_loss":0,"event_name":"Falling","floor":41,"gold_loss":0}],"is_beta":false,"boss_relics":[{"not_picked":["Velvet Choker","Philosopher\u0027s Stone"],"picked":"Runic Pyramid"},{"not_picked":["Busted Crown","SacredBark"],"picked":"WristBlade"}],"items_purged_floors":[20,36,45],"is_endless":false,"potions_floor_spawned":[4,7,12,13,16,18,19,24,25,29,31,33,35,38,39,44,46,48],"ascension_level":2}}