{"host":"1stlzvh7atuy33yh","time":1613177838,"event":{"mods":["BaseMod","Colored Map","Colored Powertips","Downfall","Friendly Minions","Minty Spire (QoL Compilation)","StSLib","The Mystic"],"gold_per_floor":[117,197,127,141,107,107,122,155,182,70,70,86,86,96,96,96,96],"floor_reached":16,"language":"ENG","playtime":1419,"items_purged":["mysticmod:Strike_Mystic"],"score":100,"play_id":"bcaa1d0e-0c58-4a9e-bba6-fbdd1f0767da","local_time":"20210212195718","is_ascension_mode":false,"campfire_choices":[{"floor":6,"key":"RECALL"},{"floor":11,"key":"REST"},{"floor":15,"key":"REST"}],"circlet_count":0,"master_deck":["mysticmod:Strike_Mystic","mysticmod:Strike_Mystic","mysticmod:Defend_Mystic","mysticmod:Defend_Mystic","mysticmod:Defend_Mystic","mysticmod:Defend_Mystic","mysticmod:ArcaneDodge","mysticmod:ShockingGrasp","mysticmod:PowerSlash","mysticmod:PureInstinct","mysticmod:RapidCaster","mysticmod:Riposte","mysticmod:LightningBolt","mysticmod:ArcaneAccuracy","mysticmod:ComponentsPouch","mysticmod:SpellRecall","mysticmod:TomeOfSpells"],"relics":["mysticmod:SpellBook","NeowsBlessing","MealTicket","Bottled Lightning"],"acts_visited":["Exordium"],"potions_floor_usage":[16,16,16,16,16],"damage_taken":[{"damage":0,"enemies":"Small Slimes","floor":1,"turns":1},{"damage":0,"enemies":"2 Louse","floor":4,"turns":1},{"damage":0,"enemies":"Cultist","floor":7,"turns":1},{"damage":61,"enemies":"Gremlin Nob","floor":8,"turns":6},{"damage":38,"enemies":"Large Slime","floor":12,"turns":6},{"damage":0,"enemies":"Gremlin Gang","floor":14,"turns":2},{"damage":41,"enemies":"Hexaghost","floor":16,"turns":10}],"seed_played":"-4628959229389953292","potions_obtained":[{"floor":8,"key":"SkillPotion"},{"floor":12,"key":"EntropicBrew"}],"is_trial":false,"path_per_floor":["M","?","?","M","$","R","M","E","T","$","R","M","?","M","R","B"],"character_chosen":"MYSTIC_CLASS","items_purchased":["mysticmod:RapidCaster","mysticmod:ArcaneAccuracy"],"campfire_rested":2,"item_purchase_floors":[5,10],"current_hp_per_floor":[77,77,77,77,77,77,77,16,16,31,54,16,16,16,39,0,0],"gold":96,"neow_bonus":"THREE_ENEMY_KILL","is_daily":false,"chose_seed":false,"campfire_upgraded":0,"win_rate":0.0,"timestamp":1613177838,"path_taken":["M","?","?","M","$","R","M","E","T","$","R","?","?","?","R","BOSS"],"items_purchased_type":["Card","Card"],"build_version":"2020-12-22","purchased_purges":1,"victory":false,"max_hp_per_floor":[77,77,77,77,77,77,77,77,77,77,77,77,77,77,77,77,77],"card_choices":[{"not_picked":["mysticmod:Probe","mysticmod:AllIn"],"picked":"mysticmod:PowerSlash","floor":1},{"not_picked":["mysticmod:BulkUp","mysticmod:PowerSlash"],"picked":"mysticmod:PureInstinct","floor":4},{"not_picked":["mysticmod:BladeMaster","mysticmod:MirrorStrike"],"picked":"mysticmod:Riposte","floor":7},{"not_picked":["mysticmod:ComponentsPouch","mysticmod:Snowball"],"picked":"mysticmod:LightningBolt","floor":8},{"not_picked":["mysticmod:Sideswipe","mysticmod:VorpalThrust"],"picked":"mysticmod:ComponentsPouch","floor":12},{"not_picked":["mysticmod:GeminiForm","mysticmod:ComponentsPouch"],"picked":"mysticmod:TomeOfSpells","floor":14}],"player_experience":96252,"relics_obtained":[{"floor":8,"key":"Bottled Lightning"}],"event_choices":[{"damage_healed":0,"gold_gain":80,"player_choice":"Gained Gold","damage_taken":0,"max_hp_gain":0,"max_hp_loss":0,"event_name":"Golden Wing","floor":2,"gold_loss":0},{"damage_healed":0,"gold_gain":0,"player_choice":"Paid Gold","damage_taken":0,"relics_obtained":["MealTicket"],"max_hp_gain":0,"max_hp_loss":0,"event_name":"WeMeetAgain","floor":3,"gold_loss":70},{"damage_healed":0,"gold_gain":0,"cards_transformed":["mysticmod:Strike_Mystic"],"player_choice":"Transformed","damage_taken":0,"max_hp_gain":0,"max_hp_loss":0,"event_name":"Transmorgrifier","floor":13,"gold_loss":0,"cards_obtained":["mysticmod:SpellRecall"]}],"is_beta":false,"boss_relics":[],"items_purged_floors":[10],"is_endless":false,"potions_floor_spawned":[8,12],"killed_by":"Hexaghost","ascension_level":0}}