{"host":"5ob2rl967gmq8n3v","time":1613185265,"event":{"mods":["BaseMod","Downfall","Minty Spire (QoL Compilation)","StSLib"],"gold_per_floor":[0,11,25,10,37,37,117,17,32,63,78,93,126,145,156,260,260,60,74,93,3,0,18,42,42,68,68,85,119,119,119,138,237,237,237,248,260,270,315,145,445,471,471,485,498,530,530,530,541,541,541,573,161,161,161,161],"floor_reached":57,"language":"ENG","playtime":4363,"items_purged":["bronze:Strike","bronze:Strike","bronze:Virus+1"],"score":1241,"play_id":"ad5a35ba-7113-49ba-b66b-2b15322dfe77","local_time":"20210213130105","is_ascension_mode":false,"campfire_choices":[{"floor":1,"key":"RECALL"},{"data":"bronze:Replicate","floor":6,"key":"SMITH"},{"data":"bronze:Iterate","floor":8,"key":"SMITH"},{"data":"bronze:GetLatest","floor":18,"key":"SMITH"},{"data":"bronze:Repair","floor":25,"key":"SMITH"},{"data":"bronze:FineTuning","floor":27,"key":"SMITH"},{"data":"bronze:Verify","floor":35,"key":"SMITH"},{"data":"bronze:Repulsor","floor":43,"key":"SMITH"},{"data":"bronze:Boost","floor":47,"key":"SMITH"},{"floor":54,"key":"REST"}],"circlet_count":0,"master_deck":["bronze:Defend","bronze:Defend","bronze:Defend","bronze:Defend","bronze:Replicate+1","bronze:Goto+1","bronze:Terminator","bronze:Iterate+1","bronze:DelayedSlice","bronze:GetLatest+1","bronze:Iterate+1","bronze:Branch+1","bronze:Frontload","bronze:Flail+1","bronze:CloningBeam+1","bronze:FineTuning+1","bronze:DelayedGuard+1","bronze:Overload","bronze:Iterate+1","bronze:Repair+1","bronze:Branch+1","bronze:FineTuning+1","bronze:Boost+1","bronze:WhirlingStrike+1","bronze:Verify+1","bronze:Repair+1","bronze:Shell+1","bronze:Flail+1","bronze:Fortify+1","bronze:Shield+1","bronze:Repulsor+1","bronze:Deprecate+1","bronze:Goto"],"relics":["bronze:BronzeCore","Molten Egg 2","downfall:HeartBlessingRed","Turnip","Blood Vial","SlaversCollar","downfall:HeartBlessingGreen","downfall:HeartBlessingBlue","Orichalcum","Prayer Wheel","bronze:CableSpool","Happy Flower","Velvet Choker","Pocketwatch","Ornamental Fan","Boot","Old Coin","War Paint","HornCleat","Oddly Smooth Stone","Lizard Tail"],"acts_visited":["Exordium","TheCity","TheBeyond","TheEnding"],"potions_floor_usage":[16,39,56,56,56],"damage_taken":[{"damage":0,"enemies":"Cultist","floor":2,"turns":3},{"damage":15,"enemies":"Jaw Worm","floor":3,"turns":5},{"damage":5,"enemies":"downfall:FleeingMerchant","floor":4,"turns":4},{"damage":5,"enemies":"Small Slimes","floor":9,"turns":2},{"damage":12,"enemies":"Lagavulin","floor":10,"turns":4},{"damage":0,"enemies":"Blue Slaver","floor":11,"turns":1},{"damage":3,"enemies":"3 Louse","floor":12,"turns":3},{"damage":17,"enemies":"3 Sentries","floor":13,"turns":6},{"damage":5,"enemies":"Exordium Wildlife","floor":14,"turns":2},{"damage":0,"enemies":"Blue Slaver","floor":15,"turns":1},{"damage":4,"enemies":"SI_SHIV_ARCHETYPE","floor":16,"turns":3},{"damage":9,"enemies":"3 Byrds","floor":19,"turns":2},{"damage":23,"enemies":"Snake Plant","floor":20,"turns":3},{"damage":0,"enemies":"downfall:FleeingMerchant","floor":21,"turns":4},{"damage":0,"enemies":"downfall:FleeingMerchant","floor":22,"turns":4},{"damage":12,"enemies":"Shelled Parasite and Fungi","floor":23,"turns":2},{"damage":19,"enemies":"Gremlin Leader","floor":26,"turns":5},{"damage":0,"enemies":"Centurion and Healer","floor":28,"turns":5},{"damage":16,"enemies":"Slavers","floor":29,"turns":6},{"damage":0,"enemies":"Chosen and Byrds","floor":32,"turns":3},{"damage":66,"enemies":"IC_MUSHROOM_ARCHETYPE","floor":33,"turns":8},{"damage":8,"enemies":"3 Shapes","floor":36,"turns":3},{"damage":0,"enemies":"3 Darklings","floor":37,"turns":3},{"damage":2,"enemies":"Jaw Worm Horde","floor":38,"turns":4},{"damage":39,"enemies":"2 Orb Walkers","floor":39,"turns":4},{"damage":0,"enemies":"downfall:FleeingMerchant","floor":40,"turns":1},{"damage":16,"enemies":"Nemesis","floor":42,"turns":5},{"damage":0,"enemies":"Spire Growth","floor":44,"turns":2},{"damage":0,"enemies":"Maw","floor":45,"turns":9},{"damage":10,"enemies":"Giant Head","floor":46,"turns":9},{"damage":5,"enemies":"Sphere and 2 Shapes","floor":49,"turns":5},{"damage":7,"enemies":"WA_ARCHETYPE_DIVINITY","floor":50,"turns":13},{"damage":49,"enemies":"downfall:CharBossMerchant","floor":52,"turns":8},{"damage":0,"enemies":"downfall:NeowBoss","floor":55,"turns":13},{"damage":37,"enemies":"downfall:NeowBossFinal","floor":56,"turns":11}],"seed_played":"-2525784189301831301","potions_obtained":[{"floor":3,"key":"Strength Potion"},{"floor":10,"key":"Energy Potion"},{"floor":11,"key":"Explosive Potion"},{"floor":13,"key":"Regen Potion"},{"floor":20,"key":"bronze:CleanCodePotion"},{"floor":37,"key":"DuplicationPotion"},{"floor":39,"key":"champ:CounterPotion"}],"is_trial":false,"path_per_floor":["R","M","M","$","T","R","T","R","M","E","M","M","E","M","M","B",null,"R","M","M","$","$","M","T","R","E","R","M","E","?","?","M","B",null,"R","M","M","M","?","?","T","E","R","M","M","E","R","?","M","B",null,"E","$","R","B","B",null],"character_chosen":"THE_AUTOMATON","items_purchased":["Ornamental Fan","Boot","Lizard Tail"],"campfire_rested":1,"item_purchase_floors":[40,40,53],"current_hp_per_floor":[84,84,69,64,64,64,64,64,59,47,47,44,27,24,26,24,84,94,85,64,66,68,58,58,58,51,51,64,60,60,60,72,18,94,94,86,88,88,71,73,73,79,79,81,94,94,94,94,94,94,94,60,60,88,94,92],"gold":161,"neow_bonus":"TWENTY_PERCENT_HP_BONUS","is_daily":false,"chose_seed":false,"campfire_upgraded":8,"win_rate":0.0,"timestamp":1613185265,"path_taken":["R","M","M","$","?","R","T","R","M","E","M","?","E","M","M","BOSS","R","M","M","?","$","M","T","R","E","R","M","E","?","?","M","BOSS","R","M","M","M","?","?","T","E","R","M","M","E","R","?","M","BOSS","E","$","R","BOSS","BOSS"],"items_purchased_type":["Relic","Relic","Relic"],"build_version":"2020-12-22","purchased_purges":3,"victory":true,"max_hp_per_floor":[84,84,84,84,84,84,84,84,84,84,84,84,84,84,84,84,84,94,94,94,94,94,94,94,94,94,94,94,94,94,94,94,94,94,94,94,94,94,94,94,94,94,94,94,94,94,94,94,94,94,94,94,94,94,94,94],"card_choices":[{"not_picked":["bronze:DelayedGuard","bronze:Return"],"picked":"bronze:Terminator","floor":2},{"not_picked":["bronze:Frontload","bronze:ClassDefault"],"picked":"bronze:Iterate","floor":3},{"not_picked":["bronze:BitShift","bronze:BuggyMess"],"picked":"bronze:DelayedSlice","floor":4},{"not_picked":["bronze:Frontload","bronze:NullPointer+1"],"picked":"bronze:GetLatest","floor":9},{"not_picked":["bronze:Invalidate","bronze:WildBeam+1"],"picked":"bronze:Iterate+1","floor":10},{"not_picked":["bronze:AlphaBuild+1","bronze:Safeguard"],"picked":"bronze:Branch+1","floor":11},{"not_picked":["bronze:CutThrough+1","bronze:ItsAFeature"],"picked":"bronze:Frontload","floor":12},{"not_picked":["bronze:Boost","bronze:Turbo"],"picked":"bronze:Flail+1","floor":13},{"not_picked":["bronze:Optimize","bronze:Shield"],"picked":"bronze:CloningBeam+1","floor":14},{"not_picked":["bronze:MaxOutput","bronze:Turbo","bronze:BuggyMess"],"picked":"SKIP","floor":15},{"not_picked":["bronze:HyperBeam+1","bronze:CleanCode"],"picked":"bronze:Virus+1","floor":16},{"not_picked":["bronze:BronzeArmor","bronze:Turbo+1"],"picked":"bronze:FineTuning","floor":19},{"not_picked":["bronze:OilSpill+1","bronze:NullPointer+1"],"picked":"bronze:DelayedGuard","floor":20},{"not_picked":["bronze:CutThrough+1","bronze:Frontload"],"picked":"bronze:Overload","floor":21},{"not_picked":["bronze:Invalidate","bronze:DelayedGuard"],"picked":"bronze:Iterate+1","floor":22},{"not_picked":["bronze:DarkDash+1","bronze:Frontload"],"picked":"bronze:Repair","floor":23},{"not_picked":["bronze:ThunderWave+1","bronze:ClassDefault"],"picked":"bronze:Branch+1","floor":26},{"not_picked":["bronze:Allocate","bronze:ForceShield"],"picked":"bronze:FineTuning+1","floor":28},{"not_picked":["bronze:BronzeArmor","bronze:Iterate+1"],"picked":"bronze:Boost","floor":28},{"not_picked":["bronze:Assembly","bronze:Allocate","bronze:BitShift"],"picked":"SKIP","floor":29},{"not_picked":["bronze:CutThrough+1","bronze:FineTuning"],"picked":"bronze:WhirlingStrike+1","floor":32},{"not_picked":["bronze:Iterate+1","bronze:BugBarrage+1","bronze:Branch+1"],"picked":"SKIP","floor":32},{"not_picked":["bronze:Format","bronze:AlphaBuild+1"],"picked":"bronze:Verify","floor":33},{"not_picked":["bronze:Allocate+1","bronze:Iterate+1"],"picked":"bronze:Repair+1","floor":36},{"not_picked":["bronze:WildBeam+1","bronze:Backtrace+1","bronze:Iterate+1"],"picked":"SKIP","floor":36},{"not_picked":["bronze:Overload","bronze:Repulsor+1"],"picked":"bronze:Shell+1","floor":37},{"not_picked":["bronze:OilSpill+1","bronze:Invalidate"],"picked":"bronze:Flail+1","floor":37},{"not_picked":["bronze:ChildClass+1","bronze:BurnOut+1"],"picked":"bronze:Fortify+1","floor":38},{"not_picked":["bronze:DelayedGuard+1","bronze:Boost","bronze:Repair"],"picked":"SKIP","floor":38},{"not_picked":["bronze:Allocate+1","bronze:BuggyMess"],"picked":"bronze:Shield+1","floor":39},{"not_picked":["bronze:BitShift","bronze:WildBeam+1"],"picked":"bronze:Repulsor","floor":40},{"not_picked":["bronze:Overheat+1","bronze:WhirlingStrike+1","bronze:ThunderWave+1"],"picked":"SKIP","floor":42},{"not_picked":["bronze:BitShift","bronze:Frontload","bronze:Turbo"],"picked":"SKIP","floor":44},{"not_picked":["bronze:Invalidate+1","bronze:Overheat+1","bronze:Deprecate+1"],"picked":"SKIP","floor":44},{"not_picked":["bronze:Invalidate+1","bronze:Overheat+1"],"picked":"bronze:Deprecate+1","floor":44},{"not_picked":["bronze:BitShift","bronze:Frontload","bronze:Turbo"],"picked":"SKIP","floor":44},{"not_picked":["bronze:NullPointer+1","bronze:BuggyMess","bronze:Iterate+1"],"picked":"SKIP","floor":45},{"not_picked":["bronze:Allocate","bronze:Turbo+1","bronze:BitShift+1"],"picked":"SKIP","floor":45},{"not_picked":["bronze:Frontload+1","bronze:Separator+1","bronze:Invalidate"],"picked":"SKIP","floor":46},{"not_picked":["bronze:WhirlingStrike+1","bronze:Invalidate+1","bronze:Branch+1"],"picked":"SKIP","floor":49},{"not_picked":["bronze:FineTuning+1","bronze:DarkDash+1","bronze:BronzeArmor+1"],"picked":"SKIP","floor":49},{"not_picked":["bronze:Constructor","bronze:BuggyMess+1","bronze:OilSpill+1"],"picked":"SKIP","floor":52}],"player_experience":1562644,"relics_obtained":[{"floor":7,"key":"Molten Egg 2"},{"floor":10,"key":"Turnip"},{"floor":13,"key":"Blood Vial"},{"floor":24,"key":"Orichalcum"},{"floor":26,"key":"Prayer Wheel"},{"floor":29,"key":"bronze:CableSpool"},{"floor":39,"key":"Pocketwatch"},{"floor":41,"key":"Old Coin"},{"floor":42,"key":"War Paint"},{"floor":46,"key":"HornCleat"},{"floor":52,"key":"Oddly Smooth Stone"}],"event_choices":[{"damage_healed":0,"gold_gain":0,"player_choice":"Fight","damage_taken":0,"max_hp_gain":0,"max_hp_loss":0,"event_name":"Mysterious Sphere","floor":39,"gold_loss":0}],"is_beta":false,"boss_relics":[{"not_picked":["SacredBark","bronze:PlatinumCore"],"picked":"SlaversCollar"},{"not_picked":["Tiny House","Calling Bell"],"picked":"Velvet Choker"}],"items_purged_floors":[21,40,53],"is_endless":false,"potions_floor_spawned":[3,10,11,13,15,20,28,32,33,37,39,45,46,49],"ascension_level":0}}