{"host":"i73ch23exsqar74a","time":1613221437,"event":{"mods":["AchievementEnabler","Aspiration","Astrologer","Bard","Bartender","BaseMod","Beaked The Cultist","Better Sensory Stone","CCEM2","CapriCore","Challenge The Spire","ChefMod","Chen","Colored Map","Colored Powertips","Conjunction","Conspire","Downfall","Fireblade Mod","FutureSeer","GifTheSpireLib","Glutton Mod","Gremlin Mod","Halation","Hermit","Highlight Path","HololiveMod","Hubris","Infinite Spire","Jedi Mod","Lobotomy","LobotomyExtend","Luminous","Marked Mod","Minty Spire (QoL Compilation)","Prisma Mod","Quarter Circle Forward PUNCH!","Quick Restart","Random Character Button","RatMod","Relic Sorter","Reliquary","Replay The Spire","SOS???????","Shade Mod","Spicy Shops","Spikes Relics","Spire Arcade","StSLib","Stuff the Spire","The Alterego","The Animator","The Bug Knight","The Construct","The Cursed","The Druid","The Exalted","The Immortal","The Judge","The Poker Player","The Sage","The Wild Card","TheHero","TheSwordswoman","TheVacant","TheVelvet","Thieving Mod","Yuri Mod","???Mod??????Boss","???mod?????"],"gold_per_floor":[227,265,296,308,308,340,340,369,419,438,463,27,27,27,27,125,150,164,30,30,45,64,119,119,119,144,209,209,241,241,241,241,381,406,463,512,512,512,559,559,650,650,675,675,733,856,925,1033,1033,1033,1033,1033,1033,750,853,937,962,962,962,962,962],"floor_reached":60,"language":"ENG","playtime":3307,"items_purged":[],"score":1152,"play_id":"328038af-eb68-4e33-b28a-bb8c2ef72209","local_time":"20210213170357","is_ascension_mode":true,"campfire_choices":[{"data":"animator:LeleiLaLalena","floor":7,"key":"SMITH"},{"floor":13,"key":"REST"},{"data":"animator:Bozes","floor":15,"key":"SMITH"},{"floor":24,"key":"REST"},{"data":"bard:Silence","floor":28,"key":"SMITH"},{"data":"animator:Hakurou","floor":30,"key":"SMITH"},{"data":"animator:TukaLunaMarceau","floor":32,"key":"SMITH"},{"data":"animator:Vanir","floor":40,"key":"SMITH"},{"data":"HollowMod:CloakDash","floor":42,"key":"SMITH"},{"floor":44,"key":"REST"},{"data":"animator:Aqua","floor":49,"key":"SMITH"},{"data":"animator:Kazuma","floor":53,"key":"SMITH"},{"data":"bard:Silence","floor":59,"key":"SMITH"}],"circlet_count":0,"master_deck":["animator:Defend_GATE","animator:Defend","animator:Defend","animator:Defend+1","animator:TukaLunaMarceau+1","animator:Kuribayashi","animator:YaoHaDucy+1","animator:Spearman+1","animator:Mitsurugi","animator:Kaijin","animator:LeleiLaLalena","animator:Gilgamesh+6","animator:Bozes+1","animator:Rimuru","BearPaw","HollowMod:CloakDash+1","bard:Silence+1","Gremlin:EdibleArmor","Future_Hat_Trick","animator:Hakurou","animator:Lancer","animator:Tyuule+1","animator:Tyuule","animator:Shion","animator:Hakurou+1","animator:RoryMercury","animator:Guy","animator:Rimuru","animator:Vanir","animator:PinaCoLada","animator:HighElfArcher","animator:Spearman","animator:GuildGirl","animator:Aqua","Parasite","animator:Kazuma","animator:Hakurou","animator:Kaijin+1","animator:HarukoHaruhara","animator:HarukoHaruhara"],"relics":["animator:TheEruzaStone","animator:AncientMedallion"],"acts_visited":["Exordium","TheCity","TheBeyond","TheEnding","EYB:TheUnnamedReign"],"potions_floor_usage":[8,27,50,56,60],"damage_taken":[{"damage":2,"enemies":"Small Slimes","floor":1,"turns":4},{"damage":18,"enemies":"conspire:MimicChest","floor":2,"turns":7},{"damage":0,"enemies":"Cultist","floor":3,"turns":3},{"damage":0,"enemies":"2 Louse","floor":4,"turns":3},{"damage":14,"enemies":"Gremlin Nob","floor":6,"turns":4},{"damage":21,"enemies":"3 Sentries","floor":8,"turns":8},{"damage":0,"enemies":"Looter","floor":10,"turns":2},{"damage":23,"enemies":"The Guardian","floor":16,"turns":8},{"damage":8,"enemies":"Chosen","floor":18,"turns":5},{"damage":10,"enemies":"conspire:FuzzyDice","floor":21,"turns":6},{"damage":6,"enemies":"Snake Plant","floor":22,"turns":5},{"damage":26,"enemies":"Book of Stabbing","floor":23,"turns":4},{"damage":0,"enemies":"Gremlin Leader","floor":27,"turns":4},{"damage":6,"enemies":"conspire:HollyBat","floor":29,"turns":6},{"damage":25,"enemies":"Pondfish","floor":33,"turns":10},{"damage":0,"enemies":"3 Darklings","floor":35,"turns":4},{"damage":0,"enemies":"Orb Walker","floor":36,"turns":1},{"damage":10,"enemies":"Writhing Mass","floor":39,"turns":3},{"damage":15,"enemies":"beaked:SuperParasite","floor":41,"turns":3},{"damage":11,"enemies":"3 Darklings","floor":45,"turns":4},{"damage":0,"enemies":"Nemesis","floor":46,"turns":4},{"damage":0,"enemies":"Jaw Worm Horde","floor":47,"turns":1},{"damage":0,"enemies":"Writhing Mass","floor":48,"turns":3},{"damage":44,"enemies":"hubris:GrandSnecko","floor":50,"turns":4},{"damage":10,"enemies":"animator:UNNAMED_HAT","floor":55,"turns":13},{"damage":18,"enemies":"animator:UNNAMED_CULTIST_1","floor":56,"turns":12},{"damage":86,"enemies":"animator:UNNAMED_CULTIST_2","floor":60,"turns":5}],"seed_played":"7641921487838308330","potions_obtained":[{"floor":3,"key":"jedi:StrikingPotion"},{"floor":10,"key":"jedi:StrikingPotion"},{"floor":16,"key":"construct:ShiftPotion"},{"floor":18,"key":"animator:GrowthPotion"},{"floor":29,"key":"sagemod:Wine"},{"floor":33,"key":"FairyPotion"},{"floor":55,"key":"animator:FalseLifePotion"},{"floor":56,"key":"animator:FalseLifePotion"}],"is_trial":false,"path_per_floor":["M","?","M","M","?","E","R","E","T","M","?","$","R","M","R_BF","B",null,"M","$","?","M","M","E","R","?","T","E","R","M","R","?","R","B",null,"M","M","?","?","M","R","E","R","T","R","M","E","M","M","R","B",null,null,"R","??","M","M","T","?","R","M"],"character_chosen":"THE_ANIMATOR","items_purchased":["StuffTheSpire:DarkSteelAnvil","animator:Bozes","SteroidPotion","animator:Lancer","animator:Tyuule"],"campfire_rested":3,"item_purchase_floors":[12,12,12,19,19],"current_hp_per_floor":[64,46,46,46,54,41,41,20,20,21,21,21,41,61,61,38,68,60,60,60,50,44,18,38,38,38,38,38,32,32,32,32,32,68,68,69,69,69,59,59,44,44,44,64,53,53,54,56,56,26,26,70,70,98,88,76,76,76,76,0,0],"gold":962,"neow_bonus":"HUNDRED_GOLD","is_daily":false,"chose_seed":false,"campfire_upgraded":10,"win_rate":0.0,"timestamp":1613221437,"path_taken":["M","?","M","?","?","E","R","E","T","M","?","?","R","M","R_BF","BOSS","M","$","?","M","M","E","R","?","T","E","R","?","R","?","R","BOSS","M","M","?","?","M","R","E","R","T","R","M","E","M","M","R","BOSS","R","??","M","M","T","?","R","M"],"items_purchased_type":["Relic","Card","Potion","Card","Card"],"build_version":"2020-12-22","purchased_purges":0,"victory":false,"max_hp_per_floor":[66,66,66,66,66,67,67,67,67,68,68,68,68,68,68,68,68,68,68,68,68,68,68,68,68,68,68,68,68,68,68,68,68,68,68,69,69,69,69,69,69,69,69,69,69,69,70,70,70,70,70,70,70,98,98,98,98,98,98,98,98],"card_choices":[{"not_picked":["animator:Witch","animator:Benimaru"],"picked":"animator:YaoHaDucy","floor":1},{"not_picked":["animator:LizardPriest","animator:Viivi"],"picked":"animator:Spearman","floor":2},{"not_picked":["animator:Caster","animator:Benimaru"],"picked":"animator:Mitsurugi","floor":3},{"not_picked":["animator:Illya","animator:Evileye"],"picked":"animator:Kaijin","floor":4},{"not_picked":["animator:Arpeggio","animator:Kuribayashi"],"picked":"animator:LeleiLaLalena","floor":6},{"not_picked":["animator:DwarfShaman","animator:Chris"],"picked":"animator:Gilgamesh","floor":8},{"not_picked":["animator:Shalltear","animator:YaoHaDucy"],"picked":"animator:Darkness","floor":10},{"not_picked":["animator:PinaCoLada","animator:Wiz"],"picked":"animator:Rimuru","floor":16},{"not_picked":["animator:Cocytus","animator:Assassin+1"],"picked":"animator:Hakurou","floor":18},{"not_picked":["animator:Witch+1","animator:Caster+1"],"picked":"animator:Gilgamesh","floor":21},{"not_picked":["animator:Demiurge","animator:Gillette"],"picked":"animator:Shion+1","floor":22},{"not_picked":["animator:Entoma","animator:ChaikaBohdan"],"picked":"animator:Hakurou+1","floor":23},{"not_picked":["animator:LeleiLaLalena","animator:Fredrika"],"picked":"animator:RoryMercury+1","floor":27},{"not_picked":["animator:YaoHaDucy","animator:Arpeggio"],"picked":"animator:Guy+1","floor":29},{"not_picked":["animator:ChaikaTrabant","animator:Eris"],"picked":"animator:Rimuru","floor":33},{"not_picked":["animator:Alexander","animator:AcuraAkari+1"],"picked":"animator:Vanir","floor":35},{"not_picked":["animator:Illya+1","animator:Kaijin"],"picked":"animator:PinaCoLada","floor":36},{"not_picked":["animator:Sebas","animator:YaoHaDucy+1"],"picked":"animator:HighElfArcher+1","floor":39},{"not_picked":["animator:AcuraAkari","animator:Eris"],"picked":"animator:Spearman","floor":41},{"not_picked":["animator:AcuraTooru","animator:Demiurge+1","animator:Caster+1"],"picked":"SKIP","floor":45},{"not_picked":["animator:Demiurge","animator:Kuribayashi"],"picked":"animator:GuildGirl+1","floor":46},{"not_picked":["animator:Verdia+1","animator:ShinjiMatou+1"],"picked":"animator:Aqua","floor":47},{"not_picked":["animator:Hakurou","animator:YaoHaDucy"],"picked":"animator:Kazuma","floor":48},{"not_picked":["animator:Verdia","animator:Shuna"],"picked":"animator:Hakurou","floor":55},{"not_picked":["animator:Kuribayashi","animator:Arpeggio"],"picked":"animator:Kaijin+1","floor":56},{"not_picked":["animator:MisaKurobane","animator:QuestionMark"],"picked":"animator:HarukoHaruhara","floor":58},{"not_picked":["animator:Cirno","animator:Zero"],"picked":"animator:HarukoHaruhara","floor":58}],"player_experience":1452324,"relics_obtained":[{"floor":1,"key":"LetterFromLob"},{"floor":2,"key":"CCEMRelics:FiftyFTOfRope"},{"floor":6,"key":"RollingBoulder"},{"floor":8,"key":"PreservedInsect"},{"floor":9,"key":"CCEMRelics:BundleOfDynamite"},{"floor":23,"key":"White_Cape"},{"floor":26,"key":"Pantograph"},{"floor":27,"key":"Counterbalance"},{"floor":41,"key":"qcfpunch:Not_Strongest_Fighting_Style_Guidebook"},{"floor":43,"key":"reliquary:Aerogel"},{"floor":46,"key":"RedMistMask"},{"floor":46,"key":"hexamod:Sixitude"},{"floor":54,"key":"animator:TheEruzaStone"},{"floor":54,"key":"animator:AncientMedallion"},{"floor":55,"key":"LetterFromLob"},{"floor":56,"key":"LetterFromLob"},{"floor":57,"key":"animator:AncientMedallion"}],"event_choices":[{"damage_healed":0,"gold_gain":0,"player_choice":"Ignored","damage_taken":0,"max_hp_gain":0,"max_hp_loss":0,"event_name":"Vampires","floor":20,"gold_loss":0},{"damage_healed":0,"gold_gain":0,"player_choice":"Simplicity","damage_taken":0,"max_hp_gain":0,"max_hp_loss":0,"event_name":"Back to Basics","floor":31,"gold_loss":0,"cards_upgraded":["animator:Defend_GATE","animator:Defend","animator:Defend","animator:Defend"]},{"damage_healed":0,"gold_gain":0,"player_choice":"Ignored","damage_taken":0,"max_hp_gain":0,"max_hp_loss":0,"event_name":"Tomb of Lord Red Mask","floor":38,"gold_loss":0},{"damage_healed":0,"gold_gain":4,"player_choice":"1","damage_taken":0,"max_hp_gain":0,"max_hp_loss":0,"event_name":"betterStone:BetterStone","floor":58,"gold_loss":0}],"is_beta":false,"boss_relics":[{"not_picked":["Busted Crown","halation:CatFaceCupcake"],"picked":"qcfpunch:Killian_Engine_Alpha"},{"not_picked":["Snecko Heart","halation:Risk"],"picked":"CCEMRelics:ReaperScythe"}],"items_purged_floors":[],"is_endless":false,"potions_floor_spawned":[2,3,10,16,18,23,29,33,39,45,46,47,56],"killed_by":"animator:UNNAMED_CULTIST_2","ascension_level":1}}