{"host":"cepa1iaiubs928mn","time":1613242348,"event":{"mods":["Bard","BaseMod","Beaked The Cultist","Conspire","Gremlin Mod","Hermit","Hubris","KinomotoSakuraMod(ÙÊñýÜâ?)","Luminous","Marisa£¨Ùöéë¡¡Øª×âÞÞ£©","Mimic Mod","Minty Spire (QoL Compilation)","Quick Restart","Replay The Spire","Robot Space Explorer","Shop Mod","StSLib","Td1madao Mod","The Animator","The Bladedancer","The Bug Knight","The Construct","The Cursed","The Disciple","The Dragon Tamer","The Gatherer","The Hierophant","The Mystic","The Necromancer","The Poker Player","The Runesmith","The Senshi","The Servant 0.9.4","The Witch","Waifu the Spire","Youmu£¨ûëÛÞèí?£©","Yuri Mod"],"gold_per_floor":[216,141,153,54,4,34,50,50,50],"floor_reached":8,"language":"KOR","playtime":310,"items_purged":["construct:Defend_Gold"],"score":56,"play_id":"0f8e46d0-8441-49e8-ab36-76f4c6d5463c","local_time":"20210214035228","is_ascension_mode":false,"campfire_choices":[],"circlet_count":0,"master_deck":["construct:Strike_Gold","construct:Strike_Gold","construct:Strike_Gold","construct:Strike_Gold","construct:Defend_Gold","construct:Defend_Gold","construct:Defend_Gold","construct:Defend_Gold","construct:AttackMode","construct:DefenseMode","construct:OmegaCannon","construct:Autoturret","construct:LaserCore","construct:FlameCore"],"relics":["construct:Cogwheel","Quantum Egg"],"acts_visited":["Exordium"],"potions_floor_usage":[6],"damage_taken":[{"damage":7,"enemies":"Cultist","floor":1,"turns":5},{"damage":8,"enemies":"2 Louse","floor":3,"turns":2},{"damage":33,"enemies":"3 Sentries","floor":6,"turns":6},{"damage":3,"enemies":"Small Slimes","floor":7,"turns":3},{"damage":37,"enemies":"Gremlin Nob","floor":8,"turns":4}],"seed_played":"-3051372976514687663","potions_obtained":[{"floor":1,"key":"SteroidPotion"},{"floor":7,"key":"BlessingOfTheForge"}],"is_trial":false,"path_per_floor":["M","$","M","$","?","E","M","E"],"character_chosen":"THE_CONSTRUCT_MOD","items_purchased":["construct:Autoturret","construct:LaserCore"],"campfire_rested":0,"item_purchase_floors":[4,4],"current_hp_per_floor":[78,78,70,70,70,37,34,0,0],"gold":50,"neow_bonus":"HUNDRED_GOLD","is_daily":false,"chose_seed":false,"campfire_upgraded":0,"win_rate":0.0,"timestamp":1613242348,"path_taken":["M","?","M","$","?","E","M","E"],"items_purchased_type":["Card","Card"],"build_version":"2020-12-22","purchased_purges":1,"victory":false,"max_hp_per_floor":[85,85,85,85,85,85,85,85,85],"card_choices":[{"not_picked":["construct:Backfire","construct:Accumulate"],"picked":"construct:OmegaCannon","floor":1},{"not_picked":["construct:HeavyBolt","construct:Anticipate","construct:Boost"],"picked":"SKIP","floor":3},{"not_picked":["construct:SweepLaser","construct:GuardCore"],"picked":"construct:FlameCore","floor":6},{"not_picked":["construct:Construct_Overclock","construct:Failsafe","construct:FocusedBeam"],"picked":"SKIP","floor":7}],"player_experience":8136,"relics_obtained":[{"floor":6,"key":"Quantum Egg"}],"event_choices":[{"cards_removed":["construct:Strike_Gold"],"damage_healed":0,"gold_gain":0,"player_choice":"Card Removal","damage_taken":0,"max_hp_gain":0,"max_hp_loss":0,"event_name":"The Cleric","floor":5,"gold_loss":50}],"is_beta":false,"boss_relics":[],"items_purged_floors":[2],"is_endless":false,"potions_floor_spawned":[1,7],"killed_by":"Gremlin Nob","ascension_level":0}}