{"host":"vyjryxuuuxkt43k4","time":1613214601,"event":{"mods":["AchievementEnabler","BaseMod","Colored Map","DeckTracker","Keyboard Shortcuts","Minty Spire (QoL Compilation)","Permanent Neow","Quick Restart","Rare Cards Sparkle","StSLib","SuperFastMode","everything is the same but u backflip on backflip"],"gold_per_floor":[116,76,94,114,114,114,142,142,142,175,14,14,25,25,25,25,25],"floor_reached":16,"language":"KOR","playtime":460,"items_purged":[],"score":216,"play_id":"de7f0df2-31f8-4696-8ebf-489c59da2fec","local_time":"20210213201001","is_ascension_mode":true,"campfire_choices":[{"data":"Quick Slash","floor":6,"key":"SMITH"},{"floor":8,"key":"REST"},{"data":"After Image","floor":15,"key":"SMITH"}],"circlet_count":0,"master_deck":["AscendersBane","Strike_G","Strike_G","Strike_G","Strike_G","Strike_G","Defend_G","Defend_G","Defend_G","Defend_G","Defend_G","Survivor","Neutralize","Quick Slash+1","After Image+1","Tactician","Escape Plan","All Out Attack"],"relics":["Ring of the Snake","Unceasing Top","StrikeDummy","Bag of Marbles","Question Card","Frozen Egg 2","Lantern","Blue Candle"],"acts_visited":["Exordium"],"potions_floor_usage":[7,7,7,16,16],"damage_taken":[{"damage":0,"enemies":"2 Louse","floor":1,"turns":3},{"damage":3,"enemies":"Cultist","floor":3,"turns":5},{"damage":4,"enemies":"Jaw Worm","floor":4,"turns":3},{"damage":8,"enemies":"Lagavulin","floor":7,"turns":6},{"damage":6,"enemies":"Gremlin Nob","floor":10,"turns":3},{"damage":0,"enemies":"Blue Slaver","floor":13,"turns":1},{"damage":59,"enemies":"Slime Boss","floor":16,"turns":11}],"seed_played":"3361912326139682379","potions_obtained":[{"floor":2,"key":"PowerPotion"},{"floor":2,"key":"EntropicBrew"},{"floor":10,"key":"LiquidMemories"},{"floor":13,"key":"GhostInAJar"}],"is_trial":false,"path_per_floor":["M","?","M","M","?","R","E","R","T","E","$","?","M","T","R","B"],"character_chosen":"THE_SILENT","items_purchased":["Lantern"],"campfire_rested":1,"item_purchase_floors":[11],"current_hp_per_floor":[44,44,41,37,32,32,24,43,43,37,37,59,59,59,59,0,0],"gold":25,"neow_bonus":"ONE_RARE_RELIC","is_daily":false,"chose_seed":false,"campfire_upgraded":2,"win_rate":0.0,"timestamp":1613214601,"path_taken":["M","?","M","?","?","R","E","R","T","E","$","?","M","?","R","BOSS"],"items_purchased_type":["Relic"],"build_version":"2020-12-22","purchased_purges":0,"victory":false,"max_hp_per_floor":[66,66,66,66,66,66,66,66,66,66,66,66,66,66,66,66,66],"card_choices":[{"not_picked":["Dodge and Roll","Deadly Poison"],"picked":"Quick Slash","floor":1},{"not_picked":["Quick Slash","Choke","Outmaneuver"],"picked":"SKIP","floor":3},{"not_picked":["Quick Slash","Slice"],"picked":"After Image","floor":4},{"not_picked":["Accuracy","Acrobatics"],"picked":"Tactician","floor":7},{"not_picked":["Leg Sweep","Burst","Poisoned Stab"],"picked":"Escape Plan","floor":10},{"not_picked":["Bane","Deadly Poison","Dodge and Roll"],"picked":"All Out Attack","floor":13}],"player_experience":976694,"relics_obtained":[{"floor":7,"key":"Bag of Marbles"},{"floor":9,"key":"Question Card"},{"floor":10,"key":"Frozen Egg 2"},{"floor":14,"key":"Blue Candle"}],"event_choices":[{"damage_healed":0,"gold_gain":0,"player_choice":"Bought 3 Potions","damage_taken":0,"max_hp_gain":0,"max_hp_loss":0,"event_name":"The Woman in Blue","floor":2,"gold_loss":0},{"damage_healed":0,"gold_gain":0,"player_choice":"Success","damage_taken":5,"relics_obtained":["StrikeDummy"],"max_hp_gain":0,"max_hp_loss":0,"event_name":"Scrap Ooze","floor":5,"gold_loss":0},{"damage_healed":22,"gold_gain":0,"player_choice":"Banana","damage_taken":0,"max_hp_gain":0,"max_hp_loss":0,"event_name":"Big Fish","floor":12,"gold_loss":0}],"is_beta":false,"boss_relics":[],"items_purged_floors":[],"is_endless":false,"potions_floor_spawned":[4,10,13],"killed_by":"Slime Boss","ascension_level":20}}