{"host":"da4a6z8aof69aasy","time":1613235473,"event":{"mods":["AchievementEnabler","BaseMod","Block Reminder","Colored Powertips","DeckTracker","Highlight Path","Minty Spire (QoL Compilation)","Permanent Neow","Relic Stats","StSLib"],"gold_per_floor":[112,128,128,147,157,157,177,204,204,219,219,46,76,76,76,150,150,166,166,186,186,196,221,221,221,221],"floor_reached":25,"language":"ENG","playtime":3786,"items_purged":["Strike_B"],"score":473,"play_id":"25b46531-d836-48f0-b5cb-004f810882ca","local_time":"20210213185753","is_ascension_mode":true,"campfire_choices":[{"data":"Barrage","floor":6,"key":"SMITH"},{"floor":11,"key":"REST"},{"floor":15,"key":"REST"}],"circlet_count":0,"master_deck":["AscendersBane","Defend_B+1","Defend_B+1","Defend_B+1","Defend_B+1","Zap","Dualcast","Barrage+1","Chill","Ball Lightning","Hologram","Cold Snap","Loop","Self Repair","Seek","Ghostly","Ghostly","Ghostly","Coolheaded","Bite","Bite","Bite","Bite","Bite","Coolheaded"],"relics":["Cracked Core","Toy Ornithopter","Odd Mushroom","Potion Belt","White Beast Statue","SlaversCollar","Bag of Marbles"],"acts_visited":["Exordium","TheCity"],"potions_floor_usage":[16,16,22,22,23,25],"damage_taken":[{"damage":7,"enemies":"Small Slimes","floor":1,"turns":3},{"damage":0,"enemies":"2 Louse","floor":2,"turns":3},{"damage":0,"enemies":"Jaw Worm","floor":4,"turns":3},{"damage":2,"enemies":"Blue Slaver","floor":5,"turns":3},{"damage":9,"enemies":"The Mushroom Lair","floor":7,"turns":4},{"damage":18,"enemies":"Lagavulin","floor":8,"turns":6},{"damage":15,"enemies":"Large Slime","floor":10,"turns":4},{"damage":28,"enemies":"Gremlin Nob","floor":13,"turns":4},{"damage":23,"enemies":"Hexaghost","floor":16,"turns":11},{"damage":24,"enemies":"Shell Parasite","floor":18,"turns":7},{"damage":8,"enemies":"3 Byrds","floor":20,"turns":7},{"damage":14,"enemies":"3 Cultists","floor":22,"turns":6},{"damage":0,"enemies":"Slavers","floor":23,"turns":10},{"damage":61,"enemies":"Gremlin Leader","floor":25,"turns":9}],"seed_played":"6167470073502898774","potions_obtained":[{"floor":8,"key":"Energy Potion"},{"floor":10,"key":"LiquidBronze"},{"floor":13,"key":"GamblersBrew"},{"floor":16,"key":"LiquidMemories"},{"floor":18,"key":"Dexterity Potion"},{"floor":20,"key":"Regen Potion"},{"floor":22,"key":"EssenceOfSteel"},{"floor":23,"key":"ColorlessPotion"}],"is_trial":false,"path_per_floor":["M","M","?","M","M","R","?","E","T","M","R","$","E","?","R","B",null,"M","?","M","?","M","E","?","E"],"character_chosen":"DEFECT","items_purchased":["Cold Snap","Loop"],"campfire_rested":2,"item_purchase_floors":[12,12],"current_hp_per_floor":[57,57,57,57,55,55,46,28,28,15,36,36,10,5,26,22,59,44,35,34,34,35,35,35,0,0],"gold":221,"neow_bonus":"RANDOM_COMMON_RELIC","is_daily":false,"chose_seed":false,"campfire_upgraded":1,"win_rate":0.0,"timestamp":1613235473,"path_taken":["M","M","?","M","M","R","?","E","T","M","R","$","E","?","R","BOSS","M","?","M","?","M","E","?","E"],"items_purchased_type":["Card","Card"],"build_version":"2020-12-22","purchased_purges":1,"victory":false,"max_hp_per_floor":[71,71,71,71,71,71,71,71,71,71,71,71,71,71,71,71,71,71,35,35,35,35,35,35,35,35],"relic_stats":{"counters":[14,80],"obtain_stats":[{"Blood Vial":8,"Potion Belt":9,"SlaversCollar":17,"Bag of Marbles":23,"Odd Mushroom":7,"Cracked Core":0,"Toy Ornithopter":0,"White Beast Statue":13},{"Blood Vial":6,"Potion Belt":6,"SlaversCollar":9,"Bag of Marbles":13,"Odd Mushroom":5,"Cracked Core":0,"Toy Ornithopter":0,"White Beast Statue":8},{"Blood Vial":22,"Potion Belt":22,"SlaversCollar":41,"Bag of Marbles":71,"Odd Mushroom":16,"Cracked Core":0,"Toy Ornithopter":0,"White Beast Statue":30}],"Toy Ornithopter":15},"card_choices":[{"not_picked":["Go for the Eyes","Coolheaded"],"picked":"Barrage","floor":1},{"not_picked":["Steam","Conserve Battery"],"picked":"Chill","floor":2},{"not_picked":["Rip and Tear","Hologram"],"picked":"Ball Lightning","floor":4},{"not_picked":["White Noise","Conserve Battery","Rainbow"],"picked":"SKIP","floor":5},{"not_picked":["White Noise","Conserve Battery","Rainbow"],"picked":"SKIP","floor":5},{"not_picked":["Force Field","Rebound"],"picked":"Hologram","floor":7},{"not_picked":["Gash","Sweeping Beam","Hologram"],"picked":"SKIP","floor":8},{"not_picked":["Steam","Consume","Beam Cell"],"picked":"SKIP","floor":10},{"not_picked":["Barrage","Melter"],"picked":"Self Repair","floor":13},{"not_picked":["Hyperbeam","Rainbow"],"picked":"Seek","floor":16},{"not_picked":["Redo","Hologram","Sweeping Beam"],"picked":"SKIP","floor":18},{"not_picked":["Turbo","Ball Lightning"],"picked":"Coolheaded","floor":20},{"not_picked":["Hologram","Melter"],"picked":"Coolheaded","floor":22},{"not_picked":["Amplify","Beam Cell","Gash"],"picked":"SKIP","floor":23}],"player_experience":2171523,"relics_obtained":[{"floor":7,"key":"Odd Mushroom"},{"floor":8,"key":"Blood Vial"},{"floor":9,"key":"Potion Belt"},{"floor":13,"key":"White Beast Statue"},{"floor":23,"key":"Bag of Marbles"}],"event_choices":[{"damage_healed":0,"gold_gain":0,"player_choice":"Leave","damage_taken":0,"max_hp_gain":0,"max_hp_loss":0,"event_name":"The Cleric","floor":3,"gold_loss":0},{"damage_healed":0,"gold_gain":0,"player_choice":"Fought Mushrooms","damage_taken":0,"max_hp_gain":0,"max_hp_loss":0,"event_name":"Mushrooms","floor":7,"gold_loss":0},{"damage_healed":0,"gold_gain":0,"player_choice":"Fled","damage_taken":5,"max_hp_gain":0,"max_hp_loss":0,"event_name":"Scrap Ooze","floor":14,"gold_loss":0},{"damage_healed":0,"gold_gain":0,"player_choice":"Became a Ghost","damage_taken":0,"max_hp_gain":0,"max_hp_loss":36,"event_name":"Ghosts","floor":19,"gold_loss":0,"cards_obtained":["Ghostly","Ghostly","Ghostly"]},{"damage_healed":0,"gold_gain":0,"player_choice":"Became a vampire (Vial)","damage_taken":0,"max_hp_gain":0,"max_hp_loss":0,"event_name":"Vampires","floor":21,"relics_lost":["Blood Vial"],"gold_loss":0,"cards_obtained":["Bite","Bite","Bite","Bite","Bite"]},{"damage_healed":0,"gold_gain":0,"player_choice":"Simplicity","damage_taken":0,"max_hp_gain":0,"max_hp_loss":0,"event_name":"Back to Basics","floor":24,"gold_loss":0,"cards_upgraded":["Defend_B","Defend_B","Defend_B","Defend_B"]}],"is_beta":false,"boss_relics":[{"not_picked":["Black Star","Tiny House"],"picked":"SlaversCollar"}],"items_purged_floors":[12],"is_endless":false,"potions_floor_spawned":[8,10,13,16,18,20,22,23],"killed_by":"Gremlin Leader","ascension_level":15}}