{"host":"y4mx56vxqys6xwyn","time":1613246919,"event":{"mods":["BaseMod","Hermit","Minty Spire (QoL Compilation)","StSLib"],"gold_per_floor":[110,110,110,121,121,121,135,169,222,240,253,253,312,322,322,423,423,438,52,52,62,62,95,95,114,114,125,125,143,143,156,156,254,254,273,284,284,334,334,334,368,368,368,368,0,13,25,325,325,325,325],"floor_reached":50,"language":"ENG","playtime":3104,"items_purged":["Rupture+1"],"score":542,"play_id":"80a41e3f-f5ed-4847-b93b-929f5f425e07","local_time":"20210213140839","is_ascension_mode":false,"campfire_choices":[{"data":"Thunderclap","floor":6,"key":"SMITH"},{"data":"Seeing Red","floor":15,"key":"SMITH"},{"floor":30,"key":"REST"},{"data":"Metamorphosis","floor":32,"key":"SMITH"},{"data":"Thunderclap","floor":40,"key":"SMITH"},{"data":"Bloodletting","floor":42,"key":"SMITH"},{"floor":44,"key":"REST"},{"data":"Heavy Blade","floor":49,"key":"SMITH"}],"circlet_count":0,"master_deck":["Strike_R+1","Strike_R+1","Strike_R+1","Strike_R+1","Defend_R+1","Defend_R+1","Defend_R+1","Defend_R+1","Bash","Thunderclap+1","Clash","Dual Wield","Pommel Strike","Seeing Red+1","Immolate","Whirlwind","Thunderclap+1","Metamorphosis+1","Shockwave","Writhe","Pommel Strike","Immolate","Intimidate","Blood for Blood+1","Rampage","Fiend Fire","CurseOfTheBell","Blood for Blood+1","Clash+1","Madness","Madness","Flame Barrier+1","Bloodletting+1","Twin Strike+1","Heavy Blade+1"],"relics":["Burning Blood","NeowsBlessing","Nunchaku","Red Skull","Ginger","Mark of Pain","Oddly Smooth Stone","Mummified Hand","Vajra","Calling Bell","Happy Flower","HornCleat","Magic Flower","Pocketwatch","Potion Belt","Darkstone Periapt","Red Mask","Old Coin"],"acts_visited":["Exordium","TheCity","TheBeyond"],"potions_floor_usage":[8,8,16,16,16,31,41],"damage_taken":[{"damage":0,"enemies":"Jaw Worm","floor":1,"turns":1},{"damage":0,"enemies":"2 Louse","floor":4,"turns":1},{"damage":0,"enemies":"Cultist","floor":7,"turns":1},{"damage":10,"enemies":"Gremlin Nob","floor":8,"turns":3},{"damage":12,"enemies":"Blue Slaver","floor":10,"turns":2},{"damage":8,"enemies":"Red Slaver","floor":11,"turns":3},{"damage":1,"enemies":"Exordium Wildlife","floor":14,"turns":3},{"damage":42,"enemies":"The Guardian","floor":16,"turns":6},{"damage":12,"enemies":"Shell Parasite","floor":18,"turns":4},{"damage":14,"enemies":"Chosen","floor":21,"turns":4},{"damage":34,"enemies":"Gremlin Leader","floor":23,"turns":6},{"damage":6,"enemies":"Centurion and Healer","floor":25,"turns":5},{"damage":0,"enemies":"3 Cultists","floor":27,"turns":2},{"damage":7,"enemies":"Cultist and Chosen","floor":29,"turns":3},{"damage":21,"enemies":"Snake Plant","floor":31,"turns":3},{"damage":65,"enemies":"Collector","floor":33,"turns":7},{"damage":18,"enemies":"3 Shapes","floor":35,"turns":3},{"damage":0,"enemies":"Orb Walker","floor":36,"turns":3},{"damage":26,"enemies":"Mind Bloom Boss Battle","floor":38,"turns":5},{"damage":30,"enemies":"Nemesis","floor":41,"turns":7},{"damage":25,"enemies":"Transient","floor":46,"turns":5},{"damage":21,"enemies":"Sphere and 2 Shapes","floor":47,"turns":3},{"damage":30,"enemies":"Time Eater","floor":50,"turns":3}],"seed_played":"243300620682955236","potions_obtained":[{"floor":3,"key":"LiquidMemories"},{"floor":3,"key":"EssenceOfSteel"},{"floor":3,"key":"Ancient Potion"},{"floor":7,"key":"PowerPotion"},{"floor":11,"key":"FearPotion"},{"floor":14,"key":"Strength Potion"},{"floor":21,"key":"FairyPotion"},{"floor":23,"key":"AttackPotion"},{"floor":33,"key":"SpeedPotion"},{"floor":38,"key":"Block Potion"}],"is_trial":false,"path_per_floor":["M","?","?","M","?","R","M","E","T","M","M","T","?","M","R","B",null,"M","$","?","M","?","E","?","M","T","M","?","M","R","M","R","B",null,"M","M","?","?","?","R","E","R","T","R","?","M","M","?","R","B"],"character_chosen":"IRONCLAD","items_purchased":["Thunderclap","Metamorphosis","Shockwave"],"campfire_rested":2,"item_purchase_floors":[19,19,19],"current_hp_per_floor":[80,64,64,70,70,70,76,72,72,66,64,64,64,69,69,33,80,74,74,74,66,66,38,38,38,38,44,36,35,59,44,44,10,80,71,80,70,53,53,53,32,32,32,56,56,40,28,28,28,0,0],"gold":325,"neow_bonus":"THREE_ENEMY_KILL","is_daily":false,"chose_seed":false,"campfire_upgraded":6,"win_rate":0.0,"timestamp":1613246919,"path_taken":["M","?","?","?","?","R","M","E","T","?","M","?","?","M","R","BOSS","M","$","?","M","?","E","?","?","T","M","?","M","R","M","R","BOSS","M","M","?","?","?","R","E","R","T","R","?","M","M","?","R","BOSS"],"items_purchased_type":["Card","Card","Card"],"build_version":"2020-12-22","purchased_purges":1,"victory":false,"max_hp_per_floor":[80,80,80,80,80,80,80,80,80,80,80,80,80,80,80,80,80,80,80,80,80,80,80,80,80,80,80,80,80,80,80,80,80,80,80,80,80,80,80,80,80,80,80,80,80,80,80,80,80,80,80],"card_choices":[{"not_picked":["Iron Wave","Perfected Strike"],"picked":"Rupture","floor":1},{"not_picked":["Wild Strike","Shrug It Off"],"picked":"Thunderclap","floor":4},{"not_picked":["Iron Wave","Perfected Strike"],"picked":"Clash","floor":7},{"not_picked":["Feel No Pain","Evolve"],"picked":"Dual Wield","floor":8},{"not_picked":["Twin Strike","Iron Wave"],"picked":"Pommel Strike","floor":10},{"not_picked":["Perfected Strike","Shrug It Off"],"picked":"Iron Wave","floor":11},{"not_picked":["Shrug It Off","Twin Strike"],"picked":"Seeing Red","floor":14},{"not_picked":["Bludgeon","Barricade"],"picked":"Immolate","floor":16},{"not_picked":["Second Wind+1","Rampage"],"picked":"Whirlwind","floor":18},{"not_picked":["Anger","Clothesline"],"picked":"Thunderclap+1","floor":21},{"not_picked":["Perfected Strike","Rupture"],"picked":"Pommel Strike","floor":23},{"not_picked":["Flex+1","Intimidate"],"picked":"Immolate","floor":25},{"not_picked":["Flex","Warcry"],"picked":"Intimidate","floor":27},{"not_picked":["Entrench","Shrug It Off"],"picked":"Blood for Blood+1","floor":29},{"not_picked":["Blood for Blood","True Grit"],"picked":"Rampage","floor":31},{"not_picked":["Berserk","Corruption"],"picked":"Fiend Fire","floor":33},{"not_picked":["True Grit+1","Thunderclap"],"picked":"Blood for Blood+1","floor":35},{"not_picked":["Infernal Blade","Shrug It Off+1"],"picked":"Clash+1","floor":36},{"not_picked":["Anger+1","Pommel Strike"],"picked":"Flame Barrier+1","floor":38},{"not_picked":["Spot Weakness","Anger+1"],"picked":"Bloodletting","floor":41},{"not_picked":["Pommel Strike","Bloodletting"],"picked":"Twin Strike+1","floor":46},{"not_picked":["Flame Barrier","Burning Pact"],"picked":"Heavy Blade","floor":47}],"player_experience":15614,"relics_obtained":[{"floor":8,"key":"Nunchaku"},{"floor":9,"key":"Red Skull"},{"floor":12,"key":"Ginger"},{"floor":23,"key":"Mummified Hand"},{"floor":26,"key":"Vajra"},{"floor":34,"key":"Happy Flower"},{"floor":34,"key":"HornCleat"},{"floor":34,"key":"Magic Flower"},{"floor":38,"key":"Pocketwatch"},{"floor":41,"key":"Potion Belt"},{"floor":43,"key":"Darkstone Periapt"}],"event_choices":[{"damage_healed":0,"gold_gain":0,"player_choice":"Entered Light","damage_taken":16,"max_hp_gain":0,"max_hp_loss":0,"event_name":"Shining Light","floor":2,"gold_loss":0,"cards_upgraded":["Rupture","Strike_R"]},{"damage_healed":0,"gold_gain":0,"player_choice":"Got Potions","damage_taken":0,"max_hp_gain":0,"max_hp_loss":0,"event_name":"Lab","floor":3,"gold_loss":0},{"damage_healed":0,"gold_gain":0,"player_choice":"Bought 0 Potions","damage_taken":0,"max_hp_gain":0,"max_hp_loss":0,"event_name":"The Woman in Blue","floor":5,"gold_loss":0},{"damage_healed":0,"gold_gain":59,"player_choice":"Gained Gold","damage_taken":0,"max_hp_gain":0,"max_hp_loss":0,"event_name":"Golden Wing","floor":13,"gold_loss":0},{"damage_healed":0,"gold_gain":0,"player_choice":"Opened","damage_taken":0,"relics_obtained":["Oddly Smooth Stone"],"max_hp_gain":0,"max_hp_loss":0,"event_name":"The Mausoleum","floor":20,"gold_loss":0,"cards_obtained":["Writhe"]},{"damage_healed":0,"gold_gain":0,"player_choice":"Simplicity","damage_taken":0,"max_hp_gain":0,"max_hp_loss":0,"event_name":"Back to Basics","floor":22,"gold_loss":0,"cards_upgraded":["Strike_R","Strike_R","Strike_R","Strike_R","Defend_R","Defend_R","Defend_R","Defend_R"]},{"cards_removed":["Strike_R"],"damage_healed":0,"gold_gain":0,"player_choice":"Offered Basic","damage_taken":0,"max_hp_gain":0,"max_hp_loss":0,"event_name":"Bonfire Elementals","floor":24,"gold_loss":0},{"damage_healed":0,"gold_gain":0,"player_choice":"Damaged","damage_taken":8,"max_hp_gain":0,"max_hp_loss":0,"event_name":"Wheel of Change","floor":28,"gold_loss":0},{"damage_healed":0,"gold_gain":0,"player_choice":"Embrace Madness","damage_taken":10,"max_hp_gain":0,"max_hp_loss":0,"event_name":"Winding Halls","floor":37,"gold_loss":0,"cards_obtained":["Madness","Madness"]},{"damage_healed":0,"gold_gain":0,"player_choice":"Fight","damage_taken":0,"max_hp_gain":0,"max_hp_loss":0,"event_name":"MindBloom","floor":38,"gold_loss":0},{"cards_removed":["Thunderclap"],"damage_healed":0,"gold_gain":0,"player_choice":"Removed Attack","damage_taken":0,"max_hp_gain":0,"max_hp_loss":0,"event_name":"Falling","floor":39,"gold_loss":0},{"damage_healed":0,"gold_gain":0,"player_choice":"Paid","damage_taken":0,"relics_obtained":["Red Mask"],"max_hp_gain":0,"max_hp_loss":0,"event_name":"Tomb of Lord Red Mask","floor":45,"gold_loss":368},{"cards_removed":["Iron Wave"],"damage_healed":0,"gold_gain":0,"player_choice":"Gave Card","damage_taken":0,"relics_obtained":["Old Coin"],"max_hp_gain":0,"max_hp_loss":0,"event_name":"WeMeetAgain","floor":48,"gold_loss":0}],"is_beta":false,"boss_relics":[{"not_picked":["Coffee Dripper","Sozu"],"picked":"Mark of Pain"},{"not_picked":["Runic Dome","SlaversCollar"],"picked":"Calling Bell"}],"items_purged_floors":[19],"is_endless":false,"potions_floor_spawned":[7,11,14,21,23,33,38],"killed_by":"Time Eater","ascension_level":0}}