{"host":"yml0ux6c8lqydjlc","time":1613234967,"event":{"mods":["Aspiration","BaseMod","Conspire","Downfall","Hermit","Jedi Mod","Minty Spire (QoL Compilation)","Robot Space Explorer","StSLib"],"gold_per_floor":[117,132,33,44,63,63,81,92,92,92,42,42,69,69,69,186,186,199,231,231,268,268,268,290,310,336,336,336,336],"floor_reached":28,"language":"ENG","playtime":2099,"items_purged":["Strike_B"],"score":214,"play_id":"e7ced5c8-417e-4273-9f1f-be2fcf226a1b","local_time":"20210213114927","is_ascension_mode":false,"campfire_choices":[{"data":"Zap","floor":6,"key":"SMITH"},{"floor":10,"key":"REST"},{"data":"Storm","floor":12,"key":"SMITH"},{"data":"jedi:blockon","floor":15,"key":"SMITH"},{"data":"Steam","floor":23,"key":"SMITH"},{"floor":27,"key":"REST"}],"circlet_count":0,"master_deck":["Strike_B","Strike_B","Strike_B","Defend_B","Defend_B","Defend_B","Defend_B","Zap+1","Dualcast","Enlightenment","Coolheaded","Stack","Barrage","Sweeping Beam","Barrage","Storm+1","Leap","conspire:SpireCoStock","jedi:blockon+1","Reboot","Ball Lightning","Steam+1","Auto Shields","Chill+1","Melter"],"relics":["Cracked Core","Bottled Lightning","Nuclear Battery","Anchor"],"acts_visited":["Exordium","TheCity"],"potions_floor_usage":[16,16,19,27,28],"damage_taken":[{"damage":2,"enemies":"2 Louse","floor":1,"turns":3},{"damage":2,"enemies":"Small Slimes","floor":2,"turns":5},{"damage":1,"enemies":"conspire:RoseBush","floor":4,"turns":3},{"damage":1,"enemies":"2 Fungi Beasts","floor":5,"turns":5},{"damage":2,"enemies":"3 Louse","floor":7,"turns":3},{"damage":11,"enemies":"conspire:2 RoseBushes","floor":8,"turns":3},{"damage":8,"enemies":"Large Slime","floor":13,"turns":5},{"damage":46,"enemies":"The Guardian","floor":16,"turns":15},{"damage":8,"enemies":"3 Byrds","floor":18,"turns":5},{"damage":0,"enemies":"Spheric Guardian","floor":19,"turns":3},{"damage":37,"enemies":"Cultist and Chosen","floor":21,"turns":7},{"damage":17,"enemies":"Snecko","floor":24,"turns":6},{"damage":12,"enemies":"Chosen and Byrds","floor":25,"turns":8},{"damage":50,"enemies":"Masked Bandits","floor":28,"turns":4}],"seed_played":"-8037746403629781057","potions_obtained":[{"floor":2,"key":"LiquidBronze"},{"floor":4,"key":"ColorlessPotion"},{"floor":8,"key":"jedi:mysterypotion"},{"floor":16,"key":"SneckoOil"},{"floor":25,"key":"Dexterity Potion"}],"is_trial":false,"path_per_floor":["M","M","$","M","M","R","M","M","T","R","?","R","M","?","R","B",null,"M","M","?","M","?","R","M","M","T","R","?"],"character_chosen":"DEFECT","items_purchased":["Barrage"],"campfire_rested":2,"item_purchase_floors":[3],"current_hp_per_floor":[73,71,71,70,69,69,67,56,56,75,75,75,67,67,67,21,75,67,67,67,30,55,55,38,26,26,48,0,0],"gold":336,"neow_bonus":"RANDOM_COLORLESS","is_daily":false,"chose_seed":false,"campfire_upgraded":4,"win_rate":0.0,"timestamp":1613234967,"path_taken":["M","M","$","M","M","R","M","M","T","R","?","R","M","?","R","BOSS","M","M","?","M","?","R","M","M","T","R","?"],"items_purchased_type":["Card"],"build_version":"2020-12-22","purchased_purges":1,"victory":false,"max_hp_per_floor":[75,75,75,75,75,75,75,75,75,75,75,75,75,75,75,75,75,75,75,75,75,75,75,75,75,75,75,75,75],"card_choices":[{"not_picked":["Finesse","Trip"],"picked":"Enlightenment","floor":0},{"not_picked":["Go for the Eyes","Streamline"],"picked":"Coolheaded","floor":1},{"not_picked":["Chill","Heatsinks"],"picked":"Stack","floor":2},{"not_picked":["Tempest","Hologram"],"picked":"Sweeping Beam","floor":4},{"not_picked":["Force Field","Coolheaded"],"picked":"Barrage","floor":5},{"not_picked":["jedi:hex","jedi:markofdeath"],"picked":"Storm","floor":7},{"not_picked":["Go for the Eyes","jedi:BurstLightning"],"picked":"Leap","floor":8},{"not_picked":["jedi:BurstLightning","Steam Power"],"picked":"jedi:blockon","floor":13},{"not_picked":["Echo Form","Biased Cognition"],"picked":"Reboot","floor":16},{"not_picked":["Streamline","Hologram"],"picked":"Ball Lightning","floor":18},{"not_picked":["Stack","Hello World"],"picked":"Steam","floor":19},{"not_picked":["jedi:locknload","Skim"],"picked":"Auto Shields","floor":21},{"not_picked":["Go for the Eyes","Redo"],"picked":"Chill+1","floor":24},{"not_picked":["Glacier","Steam"],"picked":"Melter","floor":25}],"player_experience":66579,"relics_obtained":[{"floor":9,"key":"Bottled Lightning"},{"floor":26,"key":"Anchor"}],"event_choices":[{"damage_healed":0,"gold_gain":0,"player_choice":"Invest 1","damage_taken":0,"max_hp_gain":0,"max_hp_loss":0,"event_name":"conspire:Investor","floor":11,"gold_loss":0},{"damage_healed":0,"gold_gain":0,"player_choice":"Disagree","damage_taken":0,"max_hp_gain":0,"max_hp_loss":0,"event_name":"conspire:LoneGhost","floor":14,"gold_loss":0},{"damage_healed":25,"gold_gain":0,"player_choice":"Heal","damage_taken":0,"max_hp_gain":0,"max_hp_loss":0,"event_name":"The Library","floor":22,"gold_loss":0},{"damage_healed":0,"gold_gain":0,"player_choice":"Fought Bandits","damage_taken":0,"max_hp_gain":0,"max_hp_loss":0,"event_name":"Masked Bandits","floor":28,"gold_loss":0}],"is_beta":false,"boss_relics":[{"not_picked":["jedi:paperlyon","aspiration:BursterCore"],"picked":"Nuclear Battery"}],"items_purged_floors":[3],"is_endless":false,"potions_floor_spawned":[2,4,8,16,25],"killed_by":"Masked Bandits","ascension_level":0}}