{"host":"t9zjxed0utvsfjwc","time":1613215749,"event":{"mods":["2.2 Compatiblity","Aspiration","BaseMod","Better Altar","Better Match","Better Note","Better Sensory Stone","Better Skull","Better Third Choice","Block Reminder","Colored Map","Colored Powertips","Custom Start","Downfall","Hermit","Highlight Path","Hubris","Infinite Spire","Marisa????????","Minty Spire (QoL Compilation)","Quick Restart","Rare Cards Sparkle","Reliquary","Replay The Spire","StSLib","The Cursed","The Marked","The Runesmith","Unceasing Turn Reminder","everything is the same but u backflip on backflip"],"gold_per_floor":[113,113,10,10,22,47,64,97,97,112,137,156,28,47,47,147,147,161,177,196,214,114,143,143,176,203,203,203,203,229,154,154,154,154],"floor_reached":33,"language":"ENG","playtime":1058,"items_purged":["theMarked:Defend","theMarked:Strike"],"score":350,"play_id":"c566c4ee-1ece-4660-8b2a-bb385d79875d","local_time":"20210213112909","is_ascension_mode":false,"campfire_choices":[{"floor":15,"key":"REST"},{"floor":24,"key":"REST"},{"floor":27,"key":"REST"},{"data":"theMarked:Defend","floor":32,"key":"PURGE"}],"circlet_count":0,"master_deck":["theMarked:Strike","theMarked:Strike","theMarked:Defend","theMarked:Defend","theMarked:SoldierOfQuellstein","theMarked:BanishingStrike","theMarked:WardOff","theMarked:Memento","theMarked:MysticalArsenal","theMarked:BanishingStrike","theMarked:WardOff","theMarked:Vacuum","theMarked:BanishingStrike+1","theMarked:WardOff","theMarked:BindingBlade"],"relics":["theMarked:ArtifactOfAir","NeowsBlessing","aspiration:SeaSaltIceCream","aspiration:Nostalgia","champ:ChampionCrown","infinitespire:CursedDice","reliquary:SharkskinSheath","Simple Rune","Darkstone Periapt","theMarked:DemonDagger","Fusion Hammer","Toy Ornithopter","HornCleat","Runesmith:AutoHammer","Pet Ghost"],"acts_visited":["Exordium","TheCity"],"potions_floor_usage":[8,8,10,15,16,16,16,18,23,23,33],"damage_taken":[{"damage":0,"enemies":"2 Louse","floor":1,"turns":1},{"damage":0,"enemies":"Cultist","floor":5,"turns":1},{"damage":0,"enemies":"3 Sentries","floor":6,"turns":2},{"damage":3,"enemies":"Jaw Worm","floor":7,"turns":3},{"damage":8,"enemies":"Lagavulin","floor":8,"turns":4},{"damage":4,"enemies":"Exordium Thugs","floor":10,"turns":5},{"damage":27,"enemies":"3 Sentries","floor":11,"turns":8},{"damage":11,"enemies":"Large Slime","floor":12,"turns":2},{"damage":8,"enemies":"3 Louse","floor":14,"turns":3},{"damage":1,"enemies":"Hexaghost","floor":16,"turns":4},{"damage":1,"enemies":"2 Thieves","floor":18,"turns":3},{"damage":5,"enemies":"Spheric Guardian","floor":19,"turns":4},{"damage":12,"enemies":"Shelled Parasite and Fungi","floor":20,"turns":4},{"damage":29,"enemies":"Sentry and Sphere","floor":21,"turns":5},{"damage":24,"enemies":"Nightmare","floor":23,"turns":6},{"damage":34,"enemies":"Slavers","floor":25,"turns":4},{"damage":16,"enemies":"Book of Stabbing","floor":30,"turns":3},{"damage":31,"enemies":"Automaton","floor":33,"turns":4}],"seed_played":"-1384566365582972427","potions_obtained":[{"floor":6,"key":"LifebloodPotion"},{"floor":7,"key":"Energy Potion"},{"floor":8,"key":"Flashbang"},{"floor":14,"key":"EntropicBrew"},{"floor":16,"key":"SkillPotion"},{"floor":19,"key":"BlessingOfTheForge"},{"floor":21,"key":"Languid Potion"},{"floor":30,"key":"CultistPotion"}],"is_trial":false,"path_per_floor":["M","?","$","T","M","E","M","E","T","M","E","M","$","M","R","B",null,"M","M","M","M","$","NM","R","E","T","R","?","?","E","?","R_BF","B"],"character_chosen":"THE_DEFAULT","items_purchased":["theMarked:BanishingStrike","theMarked:WardOff","theMarked:WardOff"],"campfire_rested":3,"item_purchase_floors":[3,3,13],"current_hp_per_floor":[70,70,70,70,70,70,67,59,59,55,28,17,17,9,30,29,70,69,64,52,23,23,25,46,12,12,33,33,33,17,17,17,0,0],"gold":154,"neow_bonus":"THREE_ENEMY_KILL","is_daily":false,"chose_seed":false,"campfire_upgraded":0,"win_rate":0.0,"timestamp":1613215749,"path_taken":["M","?","$","?","M","E","M","E","T","M","E","M","$","?","R","BOSS","M","M","M","M","?","NM","R","E","T","R","?","?","E","?","R_BF","BOSS"],"items_purchased_type":["Card","Card","Card"],"build_version":"2020-12-22","purchased_purges":2,"victory":false,"max_hp_per_floor":[70,70,70,70,70,70,70,70,70,70,70,70,70,70,70,70,70,70,70,70,70,70,70,70,70,70,70,70,70,70,70,70,70,70],"card_choices":[{"not_picked":["theMarked:WastefulAttack","theMarked:ComboAttacks","theMarked:SwordAndMagic"],"picked":"SKIP","floor":1},{"not_picked":["theMarked:RogueSparks","theMarked:LightningStrikesTwice","theMarked:ResourceFulStrike"],"picked":"SKIP","floor":5},{"not_picked":["theMarked:Parkour","theMarked:HeightenedSenses"],"picked":"theMarked:Memento","floor":6},{"not_picked":["theMarked:Electrocute","theMarked:ElectricStrings"],"picked":"theMarked:MysticalArsenal","floor":7},{"not_picked":["theMarked:Levitate","theMarked:Frustration","theMarked:EmpowerWeapon"],"picked":"SKIP","floor":8},{"not_picked":["theMarked:Parkour","theMarked:RepellingDischarge","theMarked:RogueSparks"],"picked":"SKIP","floor":10},{"not_picked":["theMarked:EternalStudent","theMarked:OneWithTheBlade"],"picked":"theMarked:BanishingStrike","floor":11},{"not_picked":["theMarked:SwordAndMagic","theMarked:ChannelForce","theMarked:Electrify"],"picked":"SKIP","floor":12},{"not_picked":["theMarked:TakeCover","theMarked:SwordAndMagic","theMarked:EmpowerWeapon"],"picked":"SKIP","floor":14},{"not_picked":["theMarked:TakeOffHeels","theMarked:ThrowWeapon"],"picked":"theMarked:Vacuum","floor":16},{"not_picked":["theMarked:SwordAndMagic","theMarked:ResourceFulStrike","theMarked:Pokerface+1"],"picked":"SKIP","floor":18},{"not_picked":["theMarked:Aftermath","theMarked:RepellingDischarge+1"],"picked":"theMarked:BanishingStrike+1","floor":19},{"not_picked":["theMarked:Overcharge","theMarked:ElectricStrings"],"picked":"theMarked:WardOff","floor":20},{"not_picked":["theMarked:Standoff","theMarked:Parkour","theMarked:TunnelVision"],"picked":"SKIP","floor":21},{"not_picked":["theMarked:Heritage","theMarked:ChainLightning"],"picked":"theMarked:BindingBlade","floor":23},{"not_picked":["theMarked:StartUp","theMarked:Generate","theMarked:SwordAndMagic+1"],"picked":"SKIP","floor":25},{"not_picked":["theMarked:TwofoldDefense+1","theMarked:ResourceFulStrike","theMarked:Overcharge"],"picked":"SKIP","floor":30}],"player_experience":549113,"relics_obtained":[{"floor":2,"key":"aspiration:SeaSaltIceCream"},{"floor":4,"key":"infinitespire:CursedDice"},{"floor":6,"key":"reliquary:SharkskinSheath"},{"floor":8,"key":"Simple Rune"},{"floor":9,"key":"Darkstone Periapt"},{"floor":11,"key":"theMarked:DemonDagger"},{"floor":23,"key":"Toy Ornithopter"},{"floor":25,"key":"HornCleat"},{"floor":26,"key":"Runesmith:AutoHammer"},{"floor":30,"key":"Pet Ghost"}],"event_choices":[{"damage_healed":0,"gold_gain":0,"player_choice":"Relic","damage_taken":0,"max_hp_gain":0,"max_hp_loss":0,"event_name":"Wheel of Change","floor":2,"gold_loss":0},{"cards_removed":["theMarked:Strike"],"damage_healed":0,"gold_gain":0,"player_choice":"Purged","damage_taken":0,"max_hp_gain":0,"max_hp_loss":0,"event_name":"Purifier","floor":28,"gold_loss":0},{"cards_removed":["theMarked:BindingBlade"],"damage_healed":0,"gold_gain":0,"player_choice":"Give","damage_taken":0,"max_hp_gain":0,"max_hp_loss":0,"event_name":"betterNote:BetterNote","floor":29,"gold_loss":0,"cards_obtained":["theMarked:EternalStudent"]},{"cards_removed":["theMarked:Strike"],"damage_healed":0,"gold_gain":0,"player_choice":"Gave Gold","damage_taken":0,"max_hp_gain":0,"max_hp_loss":0,"event_name":"Beggar","floor":31,"gold_loss":75}],"is_beta":false,"boss_relics":[{"not_picked":["Ectoplasm","expansioncontent:StudyCardRelic"],"picked":"Fusion Hammer"}],"items_purged_floors":[13,22],"is_endless":true,"potions_floor_spawned":[6,7,8,14,16,19,21,30],"killed_by":"Automaton","ascension_level":0}}