{"host":"ucgrft0m53zzt06v","time":1613199232,"event":{"mods":["BaseMod","Colored Map","Colored Powertips","Conspire","HololiveMod","KinomotoSakuraMod(木之本樱)","Lobotomy","Minty Spire (QoL Compilation)","Quick Restart","Replay The Spire","Shop Mod","Spicy Shops","StSLib","Td1madao Mod","The Senshi","Waifu the Spire","WarShipGirlsR/战舰少女R mod","【遗物卡牌】REMEMod"],"gold_per_floor":[80,255,330,26,53,69,132,177,223,262,262,286,34,84,84,230,230,265,265,301,62,12,12,53,125,194,274,274,274,274,327,327,739,739,803,845,956,419,477,477,477,518,518,604,604,699,14,110,100,184],"floor_reached":51,"language":"ZHS","playtime":2806,"items_purged":["Doubt","Hololive_Strike","Pain","Pain","Pride"],"score":1882,"play_id":"1af7d4b0-d72f-426b-ae63-27c777e45789","local_time":"20210213145352","is_ascension_mode":true,"campfire_choices":[{"floor":11.0,"key":"REST"},{"floor":15.0,"key":"REST"},{"data":"Hololive_CallSpadeEcho","floor":23.0,"key":"SMITH"},{"data":"Hololive_Yoholoon","floor":23.0,"key":"SMITH"},{"data":"Hololive_OvertimeWork","floor":28.0,"key":"SMITH"},{"data":"Hololive_CallHoshimachiSuisei","floor":28.0,"key":"SMITH"},{"data":"Hololive_CallAkiRosenthal","floor":32.0,"key":"SMITH"},{"data":"Hololive_CallShiroganeNoel","floor":32.0,"key":"SMITH"},{"floor":40.0,"key":"DIG"}],"circlet_count":0,"master_deck":["AscendersBane","Hololive_CallHoshimachiSuisei+1","Hololive_CallTokinoSora+1","Hololive_CallFriendA+1","Hololive_Strike+1","Hololive_Defend+1","Hololive_Defend+1","Hololive_Defend+1","Hololive_ManjiGathering+1","rmod:u235+1","Hololive_OvertimeWork+1","Hololive_CallAkiRosenthal+1","Hololive_Yoholoon+1","Hololive_SummonFox+1","Hololive_LuckPotion+1","Hololive_CallShiroganeNoel+1","Hololive_Thief+1","Hololive_Thief+1","Hololive_IdolExercise+1","Hololive_CallSpadeEcho+1","Hololive_LuckPotion+1","Hololive_Trident+1","conspire:SpireCoStock+1","Hololive_CallAiraniIofifteen+1","Hololive_Watashimo+1","Parasite","Hololive_ILoveYou+1","ReplayTheSpireMod:Splinters","Hololive_RevenueBasedLive+1","Hololive_Rebirth+1","Injury","Thinking Ahead+1","Enlightenment+1","Hololive_FlyingPonyTail+1","Hololive_FlyingPonyTail+1","Hololive_CallManoAloe+1","Delirium","Hololive_HuntDinosaur+1","Hololive_CallOmaruPolka","Hololive_Yoholoon","Hololive_BringToTrial+1","Hololive_MaximGun"],"relics":["Hololive_TheStar","Hololive_Chaos","REME_ComplimentaryCards","Happy Flower","Membership Card","Replay:Bandana","Gremlin Food","Pocketwatch","Pet Ghost","Replay:Arrowhead","Cursed Key","Busted Crown","ReplayFunnel","MerchantsRug","Replay:Wax Seal","conspire:TreasureMap","Juzu Bracelet","Toxic Egg 2","Dream Catcher","Lantern","Ginger","Regal Pillow","Replay:Bottled Flurry","ReplayTheSpireMod:Lightbulb","conspire:Dentures","Replay:Multitool","Toolbox","Ancient Tea Set","conspire:TopHat","theSenshi:SailorFukuRelic","REME_PuzzleBoxRelic","Mark of the Bloom","ReplayTheSpireMod:TigerMarble","Centennial Puzzle","Potion Belt","REME_HandOfSuture","ClockworkSouvenir","Strawberry","Blue Doll","Guide Book","Mirror"],"acts_visited":["Exordium","TheCity","TheBeyond"],"potions_floor_usage":[46,47,50,50,50,50,50,50],"damage_taken":[{"damage":3.0,"enemies":"Jaw Worm","floor":1.0,"turns":4.0},{"damage":0.0,"enemies":"Small Slimes","floor":5.0,"turns":2.0},{"damage":0.0,"enemies":"2 Louse","floor":6.0,"turns":1.0},{"damage":0.0,"enemies":"conspire:MimicChest","floor":7.0,"turns":5.0},{"damage":14.0,"enemies":"Lagavulin","floor":8.0,"turns":6.0},{"damage":0.0,"enemies":"Large Slime","floor":10.0,"turns":2.0},{"damage":0.0,"enemies":"Lots of Slimes","floor":12.0,"turns":2.0},{"damage":0.0,"enemies":"conspire:2 RoseBushes","floor":14.0,"turns":3.0},{"damage":0.0,"enemies":"Hexaghost","floor":16.0,"turns":4.0},{"damage":1.0,"enemies":"Chosen","floor":18.0,"turns":4.0},{"damage":0.0,"enemies":"Spheric Guardian","floor":20.0,"turns":3.0},{"damage":2.0,"enemies":"Shelled Parasite and Fungi","floor":24.0,"turns":3.0},{"damage":0.0,"enemies":"Gremlin Leader","floor":25.0,"turns":5.0},{"damage":0.0,"enemies":"Book of Stabbing","floor":27.0,"turns":4.0},{"damage":0.0,"enemies":"Centurion and Healer","floor":31.0,"turns":4.0},{"damage":0.0,"enemies":"Champ","floor":33.0,"turns":3.0},{"damage":0.0,"enemies":"3 Darklings","floor":35.0,"turns":3.0},{"damage":11.0,"enemies":"Orb Walker","floor":36.0,"turns":4.0},{"damage":0.0,"enemies":"Maw","floor":37.0,"turns":5.0},{"damage":1.0,"enemies":"Sphere and 2 Shapes","floor":39.0,"turns":3.0},{"damage":7.0,"enemies":"Jaw Worm Horde","floor":42.0,"turns":3.0},{"damage":0,"enemies":"R_Hoarder","floor":46,"turns":6},{"damage":0,"enemies":"Giant Head","floor":48,"turns":3},{"damage":0,"enemies":"Donu and Deca","floor":50,"turns":5}],"seed_played":"1866466139540288018","potions_obtained":[{"floor":1.0,"key":"Dexterity Potion"},{"floor":7.0,"key":"Explosive Potion"},{"floor":12.0,"key":"Explosive Potion"},{"floor":21.0,"key":"Elixir"},{"floor":21.0,"key":"SteroidPotion"},{"floor":21.0,"key":"Venom Potion"},{"floor":21.0,"key":"Weak Potion"},{"floor":24.0,"key":"LiquidMemories"},{"floor":25.0,"key":"PowerPotion"},{"floor":37.0,"key":"Dexterity Potion"}],"is_trial":false,"path_per_floor":["M","?","?","$","M","M","?","E","T","M","R","M","$","M","R","B",null,"M","?","M","$","?","R","M","E","T","E","R","T","?","M","R","B",null,"M","M","M","$","M","R","?","M","T","R","?","E","$","E","R_BF","B",null],"character_chosen":"Hololive_HololiveCharacter","items_purchased":["Membership Card","Whetstone","Replay:Bandana","Replay:Arrowhead","Hololive_Thief","MerchantsRug","Replay:Wax Seal","conspire:TreasureMap","Juzu Bracelet","Toxic Egg 2","Dream Catcher","Cauldron","Hololive_LuckPotion+1","Hololive_Trident+1","Toolbox","Ancient Tea Set","conspire:TopHat","theSenshi:SailorFukuRelic","REME_PuzzleBoxRelic","Thinking Ahead+1","Enlightenment+1","Hololive_FlyingPonyTail+1","Lee\u0027s Waffle","Adrenaline Potion","EntropicBrew","Potion Belt","REME_HandOfSuture","ClockworkSouvenir","Strawberry","Blue Doll","Guide Book","EssenceOfSteel","DistilledChaos","Hololive_CallOmaruPolka","Hololive_Yoholoon","Hololive_BringToTrial+1","Hololive_MaximGun"],"campfire_rested":2,"item_purchase_floors":[4,4,4,13,13,21,21,21,21,21,21,21,21,21,38,38,38,38,38,38,38,38,38,38,38,47,47,47,47,47,47,47,47,47,47,47,47],"current_hp_per_floor":[29,29,18,18,18,18,27,13,13,13,23,23,23,23,33,33,35,34,34,34,34,34,34,32,32,32,32,32,32,32,35,35,35,35,35,24,24,42,41,41,41,34,34,34,34,34,34,34,34,34],"gold":184,"neow_bonus":"RANDOM_COMMON_RELIC","is_daily":false,"chose_seed":false,"campfire_upgraded":6,"win_rate":0.0,"timestamp":1613199232,"path_taken":["M","?","?","$","M","M","?","E","T","?","R","M","$","M","R","BOSS","M","?","?","$","?","R","M","E","T","E","R","?","?","M","R","BOSS","M","M","M","$","M","R","?","M","T","R","?","E","$","E","R_BF","BOSS"],"items_purchased_type":["Relic","Relic","Relic","Relic","Card","Relic","Relic","Relic","Relic","Relic","Relic","Relic","Card","Card","Relic","Relic","Relic","Relic","Relic","Card","Card","Card","Relic","Potion","Potion","Relic","Relic","Relic","Relic","Relic","Relic","Potion","Potion","Card","Card","Card","Card"],"build_version":"2020-12-22","purchased_purges":5,"victory":true,"max_hp_per_floor":[35,35,35,35,35,35,35,35,35,35,35,35,35,35,35,35,35,35,35,35,35,35,35,35,35,35,35,35,35,35,35,35,35,35,35,35,35,42,42,42,42,42,42,42,42,42,49,49,49,49],"card_choices":[{"not_picked":["Hololive_Breathe","Hololive_CallMomosuzuNene","Hololive_StrengthChampion"],"picked":"Hololive_OvertimeWork","floor":1.0},{"not_picked":["Hololive_LuckPotion","Hololive_Rebound","Hololive_StrengthChampion"],"picked":"Hololive_CallAkiRosenthal","floor":5.0},{"not_picked":["Hololive_CallSakuraMiko","Hololive_CallMomosuzuNene","Hololive_Psychosis","Hololive_Sequa"],"picked":"SKIP","floor":6.0},{"not_picked":["Hololive_Psychosis","Hololive_LuckPotion","Hololive_Rebound"],"picked":"Hololive_Yoholoon","floor":7.0},{"not_picked":["Hololive_Sequa","Hololive_Trident","Hololive_CallNekomataOkayu"],"picked":"Hololive_SummonFox","floor":8.0},{"not_picked":["Hololive_RevenueBasedLive","Hololive_CallRosalyn","Hololive_Drill"],"picked":"Hololive_LuckPotion","floor":10.0},{"not_picked":["Hololive_CallMomosuzuNene","Hololive_Psychosis","Hololive_CallNatsuiroMatsuri"],"picked":"Hololive_CallShiroganeNoel","floor":12.0},{"not_picked":["Hololive_Trident","Hololive_Rebirth","Hololive_StrengthChampion","Hololive_LuckPotion"],"picked":"SKIP","floor":14.0},{"not_picked":["Hololive_BeCareful","Hololive_AWSL","Hololive_HighAtkLowDef"],"picked":"Hololive_IdolExercise","floor":16.0},{"not_picked":["Hololive_CocoNews","REME_MagicPocketWatch"],"picked":"Hololive_CallSpadeEcho","floor":18.0},{"not_picked":["Hololive_CocoNews","Hololive_HuntDinosaur","REME_ProfessionalPlagiarism"],"picked":"SKIP","floor":20.0},{"not_picked":["Hololive_Psychosis"],"picked":"Hololive_CallAiraniIofifteen+1","floor":24.0},{"not_picked":["Hololive_LuckPotion+1"],"picked":"Hololive_Watashimo+1","floor":25.0},{"not_picked":["Hololive_CallNatsuiroMatsuri"],"picked":"Hololive_ILoveYou+1","floor":27.0},{"not_picked":["Hololive_CallMomosuzuNene"],"picked":"Hololive_RevenueBasedLive+1","floor":31.0},{"not_picked":["Hololive_OpenUp"],"picked":"Hololive_Rebirth+1","floor":33.0},{"not_picked":["ReplayTheSpireMod:Restless Dread"],"picked":"Pain","floor":34.0},{"not_picked":["Spreading Infection"],"picked":"Pain","floor":34.0},{"not_picked":["Decay"],"picked":"Injury","floor":34.0},{"not_picked":["Hololive_Breathe+1","Hololive_ManjiGathering"],"picked":"SKIP","floor":35.0},{"not_picked":["Hololive_CallNekomataOkayu","Hololive_CallShishiroBotan+1"],"picked":"SKIP","floor":36.0},{"not_picked":["Hololive_Trident","Hololive_SummonFox+1"],"picked":"SKIP","floor":37.0},{"not_picked":["Hololive_CallDoris"],"picked":"Hololive_FlyingPonyTail+1","floor":39.0},{"not_picked":["Hololive_StrengthChampion"],"picked":"Hololive_CallManoAloe","floor":42.0},{"not_picked":["Hololive_StrengthChampion"],"picked":"Hololive_HuntDinosaur+1","floor":46},{"not_picked":["Hololive_StrengthChampion+1","Hololive_HuntDinosaur+1"],"picked":"SKIP","floor":48}],"player_experience":234942,"relics_obtained":[{"floor":7.0,"key":"Gremlin Food"},{"floor":8.0,"key":"Pocketwatch"},{"floor":9.0,"key":"Pet Ghost"},{"floor":17.0,"key":"ReplayFunnel"},{"floor":17.0,"key":"Toy Ornithopter"},{"floor":25.0,"key":"Lantern"},{"floor":26.0,"key":"Ginger"},{"floor":27.0,"key":"Regal Pillow"},{"floor":29.0,"key":"Replay:Bottled Flurry"},{"floor":40.0,"key":"conspire:BottledYoYo"},{"floor":43,"key":"ReplayTheSpireMod:TigerMarble"},{"floor":46,"key":"Centennial Puzzle"},{"floor":48,"key":"Mirror"}],"event_choices":[{"damage_healed":0.0,"max_hp_gain":0.0,"max_hp_loss":0.0,"gold_gain":175.0,"event_name":"Liars Game","player_choice":"AGREE","floor":2.0,"gold_loss":0.0,"damage_taken":0.0,"cards_obtained":["Doubt"]},{"damage_healed":0.0,"max_hp_gain":0.0,"max_hp_loss":0.0,"gold_gain":75.0,"event_name":"World of Goop","player_choice":"Gather Gold","floor":3.0,"gold_loss":0.0,"damage_taken":11.0},{"cards_removed":["Hololive_Strike"],"damage_healed":0.0,"max_hp_gain":0.0,"max_hp_loss":0.0,"gold_gain":0.0,"event_name":"Purifier","player_choice":"Purged","floor":19.0,"gold_loss":0.0,"damage_taken":0.0},{"damage_healed":0.0,"max_hp_gain":0.0,"max_hp_loss":0.0,"gold_gain":0.0,"event_name":"conspire:Investor","player_choice":"Invest 1","floor":22.0,"gold_loss":0.0,"damage_taken":0.0},{"damage_healed":0.0,"max_hp_gain":0.0,"max_hp_loss":0.0,"gold_gain":0.0,"event_name":"Transmorgrifier","player_choice":"Ignored","floor":30.0,"gold_loss":0.0,"damage_taken":0.0},{"damage_healed":0.0,"max_hp_gain":0.0,"max_hp_loss":0.0,"gold_gain":0.0,"event_name":"MindBloom","player_choice":"Upgrade","floor":41.0,"gold_loss":0.0,"damage_taken":0.0,"cards_upgraded":["Hololive_CallTokinoSora","Hololive_CallFriendA","Hololive_Defend","Hololive_Defend","rmod:u235","Hololive_LuckPotion","Hololive_Thief","Hololive_Thief","Hololive_IdolExercise"],"relics_obtained":["Mark of the Bloom"]},{"damage_healed":0,"gold_gain":0,"player_choice":"Ignored","damage_taken":0,"max_hp_gain":0,"max_hp_loss":0,"event_name":"Tomb of Lord Red Mask","floor":45,"gold_loss":0}],"is_beta":false,"boss_relics":[{"not_picked":["Fusion Hammer","Calling Bell"],"picked":"Replay:Grab Bag"},{"not_picked":["SlaversCollar","ChewingGum"],"picked":"Cursed Key"},{"not_picked":["Coffee Dripper","Runic Dome"],"picked":"Busted Crown"},{"not_picked":["Tiny House","Ring of Chaos"],"picked":"REME_LowDesire"},{"not_picked":["conspire:SeveredTorchhead","ReplayTheSpireMod:DimensionalGlitch"],"picked":"Replay:Ancient Bell"},{"not_picked":["Grinning Jar","Vajra"],"picked":"ReplayTheSpireMod:Lightbulb"},{"not_picked":["Gremlin Horn","Replay:Bottled Eggs"],"picked":"conspire:Dentures"},{"not_picked":["conspire:GlowingRock","Dead Branch"],"picked":"Replay:Multitool"}],"items_purged_floors":[4,21,38,47,47],"is_endless":false,"potions_floor_spawned":[1,7,10,12,16,18,20,24,25,37,39,42],"ascension_level":12}}