{"host":"kg61lsvem4dxoat8","time":1613190974,"event":{"mods":["AchievementEnabler","BaseMod","Better Altar","Better Match","Better Sensory Stone","Better Skull","Block Reminder","Highlight Path","Minty Spire (QoL Compilation)","Quick Restart","Rare Cards Sparkle","Relic Sorter","Relic Stats","StSLib","Synergy Search","slay the spire mod where everything is the same but ironclad has a cowboy hat"],"gold_per_floor":[219,131,131,151,50,50,78,78,78,78,78],"floor_reached":10,"language":"ENG","playtime":259,"items_purged":[],"score":128,"play_id":"9bb50993-682b-4547-8ab2-022ffc1f4be5","local_time":"20210213123614","is_ascension_mode":true,"campfire_choices":[{"data":"Blade Dance","floor":6,"key":"SMITH"},{"floor":8,"key":"REST"}],"circlet_count":0,"master_deck":["AscendersBane","Strike_G","Strike_G","Strike_G","Strike_G","Defend_G","Defend_G","Defend_G","Defend_G","Defend_G","Survivor","Neutralize","Accuracy","Terror","Blade Dance+1","Escape Plan","Blade Dance"],"relics":["Ring of the Snake","Paper Crane","Toxic Egg 2"],"acts_visited":["Exordium"],"potions_floor_usage":[10],"damage_taken":[{"damage":4,"enemies":"Small Slimes","floor":1,"turns":6},{"damage":0,"enemies":"2 Louse","floor":4,"turns":6},{"damage":37,"enemies":"3 Sentries","floor":7,"turns":11},{"damage":36,"enemies":"Gremlin Nob","floor":10,"turns":3}],"seed_played":"2306060544866576759","potions_obtained":[{"floor":1,"key":"FearPotion"},{"floor":7,"key":"Dexterity Potion"}],"is_trial":false,"path_per_floor":["M","$","?","M","$","R","E","R","T","E"],"character_chosen":"THE_SILENT","items_purchased":["Accuracy","Blade Dance","Escape Plan"],"campfire_rested":1,"item_purchase_floors":[2,5,5],"current_hp_per_floor":[55,55,48,48,48,48,11,30,30,0,0],"gold":78,"neow_bonus":"HUNDRED_GOLD","is_daily":false,"chose_seed":false,"campfire_upgraded":1,"win_rate":0.0,"timestamp":1613190974,"path_taken":["M","$","?","M","$","R","E","R","T","E"],"items_purchased_type":["Card","Card","Card"],"build_version":"2020-12-22","purchased_purges":0,"victory":false,"max_hp_per_floor":[66,66,66,66,66,66,66,66,66,66,66],"relic_stats":{"counters":[4,26],"obtain_stats":[{"Paper Crane":7,"Toxic Egg 2":9,"Ring of the Snake":0},{"Paper Crane":3,"Toxic Egg 2":3,"Ring of the Snake":0},{"Paper Crane":23,"Toxic Egg 2":23,"Ring of the Snake":0}],"Ring of the Snake":[8]},"card_choices":[{"not_picked":["Eviscerate","Deflect","Acrobatics"],"picked":"SKIP","floor":1},{"not_picked":["Deflect","Choke"],"picked":"Terror","floor":4},{"not_picked":["Finisher","Acrobatics"],"picked":"Blade Dance","floor":7}],"player_experience":1524663,"relics_obtained":[{"floor":7,"key":"Paper Crane"},{"floor":9,"key":"Toxic Egg 2"}],"event_choices":[{"cards_removed":["Strike_G"],"damage_healed":0,"gold_gain":0,"player_choice":"Card Removal","damage_taken":7,"max_hp_gain":0,"max_hp_loss":0,"event_name":"Golden Wing","floor":3,"gold_loss":0}],"is_beta":false,"boss_relics":[],"items_purged_floors":[],"is_endless":false,"potions_floor_spawned":[1,7],"killed_by":"Gremlin Nob","ascension_level":20}}