{"host":"owox7x4ngjt9htcc","time":1613225496,"event":{"mods":["BaseMod","Colored Map","DeckTracker","Keyboard Shortcuts","Minty Spire (QoL Compilation)","SuperFastMode"],"gold_per_floor":[114,114,4,4,19,49,49,49,74,104,119,149,164,194,194,294,294,309,309,309,324,6,36,36,66,66,96,8,8,38,53,53,153,153,168,30,45,95,95,125,125,155,155,185,200,230,30,130,130,130],"floor_reached":51,"language":"KOR","playtime":1763,"items_purged":["Regret","Cleave"],"score":1340,"play_id":"4257d440-4340-4144-9f32-ddf7e2c901f9","local_time":"20210213231136","daily_mods":["SealedDeck","Colorless Cards","Elite Swarm"],"is_ascension_mode":false,"campfire_choices":[{"data":"Berserk","floor":7,"key":"SMITH"},{"data":"Master of Strategy","floor":15,"key":"SMITH"},{"data":"Demon Form","floor":24,"key":"SMITH"},{"data":"Barricade","floor":32,"key":"SMITH"},{"data":"Limit Break","floor":41,"key":"SMITH"},{"data":"Secret Technique","floor":49,"key":"SMITH"}],"circlet_count":0,"master_deck":["Pommel Strike","Shrug It Off","Shrug It Off","Twin Strike","Inflame","Iron Wave+1","Iron Wave","Flex","Armaments+1","Inflame","Seeing Red+1","Body Slam","Berserk+1","Juggernaut","Master of Strategy+1","Demon Form+1","Juggernaut","Deep Breath+1","Rampage","Impervious","Exhume","Exhume","Enlightenment+1","Sword Boomerang+1","Barricade+1","Pummel+1","Limit Break+1","Impervious","Secret Technique+1","Inflame+1"],"relics":["Burning Blood","Ornamental Fan","Letter Opener","Bag of Preparation","Thread and Needle","StoneCalendar","Orichalcum","Coffee Dripper","HornCleat","Calipers","PreservedInsect","Bottled Lightning","Smiling Mask","Whetstone","Black Star","Lizard Tail","Nunchaku","War Paint","Magic Flower","Bottled Flame","Sundial","Blood Vial","Bronze Scales","Oddly Smooth Stone","Gambling Chip","Turnip","ClockworkSouvenir"],"acts_visited":["Exordium","TheCity","TheBeyond"],"potions_floor_usage":[50,50,50,50,50,50],"damage_taken":[{"damage":0.0,"enemies":"Jaw Worm","floor":1.0,"turns":4.0},{"damage":0.0,"enemies":"Cultist","floor":5.0,"turns":2.0},{"damage":0.0,"enemies":"Lagavulin","floor":6.0,"turns":4.0},{"damage":1,"enemies":"3 Sentries","floor":10,"turns":4},{"damage":0,"enemies":"Small Slimes","floor":11,"turns":1},{"damage":2,"enemies":"Lagavulin","floor":12,"turns":4},{"damage":0,"enemies":"Exordium Wildlife","floor":13,"turns":1},{"damage":0,"enemies":"3 Sentries","floor":14,"turns":3},{"damage":0,"enemies":"The Guardian","floor":16,"turns":5},{"damage":0,"enemies":"Shell Parasite","floor":18,"turns":3},{"damage":0,"enemies":"2 Thieves","floor":21,"turns":2},{"damage":0,"enemies":"Book of Stabbing","floor":23,"turns":4},{"damage":0,"enemies":"Gremlin Leader","floor":25,"turns":3},{"damage":1,"enemies":"Book of Stabbing","floor":27,"turns":3},{"damage":0,"enemies":"Slavers","floor":30,"turns":3},{"damage":0,"enemies":"Sentry and Sphere","floor":31,"turns":3},{"damage":0,"enemies":"Collector","floor":33,"turns":5},{"damage":0,"enemies":"3 Darklings","floor":35,"turns":3},{"damage":0,"enemies":"3 Shapes","floor":37,"turns":4},{"damage":0,"enemies":"Mind Bloom Boss Battle","floor":38,"turns":6},{"damage":0,"enemies":"Reptomancer","floor":40,"turns":5},{"damage":0,"enemies":"Giant Head","floor":42,"turns":5},{"damage":16,"enemies":"Reptomancer","floor":44,"turns":5},{"damage":0,"enemies":"Writhing Mass","floor":45,"turns":4},{"damage":0,"enemies":"Nemesis","floor":46,"turns":5},{"damage":0,"enemies":"Donu and Deca","floor":50,"turns":6}],"seed_played":"6099103822572544471","potions_obtained":[{"floor":1.0,"key":"Swift Potion"},{"floor":6,"key":"Dexterity Potion"},{"floor":10,"key":"LiquidMemories"},{"floor":31,"key":"BlessingOfTheForge"},{"floor":42,"key":"Strength Potion"},{"floor":46,"key":"EntropicBrew"}],"is_trial":false,"path_per_floor":["M","?","$","?","M","E","R","$","T","E","M","E","M","E","R","B",null,"M","?","?","M","$","E","R","E","T","E","$","?","E","M","R","B",null,"M","$","M","?","?","E","R","E","T","E","M","E","$","?","R","B",null],"character_chosen":"IRONCLAD","items_purchased":["Seeing Red","Rampage","HornCleat","Enlightenment","Limit Break","ClockworkSouvenir"],"campfire_rested":0,"item_purchase_floors":[3,22,22,28,36,47],"current_hp_per_floor":[80,80,80,80,80,80,80,80,80,80,80,80,80,80,80,80,80,80,80,65,71,71,77,77,83,83,85,85,85,85,85,85,85,85,85,85,85,85,85,85,85,85,85,78,85,85,85,85,85,85],"gold":130,"neow_bonus":"","is_daily":true,"chose_seed":false,"campfire_upgraded":6,"win_rate":0.0,"timestamp":1613225496,"path_taken":["M","?","$","?","M","E","R","?","T","E","?","E","?","E","R","BOSS","M","?","?","M","$","E","R","E","T","E","?","?","E","M","R","BOSS","M","$","M","?","?","E","R","E","T","E","?","E","$","?","R","BOSS"],"items_purchased_type":["Card","Card","Relic","Card","Card","Relic"],"build_version":"2020-12-22","purchased_purges":2,"victory":true,"max_hp_per_floor":[80,80,80,80,80,80,80,80,80,80,80,80,80,80,80,80,80,80,80,85,85,85,85,85,85,85,85,85,85,85,85,85,85,85,85,85,85,85,85,85,85,85,85,85,85,85,85,85,85,85],"card_choices":[{"not_picked":["Purity","Panacea"],"picked":"Inflame","floor":1.0},{"not_picked":["Clash","Mind Blast"],"picked":"Body Slam","floor":5.0},{"not_picked":["Exhume","Secret Technique"],"picked":"Berserk","floor":6},{"not_picked":["Mayhem","Reaper"],"picked":"Juggernaut","floor":10},{"not_picked":["Flex","Carnage","Heavy Blade"],"picked":"SKIP","floor":11},{"not_picked":["Magnetism","Chrysalis"],"picked":"Master of Strategy","floor":12},{"not_picked":["Bandage Up","Havoc","Good Instincts"],"picked":"SKIP","floor":13},{"not_picked":["Exhume","Sadistic Nature"],"picked":"Demon Form","floor":14},{"not_picked":["Bludgeon","Secret Technique"],"picked":"Juggernaut","floor":16},{"not_picked":["Whirlwind","Twin Strike","Clash"],"picked":"SKIP","floor":18},{"not_picked":["Impatience+1","Jack Of All Trades"],"picked":"Deep Breath+1","floor":21},{"not_picked":["Bludgeon","Violence"],"picked":"Impervious","floor":23},{"not_picked":["Fiend Fire","Reaper"],"picked":"Exhume","floor":25},{"not_picked":["Demon Form","Thinking Ahead"],"picked":"Exhume","floor":27},{"not_picked":["Panache","Offering"],"picked":"Barricade","floor":30},{"not_picked":["Headbutt","Cleave","Anger"],"picked":"SKIP","floor":31},{"not_picked":["Armaments+1","Cleave"],"picked":"Pummel+1","floor":35},{"not_picked":["Warcry+1","Iron Wave+1","Second Wind"],"picked":"SKIP","floor":37},{"not_picked":["Heavy Blade+1","Anger+1"],"picked":"Impervious","floor":38},{"not_picked":["Exhume","Chrysalis"],"picked":"Secret Technique","floor":40},{"not_picked":["Feed","Bludgeon","Corruption"],"picked":"SKIP","floor":42},{"not_picked":["HandOfGreed","Sadistic Nature","Violence"],"picked":"SKIP","floor":44},{"not_picked":["Clothesline","True Grit"],"picked":"Inflame+1","floor":45},{"not_picked":["Demon Form","Immolate","Transmutation"],"picked":"SKIP","floor":46}],"player_experience":925330,"relics_obtained":[{"floor":6,"key":"Letter Opener"},{"floor":9,"key":"Bag of Preparation"},{"floor":10,"key":"Thread and Needle"},{"floor":12,"key":"StoneCalendar"},{"floor":14,"key":"Orichalcum"},{"floor":23,"key":"Calipers"},{"floor":25,"key":"PreservedInsect"},{"floor":26,"key":"Bottled Lightning"},{"floor":27,"key":"Smiling Mask"},{"floor":30,"key":"Whetstone"},{"floor":38,"key":"Lizard Tail"},{"floor":40,"key":"War Paint"},{"floor":40,"key":"Magic Flower"},{"floor":42,"key":"Bottled Flame"},{"floor":42,"key":"Sundial"},{"floor":43,"key":"Blood Vial"},{"floor":44,"key":"Bronze Scales"},{"floor":44,"key":"Oddly Smooth Stone"},{"floor":46,"key":"Gambling Chip"},{"floor":46,"key":"Turnip"}],"event_choices":[{"damage_healed":0.0,"max_hp_gain":0.0,"max_hp_loss":0.0,"gold_gain":0.0,"event_name":"Big Fish","player_choice":"Box","floor":2.0,"gold_loss":0.0,"damage_taken":0.0,"relics_obtained":["Ornamental Fan"],"cards_obtained":["Regret"]},{"damage_healed":0.0,"max_hp_gain":0.0,"max_hp_loss":0.0,"gold_gain":0.0,"event_name":"Accursed Blacksmith","player_choice":"Forge","floor":4.0,"gold_loss":0.0,"damage_taken":0.0,"cards_upgraded":["Armaments"]},{"damage_healed":0,"gold_gain":0,"player_choice":"Ignored","damage_taken":0,"max_hp_gain":0,"max_hp_loss":0,"event_name":"Cursed Tome","floor":19,"gold_loss":0},{"damage_healed":0,"gold_gain":0,"player_choice":"Shed Blood","damage_taken":20,"max_hp_gain":5,"max_hp_loss":0,"event_name":"Forgotten Altar","floor":20,"gold_loss":0},{"damage_healed":0,"gold_gain":0,"player_choice":"Read","damage_taken":0,"max_hp_gain":0,"max_hp_loss":0,"event_name":"The Library","floor":29,"gold_loss":0,"cards_obtained":["Sword Boomerang"]},{"damage_healed":0,"gold_gain":0,"player_choice":"Fight","damage_taken":0,"max_hp_gain":0,"max_hp_loss":0,"event_name":"MindBloom","floor":38,"gold_loss":0},{"damage_healed":0,"gold_gain":0,"player_choice":"Gave Potion","damage_taken":0,"relics_obtained":["Nunchaku"],"max_hp_gain":0,"max_hp_loss":0,"event_name":"WeMeetAgain","floor":39,"gold_loss":0},{"damage_healed":0,"gold_gain":100,"player_choice":"Pray","damage_taken":0,"max_hp_gain":0,"max_hp_loss":0,"event_name":"Golden Shrine","floor":48,"gold_loss":0}],"is_beta":false,"boss_relics":[{"not_picked":["Runic Pyramid","Mark of Pain"],"picked":"Coffee Dripper"},{"not_picked":["Velvet Choker","Busted Crown"],"picked":"Black Star"}],"items_purged_floors":[3,47],"is_endless":false,"potions_floor_spawned":[1,6,10,14,21,25,30,31,33,35,38,42,46],"ascension_level":0}}