{"host":"0fd22hpf43j6tvvm","time":1613260125,"event":{"mods":["AchievementEnabler","BaseMod","Colored Map","Minty Spire (QoL Compilation)","Relic Stats"],"gold_per_floor":[113,113,132,132,145,176,176,201,224,249,289,289,305,341,341,466,466,485,845,184,144,144,178,178,217,265,265,265],"floor_reached":27,"language":"ENG","playtime":1420,"items_purged":["Defend_P"],"score":507,"play_id":"8126042b-cd18-476f-bc0f-8f2a622e003e","local_time":"20210213184845","is_ascension_mode":true,"campfire_choices":[{"data":"TalkToTheHand","floor":7.0,"key":"SMITH"},{"data":"Eruption","floor":12.0,"key":"SMITH"},{"data":"TalkToTheHand","floor":15.0,"key":"SMITH"},{"floor":24.0,"key":"REST"}],"circlet_count":0,"master_deck":["AscendersBane","Strike_P","Strike_P","Strike_P","Eruption+1","Vigilance","WindmillStrike+1","Prostrate+1","Evaluate+1","ThirdEye","TalkToTheHand+1","BowlingBash","Consecrate","SashWhip","DeusExMachina","TalkToTheHand+1","InnerPeace","Blasphemy","EmptyBody","Protect","EmptyBody","Protect"],"relics":["Astrolabe","Golden Idol","Juzu Bracelet","Ancient Tea Set","Odd Mushroom","Potion Belt","Akabeko","Runic Pyramid","Kunai","Frozen Eye","Art of War","SsserpentHead","Blue Candle","Toy Ornithopter","Regal Pillow"],"acts_visited":["Exordium","TheCity"],"potions_floor_usage":[],"damage_taken":[{"damage":0.0,"enemies":"2 Louse","floor":1.0,"turns":2.0},{"damage":2.0,"enemies":"Jaw Worm","floor":3.0,"turns":4.0},{"damage":0.0,"enemies":"Cultist","floor":5.0,"turns":2.0},{"damage":27.0,"enemies":"Gremlin Nob","floor":6.0,"turns":4.0},{"damage":7.0,"enemies":"Gremlin Gang","floor":8.0,"turns":6.0},{"damage":0.0,"enemies":"The Mushroom Lair","floor":10.0,"turns":3.0},{"damage":2.0,"enemies":"3 Sentries","floor":11.0,"turns":6.0},{"damage":0.0,"enemies":"Red Slaver","floor":13.0,"turns":3.0},{"damage":9.0,"enemies":"Gremlin Nob","floor":14.0,"turns":3.0},{"damage":0.0,"enemies":"Hexaghost","floor":16.0,"turns":8.0},{"damage":7.0,"enemies":"Spheric Guardian","floor":18.0,"turns":3.0},{"damage":6.0,"enemies":"Slavers","floor":23.0,"turns":5.0},{"damage":13.0,"enemies":"Gremlin Leader","floor":25.0,"turns":4.0},{"damage":14,"enemies":"Slavers","floor":27,"turns":1}],"seed_played":"-6489102453524358372","potions_obtained":[{"floor":3.0,"key":"FearPotion"},{"floor":5.0,"key":"Block Potion"},{"floor":13.0,"key":"BlessingOfTheForge"},{"floor":18.0,"key":"StancePotion"},{"floor":21.0,"key":"CultistPotion"},{"floor":21.0,"key":"Ambrosia"}],"is_trial":false,"path_per_floor":["M","?","M","?","M","E","R","M","T","?","E","R","M","E","R","B",null,"M","?","$","?","?","E","R","E","T","E"],"character_chosen":"WATCHER","items_purchased":["Kunai","Protect","Frozen Eye","Art of War"],"campfire_rested":1,"item_purchase_floors":[20,20,20,20],"current_hp_per_floor":[65,58,56,56,56,29,29,22,22,22,20,20,20,11,11,11,53,46,10,10,10,10,4,24,11,11,0,0],"gold":265,"neow_bonus":"BOSS_RELIC","is_daily":false,"chose_seed":false,"campfire_upgraded":3,"win_rate":0.0,"timestamp":1613260125,"path_taken":["M","?","M","?","M","E","R","M","T","?","E","R","M","E","R","BOSS","M","?","$","?","?","E","R","E","T","E"],"items_purchased_type":["Relic","Card","Relic","Relic"],"build_version":"2020-12-22","purchased_purges":1,"victory":false,"max_hp_per_floor":[72,72,72,67,67,67,67,67,67,67,67,67,67,67,67,67,67,67,67,67,67,67,67,67,67,67,67,67],"relic_stats":{"SsserpentHead":0,"Regal Pillow":0,"counters":[14,54],"Golden Idol":81,"Astrolabe":["WindmillStrike","Prostrate","Evaluate"],"Blue Candle":[0],"Juzu Bracelet":2,"Art of War":[0],"Kunai":[4],"obtain_stats":[{"Potion Belt":11,"Regal Pillow":26,"Golden Idol":4,"Astrolabe":0,"Blue Candle":23,"Juzu Bracelet":6,"Odd Mushroom":10,"Ancient Tea Set":9,"Akabeko":14,"Frozen Eye":20,"SsserpentHead":22,"Art of War":20,"Kunai":20,"PureWater":0,"Toy Ornithopter":25,"Runic Pyramid":17},{"Potion Belt":7,"Regal Pillow":13,"Golden Idol":2,"Astrolabe":0,"Blue Candle":12,"Juzu Bracelet":4,"Odd Mushroom":6,"Ancient Tea Set":5,"Akabeko":9,"Frozen Eye":11,"SsserpentHead":11,"Art of War":11,"Kunai":11,"PureWater":0,"Toy Ornithopter":13,"Runic Pyramid":10},{"Potion Belt":27,"Regal Pillow":53,"Golden Idol":6,"Astrolabe":0,"Blue Candle":49,"Juzu Bracelet":12,"Odd Mushroom":21,"Ancient Tea Set":18,"Akabeko":33,"Frozen Eye":44,"SsserpentHead":44,"Art of War":44,"Kunai":44,"PureWater":0,"Toy Ornithopter":53,"Runic Pyramid":41}],"Toy Ornithopter":0},"card_choices":[{"not_picked":["Worship","Sanctity"],"picked":"ThirdEye","floor":1.0},{"not_picked":["ThirdEye","BattleHymn"],"picked":"TalkToTheHand","floor":3.0},{"not_picked":["Collect","Nirvana","Evaluate"],"picked":"SKIP","floor":5.0},{"not_picked":["TalkToTheHand","Worship"],"picked":"BowlingBash","floor":6.0},{"not_picked":["Weave","Crescendo"],"picked":"Consecrate","floor":8.0},{"not_picked":["JustLucky","LikeWater"],"picked":"SashWhip","floor":10.0},{"not_picked":["ClearTheMind","BowlingBash"],"picked":"DeusExMachina","floor":11.0},{"not_picked":["Prostrate","Crescendo"],"picked":"TalkToTheHand","floor":13.0},{"not_picked":["Wireheading","JustLucky"],"picked":"InnerPeace","floor":14.0},{"not_picked":["ConjureBlade","Devotion"],"picked":"Blasphemy","floor":16.0},{"not_picked":["Prostrate","Meditate"],"picked":"EmptyBody","floor":18.0},{"not_picked":["LikeWater","MentalFortress"],"picked":"EmptyBody","floor":23.0},{"not_picked":["Prostrate","SashWhip"],"picked":"Protect","floor":25.0}],"player_experience":547620,"relics_obtained":[{"floor":6.0,"key":"Juzu Bracelet"},{"floor":9.0,"key":"Ancient Tea Set"},{"floor":10.0,"key":"Odd Mushroom"},{"floor":11.0,"key":"Potion Belt"},{"floor":14.0,"key":"Akabeko"},{"floor":23.0,"key":"Blue Candle"},{"floor":25.0,"key":"Toy Ornithopter"},{"floor":26.0,"key":"Regal Pillow"}],"event_choices":[{"cards_removed":["Defend_P"],"damage_healed":0.0,"max_hp_gain":0.0,"max_hp_loss":0.0,"gold_gain":0.0,"event_name":"Golden Wing","player_choice":"Card Removal","floor":2.0,"gold_loss":0.0,"damage_taken":7.0},{"damage_healed":0.0,"max_hp_gain":0.0,"max_hp_loss":5.0,"gold_gain":0.0,"event_name":"Golden Idol","player_choice":"Lose Max HP","floor":4.0,"gold_loss":0.0,"damage_taken":0.0,"relics_obtained":["Golden Idol"]},{"damage_healed":0.0,"max_hp_gain":0.0,"max_hp_loss":0.0,"gold_gain":0.0,"event_name":"Mushrooms","player_choice":"Fought Mushrooms","floor":10.0,"gold_loss":0.0,"damage_taken":0.0},{"damage_healed":0.0,"max_hp_gain":0.0,"max_hp_loss":0.0,"gold_gain":360.0,"event_name":"Knowing Skull","player_choice":"GOLD GOLD GOLD GOLD ","floor":19.0,"potions_obtained":[],"gold_loss":0.0,"damage_taken":36.0,"cards_obtained":[]},{"damage_healed":0.0,"max_hp_gain":0.0,"max_hp_loss":0.0,"gold_gain":0.0,"event_name":"The Woman in Blue","player_choice":"Bought 3 Potions","floor":21.0,"gold_loss":0.0,"damage_taken":0.0},{"damage_healed":0.0,"max_hp_gain":0.0,"max_hp_loss":0.0,"gold_gain":0.0,"event_name":"FaceTrader","player_choice":"Trade","floor":22.0,"gold_loss":0.0,"damage_taken":0.0,"relics_obtained":["SsserpentHead"]}],"is_beta":false,"boss_relics":[{"not_picked":["Runic Dome","VioletLotus"],"picked":"Runic Pyramid"}],"items_purged_floors":[20],"is_endless":false,"potions_floor_spawned":[3,5,6,8,13,18],"killed_by":"Slavers","ascension_level":12}}