{"host":"tpad8qsc9e0g0pa5","time":1613210784,"event":{"mods":["BaseMod","Minty Spire (QoL Compilation)","Quick Restart","StSLib"],"gold_per_floor":[115,127,139,35,45,45,73,73,73,89,89,89,102,121,121,219,219,237,237,270,270,282,282,38,38,38,67,82,102,115,115,115,219,219,232,242,242,517,528,528,544,572,595,595,613,499,512,56,56,56],"floor_reached":51,"language":"ZHS","playtime":8479,"items_purged":["Shame","Regret"],"score":777,"play_id":"7ad5ea9a-f27a-49ae-87eb-4efabfa37078","local_time":"20210213180624","is_ascension_mode":true,"campfire_choices":[{"data":"Apotheosis","floor":6.0,"key":"SMITH"},{"data":"Body Slam","floor":8.0,"key":"SMITH"},{"floor":15.0,"key":"REST"},{"data":"Dark Embrace","floor":23.0,"key":"SMITH"},{"floor":25.0,"key":"REST"},{"floor":32.0,"key":"RECALL"},{"floor":40.0,"key":"REST"},{"floor":49,"key":"REST"}],"circlet_count":0,"master_deck":["Strike_R","Strike_R","Strike_R","Defend_R","Defend_R","Defend_R","Bash","Apotheosis+1","Power Through","Evolve","Second Wind","Sever Soul","Body Slam+1","Power Through","True Grit","Fiend Fire","Sentinel+1","Sever Soul","Dark Embrace+1","Iron Wave+1","Injury","Body Slam","Immolate","Wild Strike","Ghostly Armor","Injury","Entrench","Sever Soul","Impervious","Exhume","Reckless Charge"],"relics":["Burning Blood","MealTicket","Regal Pillow","Cursed Key","Red Mask","Meat on the Bone","Bottled Lightning","Shuriken","Blood Vial","Mark of Pain","StrikeDummy","Art of War","Lantern"],"acts_visited":["Exordium","TheCity","TheBeyond"],"potions_floor_usage":[50,50],"damage_taken":[{"damage":0.0,"enemies":"Cultist","floor":1.0,"turns":5.0},{"damage":0.0,"enemies":"Jaw Worm","floor":2.0,"turns":5.0},{"damage":7.0,"enemies":"2 Louse","floor":3.0,"turns":3.0},{"damage":9.0,"enemies":"Exordium Thugs","floor":5.0,"turns":4.0},{"damage":26.0,"enemies":"Gremlin Nob","floor":7.0,"turns":5.0},{"damage":3.0,"enemies":"3 Louse","floor":10.0,"turns":3.0},{"damage":0.0,"enemies":"Blue Slaver","floor":13.0,"turns":4.0},{"damage":9.0,"enemies":"Red Slaver","floor":14.0,"turns":3.0},{"damage":25.0,"enemies":"Hexaghost","floor":16.0,"turns":12.0},{"damage":28.0,"enemies":"Spheric Guardian","floor":18.0,"turns":5.0},{"damage":30.0,"enemies":"Masked Bandits","floor":20.0,"turns":6.0},{"damage":1.0,"enemies":"Chosen","floor":22.0,"turns":3.0},{"damage":10.0,"enemies":"Slavers","floor":27.0,"turns":7.0},{"damage":0.0,"enemies":"3 Cultists","floor":28.0,"turns":5.0},{"damage":0.0,"enemies":"Centurion and Healer","floor":29.0,"turns":5.0},{"damage":3.0,"enemies":"Sentry and Sphere","floor":30.0,"turns":5.0},{"damage":21.0,"enemies":"Collector","floor":33.0,"turns":6.0},{"damage":0.0,"enemies":"3 Shapes","floor":35.0,"turns":4.0},{"damage":5.0,"enemies":"Orb Walker","floor":36.0,"turns":3.0},{"damage":42.0,"enemies":"3 Darklings","floor":39.0,"turns":5.0},{"damage":25.0,"enemies":"Writhing Mass","floor":41.0,"turns":7.0},{"damage":34.0,"enemies":"Nemesis","floor":42.0,"turns":5.0},{"damage":32.0,"enemies":"Transient","floor":45.0,"turns":5.0},{"damage":0,"enemies":"Jaw Worm Horde","floor":47,"turns":4},{"damage":19,"enemies":"Awakened One","floor":50,"turns":9}],"seed_played":"3200417111521990476","potions_obtained":[{"floor":2.0,"key":"FearPotion"},{"floor":7.0,"key":"Block Potion"},{"floor":14.0,"key":"ElixirPotion"},{"floor":20.0,"key":"Strength Potion"},{"floor":33.0,"key":"BlessingOfTheForge"},{"floor":35.0,"key":"ColorlessPotion"},{"floor":39.0,"key":"Block Potion"},{"floor":41.0,"key":"Explosive Potion"},{"floor":45.0,"key":"Swift Potion"},{"floor":47,"key":"SkillPotion"}],"is_trial":false,"path_per_floor":["M","M","M","$","M","R","E","R","T","M","?","?","M","M","R","B",null,"M","?","?","?","M","R","$","R","T","E","M","M","M","?","R","B",null,"M","M","T","?","M","R","M","E","T","?","M","$","M","$","R","B",null],"character_chosen":"IRONCLAD","items_purchased":["Second Wind","Sever Soul","Bottled Lightning","Entrench","Sever Soul","Impervious","Exhume","Reckless Charge"],"campfire_rested":4,"item_purchase_floors":[4,4,24,46,48,48,48,48],"current_hp_per_floor":[62,68,67,67,64,64,44,44,44,47,52,52,58,55,85,66,85,63,63,39,39,56,56,71,85,85,81,85,85,85,85,85,70,85,85,85,85,85,49,85,66,52,52,52,40,55,63,78,81,68],"gold":56,"neow_bonus":"RANDOM_COLORLESS_2","is_daily":false,"chose_seed":false,"campfire_upgraded":3,"win_rate":0.0,"timestamp":1613210784,"path_taken":["M","M","?","$","M","R","E","R","T","M","?","?","M","?","R","BOSS","M","?","?","?","M","R","$","R","T","E","M","?","M","?","R","BOSS","M","M","?","?","?","R","M","E","T","?","M","$","M","$","R","BOSS"],"items_purchased_type":["Card","Card","Relic","Card","Card","Card","Card","Card"],"build_version":"2020-12-22","purchased_purges":2,"victory":true,"max_hp_per_floor":[80,80,80,80,80,80,80,80,80,80,85,85,85,85,85,85,85,85,85,85,85,85,85,85,85,85,85,85,85,85,85,85,85,85,85,85,85,85,85,85,85,85,85,81,81,81,81,81,81,81],"card_choices":[{"not_picked":["Secret Technique","Secret Weapon"],"picked":"Apotheosis","floor":0.0},{"not_picked":["Flex","Whirlwind"],"picked":"Power Through","floor":1.0},{"not_picked":["Infernal Blade","Twin Strike"],"picked":"Evolve","floor":2.0},{"not_picked":["Flex","Sword Boomerang","Dark Embrace"],"picked":"SKIP","floor":3.0},{"not_picked":["Flex","Thunderclap","Anger"],"picked":"SKIP","floor":5.0},{"not_picked":["Spot Weakness","Juggernaut"],"picked":"Body Slam","floor":7.0},{"not_picked":["Thunderclap","Second Wind","Body Slam"],"picked":"SKIP","floor":10.0},{"not_picked":["Second Wind","Rage"],"picked":"Power Through","floor":13.0},{"not_picked":["Heavy Blade","Flame Barrier"],"picked":"True Grit","floor":14.0},{"not_picked":["Feed","Reaper"],"picked":"Fiend Fire","floor":16.0},{"not_picked":["Power Through","Perfected Strike"],"picked":"Sentinel","floor":18.0},{"not_picked":["Dual Wield","Body Slam"],"picked":"Iron Wave+1","floor":20.0},{"not_picked":["Infernal Blade","Flex+1","Cleave"],"picked":"SKIP","floor":22.0},{"not_picked":["Dark Embrace","Cleave"],"picked":"Body Slam","floor":27.0},{"not_picked":["Blood for Blood","Thunderclap+1","Rampage"],"picked":"SKIP","floor":28.0},{"not_picked":["Heavy Blade+1","Iron Wave","Cleave"],"picked":"SKIP","floor":29.0},{"not_picked":["Headbutt","Body Slam","Thunderclap"],"picked":"SKIP","floor":30.0},{"not_picked":["Demon Form","Double Tap"],"picked":"Immolate","floor":33.0},{"not_picked":["Rampage+1","Shockwave","Inflame+1"],"picked":"SKIP","floor":35.0},{"not_picked":["Warcry","Whirlwind"],"picked":"Wild Strike","floor":36.0},{"not_picked":["Dark Embrace","Iron Wave+1","Clash"],"picked":"SKIP","floor":39.0},{"not_picked":["Pommel Strike","Anger"],"picked":"Ghostly Armor","floor":41.0},{"not_picked":["Bludgeon","Rampage","Flex+1"],"picked":"SKIP","floor":42.0},{"not_picked":["Body Slam","Clothesline","Pommel Strike+1"],"picked":"SKIP","floor":45.0},{"not_picked":["Clash","Thunderclap","Perfected Strike+1"],"picked":"SKIP","floor":47}],"player_experience":283034,"relics_obtained":[{"floor":7.0,"key":"MealTicket"},{"floor":9.0,"key":"Regal Pillow"},{"floor":20.0,"key":"Red Mask"},{"floor":26.0,"key":"Shuriken"},{"floor":27.0,"key":"Blood Vial"},{"floor":37.0,"key":"StrikeDummy"},{"floor":42.0,"key":"Art of War"},{"floor":43.0,"key":"Lantern"}],"event_choices":[{"damage_healed":0.0,"max_hp_gain":5.0,"max_hp_loss":0.0,"gold_gain":0.0,"event_name":"Big Fish","player_choice":"Donut","floor":11.0,"gold_loss":0.0,"damage_taken":0.0},{"cards_removed":["Strike_R"],"damage_healed":0.0,"max_hp_gain":0.0,"max_hp_loss":0.0,"gold_gain":0.0,"event_name":"Bonfire Elementals","player_choice":"Offered Basic","floor":12.0,"gold_loss":0.0,"damage_taken":0.0},{"damage_healed":0.0,"max_hp_gain":0.0,"max_hp_loss":0.0,"gold_gain":0.0,"cards_transformed":["Strike_R","Defend_R"],"event_name":"Drug Dealer","player_choice":"Became Test Subject","floor":19.0,"gold_loss":0.0,"damage_taken":0.0,"cards_obtained":["Sever Soul","Dark Embrace"]},{"damage_healed":0.0,"max_hp_gain":0.0,"max_hp_loss":0.0,"gold_gain":0.0,"event_name":"Masked Bandits","player_choice":"Fought Bandits","floor":20.0,"gold_loss":0.0,"damage_taken":0.0},{"damage_healed":0.0,"max_hp_gain":0.0,"max_hp_loss":0.0,"gold_gain":0.0,"event_name":"WeMeetAgain","player_choice":"Gave Potion","floor":21.0,"gold_loss":0.0,"damage_taken":0.0,"relics_obtained":["Meat on the Bone"]},{"damage_healed":0.0,"max_hp_gain":0.0,"max_hp_loss":0.0,"gold_gain":0.0,"event_name":"Accursed Blacksmith","player_choice":"Forge","floor":31.0,"gold_loss":0.0,"damage_taken":0.0,"cards_upgraded":["Sentinel"]},{"damage_healed":0.0,"max_hp_gain":0.0,"max_hp_loss":0.0,"gold_gain":275.0,"event_name":"Golden Shrine","player_choice":"Desecrate","floor":38.0,"gold_loss":0.0,"damage_taken":0.0,"cards_obtained":["Regret"]},{"damage_healed":0.0,"max_hp_gain":0.0,"max_hp_loss":4.0,"gold_gain":0.0,"event_name":"Winding Halls","player_choice":"Max HP","floor":44.0,"gold_loss":0.0,"damage_taken":0.0}],"is_beta":false,"boss_relics":[{"not_picked":["Coffee Dripper","Black Star"],"picked":"Cursed Key"},{"not_picked":["SacredBark","Tiny House"],"picked":"Mark of Pain"}],"items_purged_floors":[46,48],"is_endless":false,"potions_floor_spawned":[2,7,14,20,33,35,39,41,45,47],"ascension_level":3}}