{"host":"y6zg4wwu39otf01a","time":1613240784,"event":{"mods":["Act Like it!","Aspiration","BaseMod","Better Altar","Better Match","Better Note","Better Sensory Stone","Better Skull","Better Third Choice","Challenge The Spire","Colored Map","Colored Powertips","Conspire","GifTheSpireLib","Glutton Mod","Halation","Hermit","Highlight Path","Hubris","Infinite Spire","Mimic Mod","Minty Spire (QoL Compilation)","Quick Restart","Random Character Button","Rare Cards Sparkle","Replay The Spire","Retaliation","Spicy Shops","Spire Arcade","StSLib","Stuff the Spire","The Blue Laboratory","The Jungle"],"gold_per_floor":[114,161,5,20,30,30,30,49,49,49,49,76,95,4,4,4,4],"floor_reached":16,"language":"ENG","playtime":927,"items_purged":[],"score":115,"play_id":"57402608-ab1c-4194-adb0-27f58336750b","local_time":"20210213122624","is_ascension_mode":true,"campfire_choices":[{"data":"hermit:Covet","floor":6,"key":"SMITH"},{"data":"hermit:Quickdraw","floor":10,"key":"SMITH"},{"data":"hermit:Dive","floor":15,"key":"SMITH"}],"circlet_count":0,"master_deck":["hermit:Strike_Hermit","hermit:Strike_Hermit","hermit:Strike_Hermit","hermit:Strike_Hermit","hermit:Defend_Hermit","hermit:Defend_Hermit","hermit:Defend_Hermit","hermit:Snapshot","hermit:Covet+1","ReplayTheSpireMod:Splinters","hermit:Dive+1","hermit:Quickdraw+1","Regret","hermit:GhostlyPresence","Bloodletting","ReplayTheSpireMod:IOU","Decay"],"relics":["hermit:Momento","aspiration:Nostalgia","m_IronSupplements","conspire:BottledYoYo","HandDrill","ReplayTheSpireMod:Shallot","Replay:Wax Seal","hermit:RyeStalk","Pen Nib","hermit:Horseshoe"],"acts_visited":["Exordium"],"potions_floor_usage":[8,12],"damage_taken":[{"damage":8,"enemies":"2 Louse","floor":1,"turns":3},{"damage":5,"enemies":"Cultist","floor":4,"turns":4},{"damage":9,"enemies":"Jaw Worm","floor":5,"turns":3},{"damage":0,"enemies":"Gremlin Gang","floor":8,"turns":3},{"damage":57,"enemies":"Gremlin Nob","floor":12,"turns":6},{"damage":2,"enemies":"Blue Slaver","floor":13,"turns":4},{"damage":29,"enemies":"The Guardian","floor":16,"turns":9}],"seed_played":"7246804442434511522","potions_obtained":[{"floor":4,"key":"blueLaboratory:FrostheartPotion"},{"floor":5,"key":"Fire Potion"},{"floor":13,"key":"blueLaboratory:LouseDecoction"}],"is_trial":false,"path_per_floor":["M","?","$","M","M","R","?","M","T","R","?","E","M","$","R","B"],"character_chosen":"HERMIT","items_purchased":["HandDrill","Pen Nib","hermit:Horseshoe"],"campfire_rested":0,"item_purchase_floors":[3,14,14],"current_hp_per_floor":[73,73,73,74,71,71,71,75,75,75,75,24,28,28,28,0,0],"gold":4,"neow_bonus":"NOSTALGIA","is_daily":false,"chose_seed":false,"campfire_upgraded":3,"win_rate":0.0,"timestamp":1613240784,"path_taken":["M","?","$","M","?","R","?","?","T","R","?","E","M","$","R","BOSS"],"items_purchased_type":["Relic","Relic","Relic"],"build_version":"2020-12-22","purchased_purges":0,"victory":false,"max_hp_per_floor":[75,75,75,75,75,75,75,75,75,75,75,75,75,75,75,75,75],"card_choices":[{"not_picked":["hermit:Feint","hermit:Headshot","hermit:GoldenBullet"],"picked":"SKIP","floor":1},{"not_picked":["hermit:Headshot","hermit:Desperado"],"picked":"hermit:Dive","floor":2},{"not_picked":["hermit:CalledShot","hermit:TakeCover","hermit:FullyLoaded"],"picked":"SKIP","floor":4},{"not_picked":["hermit:Combo","hermit:GoldenBullet"],"picked":"hermit:Quickdraw","floor":5},{"not_picked":["hermit:Ricochet","hermit:Feint","hermit:TrackingShot"],"picked":"SKIP","floor":8},{"not_picked":["hermit:TrackingShot","hermit:ItchyTrigger"],"picked":"hermit:GhostlyPresence","floor":12},{"not_picked":["hermit:Midnight","Abandon"],"picked":"Bloodletting","floor":13}],"player_experience":806279,"relics_obtained":[{"floor":2,"key":"conspire:BottledYoYo"},{"floor":9,"key":"ReplayTheSpireMod:Shallot"},{"floor":12,"key":"hermit:RyeStalk"}],"event_choices":[{"cards_removed":["hermit:Defend_Hermit"],"damage_healed":0,"gold_gain":0,"player_choice":"Offered Basic","damage_taken":0,"max_hp_gain":0,"max_hp_loss":0,"event_name":"Bonfire Elementals","floor":7,"gold_loss":0},{"damage_healed":0,"gold_gain":0,"player_choice":"Box","damage_taken":0,"relics_obtained":["Replay:Wax Seal"],"max_hp_gain":0,"max_hp_loss":0,"event_name":"Big Fish","floor":11,"gold_loss":0,"cards_obtained":["Regret"]}],"is_beta":false,"boss_relics":[],"items_purged_floors":[],"is_endless":false,"potions_floor_spawned":[4,5,13],"killed_by":"The Guardian","ascension_level":3}}