{"host":"k5fgrtcqzqosfxt0","time":1613212733,"event":{"mods":["Act Like it!","Aspiration","BaseMod","Downfall","Gensokyo","Minty Spire (QoL Compilation)","StSLib","TestMod","UnlockEverythingMod"],"gold_per_floor":[111,36,36,36,46,79,79,109,109,144,144,219,235,249,249,249,249],"floor_reached":16,"language":"ZHS","playtime":480,"items_purged":["Strike_B"],"score":286,"play_id":"c4a24736-201b-40fb-97d3-7aef25496981","local_time":"20210213183853","is_ascension_mode":true,"campfire_choices":[{"data":"Loop","floor":7,"key":"SMITH"},{"data":"Coolheaded","floor":11,"key":"SMITH"},{"data":"Zap","floor":15,"key":"SMITH"}],"circlet_count":0,"master_deck":["AscendersBane","Strike_B","Strike_B","Strike_B","Defend_B","Defend_B","Defend_B","Defend_B","Zap+1","Dualcast","Loop+1","Biased Cognition","Chill","Glacier","Coolheaded+1"],"relics":["Cracked Core","testmod-TestBox","NeowsBlessing","testmod-FatalChain","testmod-AssaultLearning","Blood Vial","Pen Nib"],"acts_visited":["Exordium"],"potions_floor_usage":[],"damage_taken":[{"damage":0.0,"enemies":"Jaw Worm","floor":1.0,"turns":1.0},{"damage":0,"enemies":"Cultist","floor":5,"turns":1},{"damage":0,"enemies":"Gremlin Nob","floor":6,"turns":1},{"damage":18,"enemies":"3 Sentries","floor":8,"turns":12},{"damage":13,"enemies":"Gremlin Nob","floor":10,"turns":6},{"damage":6,"enemies":"2 Louse","floor":13,"turns":3},{"damage":4,"enemies":"2 Fungi Beasts","floor":14,"turns":4},{"damage":23,"enemies":"Hexaghost","floor":16,"turns":16}],"seed_played":"142147349884034860","potions_obtained":[{"floor":1.0,"key":"Block Potion"},{"floor":8,"key":"BlessingOfTheForge"}],"is_trial":false,"path_per_floor":["M","$","?","$","M","E","R","E","T","E","R","?","M","M","R","B"],"character_chosen":"DEFECT","items_purchased":[],"campfire_rested":0,"item_purchase_floors":[],"current_hp_per_floor":[64,64,64,64,64,64,64,46,46,35,35,24,20,18,18,0,0],"gold":249,"neow_bonus":"THREE_ENEMY_KILL","is_daily":false,"chose_seed":false,"campfire_upgraded":3,"win_rate":0.0,"timestamp":1613212733,"path_taken":["M","$","?","?","M","E","R","E","T","E","R","?","M","?","R","BOSS"],"items_purchased_type":[],"build_version":"2020-12-22","purchased_purges":1,"victory":false,"max_hp_per_floor":[71,71,71,71,71,71,71,71,71,71,71,71,71,71,71,71,71],"card_choices":[{"not_picked":["Steam","Melter"],"picked":"Loop","floor":1.0},{"not_picked":["aspiration:Polymerization","Genetic Algorithm"],"picked":"Glacier","floor":5},{"not_picked":["Hologram","Rebound","Leap"],"picked":"SKIP","floor":6},{"not_picked":["aspiration:Polymerization","Sunder"],"picked":"Coolheaded","floor":8},{"not_picked":["Cold Snap","Sweeping Beam","Rebound"],"picked":"SKIP","floor":10},{"not_picked":["BootSequence","All For One","Lockon"],"picked":"SKIP","floor":13},{"not_picked":["Beam Cell","Cold Snap","Sweeping Beam"],"picked":"SKIP","floor":14}],"player_experience":652807,"relics_obtained":[{"floor":6,"key":"testmod-AssaultLearning"},{"floor":8,"key":"Blood Vial"},{"floor":10,"key":"Pen Nib"}],"event_choices":[{"damage_healed":0,"gold_gain":0,"player_choice":"2 cards matched","damage_taken":0,"max_hp_gain":0,"max_hp_loss":0,"event_name":"Match and Keep!","floor":3,"gold_loss":0,"cards_obtained":["Biased Cognition","Chill"]},{"damage_healed":0,"gold_gain":75,"player_choice":"Gather Gold","damage_taken":11,"max_hp_gain":0,"max_hp_loss":0,"event_name":"World of Goop","floor":12,"gold_loss":0}],"is_beta":false,"boss_relics":[],"items_purged_floors":[2],"is_endless":false,"potions_floor_spawned":[1,8],"killed_by":"Hexaghost","ascension_level":20}}