{"host":"baymyijz6sxaqj5s","time":1613210318,"event":{"mods":["AchievementEnabler","BaseMod","Colored Map","Colored Powertips","DeckTracker","Highlight Path","KOR Keyword Fix","Keyboard Shortcuts","Minty Spire (QoL Compilation)","StSLib","SuperFastMode","everything is the same but u backflip on backflip"],"gold_per_floor":[115,115,190,209,229,179,179,198,198,198,119,133,147,19,19,120,120,139,139,149,161,161,161,175,175,175],"floor_reached":25,"language":"KOR","playtime":604,"items_purged":[],"score":253,"play_id":"adb3112c-6f0a-46e6-b47c-915c24ecda67","local_time":"20210213185838","is_ascension_mode":true,"campfire_choices":[{"data":"Body Slam","floor":10,"key":"SMITH"},{"data":"Heavy Blade","floor":15,"key":"SMITH"},{"data":"Sword Boomerang","floor":23,"key":"SMITH"}],"circlet_count":0,"master_deck":["Strike_R","Strike_R","Strike_R","Strike_R","Defend_R","Defend_R","Defend_R","Defend_R","Bash","Shrug It Off","Heavy Blade+1","Body Slam+1","Spot Weakness+1","Armaments+1","Entrench+1","Double Tap+1","Sword Boomerang+1"],"relics":["Burning Blood","Toxic Egg 2","Blue Candle","Philosopher\u0027s Stone","MutagenicStrength"],"acts_visited":["Exordium","TheCity"],"potions_floor_usage":[16,21,21],"damage_taken":[{"damage":9,"enemies":"Jaw Worm","floor":1,"turns":5},{"damage":12,"enemies":"Small Slimes","floor":4,"turns":6},{"damage":0,"enemies":"Cultist","floor":5,"turns":3},{"damage":9,"enemies":"3 Louse","floor":8,"turns":4},{"damage":4,"enemies":"Large Slime","floor":12,"turns":5},{"damage":0,"enemies":"Blue Slaver","floor":13,"turns":3},{"damage":45,"enemies":"The Guardian","floor":16,"turns":10},{"damage":18,"enemies":"2 Thieves","floor":18,"turns":4},{"damage":1,"enemies":"Chosen","floor":20,"turns":3},{"damage":11,"enemies":"Snecko","floor":21,"turns":3},{"damage":10,"enemies":"Centurion and Healer","floor":24,"turns":4},{"damage":76,"enemies":"Gremlin Leader","floor":25,"turns":3}],"seed_played":"-8327623932573812478","potions_obtained":[{"floor":4,"key":"Ancient Potion"},{"floor":13,"key":"DistilledChaos"},{"floor":16,"key":"FearPotion"},{"floor":18,"key":"PowerPotion"}],"is_trial":false,"path_per_floor":["M","?","?","M","M","?","?","M","T","R","$","M","M","$","R","B",null,"M","?","M","M","?","R","M","E"],"character_chosen":"IRONCLAD","items_purchased":["Spot Weakness+1","Armaments+1","Entrench+1"],"campfire_rested":0,"item_purchase_floors":[11,14,14],"current_hp_per_floor":[85,85,74,68,74,74,74,71,71,71,71,73,79,79,79,40,88,76,76,81,76,76,76,72,0,0],"gold":175,"neow_bonus":"TEN_PERCENT_HP_BONUS","is_daily":false,"chose_seed":false,"campfire_upgraded":3,"win_rate":0.0,"timestamp":1613210318,"path_taken":["M","?","?","M","M","?","?","M","T","R","$","M","?","$","R","BOSS","M","?","M","M","?","R","M","E"],"items_purchased_type":["Card","Card","Card"],"build_version":"2020-12-22","purchased_purges":0,"victory":false,"max_hp_per_floor":[88,88,88,88,88,88,88,88,88,88,88,88,88,88,88,88,88,88,88,88,88,88,88,88,88,88],"card_choices":[{"not_picked":["Cleave","Havoc"],"picked":"Shrug It Off","floor":1},{"not_picked":["Entrench","Iron Wave"],"picked":"Heavy Blade","floor":4},{"not_picked":["Havoc","Second Wind"],"picked":"Body Slam","floor":5},{"not_picked":["Clothesline","Iron Wave","Infernal Blade+1"],"picked":"SKIP","floor":8},{"not_picked":["Havoc+1","Feel No Pain","Body Slam"],"picked":"SKIP","floor":12},{"not_picked":["Flex+1","Rupture","Twin Strike"],"picked":"SKIP","floor":13},{"not_picked":["Exhume+1","Offering+1"],"picked":"Double Tap+1","floor":16},{"not_picked":["Wild Strike","Clothesline"],"picked":"Sword Boomerang","floor":18},{"not_picked":["Metallicize+1","True Grit+1","Clothesline+1"],"picked":"SKIP","floor":20},{"not_picked":["Cleave","Combust+1","Flex+1"],"picked":"SKIP","floor":21},{"not_picked":["Intimidate+1","Headbutt","Anger"],"picked":"SKIP","floor":24}],"player_experience":87235,"relics_obtained":[{"floor":9,"key":"Blue Candle"}],"event_choices":[{"damage_healed":0,"gold_gain":0,"player_choice":"Ignored","damage_taken":0,"max_hp_gain":0,"max_hp_loss":0,"event_name":"Golden Idol","floor":2,"gold_loss":0},{"damage_healed":0,"gold_gain":75,"player_choice":"Gather Gold","damage_taken":11,"max_hp_gain":0,"max_hp_loss":0,"event_name":"World of Goop","floor":3,"gold_loss":0},{"cards_removed":["Strike_R"],"damage_healed":0,"gold_gain":0,"player_choice":"Card Removal","damage_taken":0,"max_hp_gain":0,"max_hp_loss":0,"event_name":"The Cleric","floor":6,"gold_loss":50},{"damage_healed":0,"gold_gain":0,"player_choice":"Gave Potion","damage_taken":0,"relics_obtained":["Toxic Egg 2"],"max_hp_gain":0,"max_hp_loss":0,"event_name":"WeMeetAgain","floor":7,"gold_loss":0},{"damage_healed":0,"gold_gain":0,"player_choice":"Inject Mutagens","damage_taken":0,"relics_obtained":["MutagenicStrength"],"max_hp_gain":0,"max_hp_loss":0,"event_name":"Drug Dealer","floor":19,"gold_loss":0},{"damage_healed":0,"gold_gain":0,"player_choice":"Ignored","damage_taken":0,"max_hp_gain":0,"max_hp_loss":0,"event_name":"The Mausoleum","floor":22,"gold_loss":0}],"is_beta":false,"boss_relics":[{"not_picked":["Runic Pyramid","Busted Crown"],"picked":"Philosopher\u0027s Stone"}],"items_purged_floors":[],"is_endless":false,"potions_floor_spawned":[4,13,16,18],"killed_by":"Gremlin Leader","ascension_level":3}}