{"host":"swc5gdc7cm0k0g7l","time":1613250056,"event":{"mods":["AchievementEnabler","Act Like it!","Aspiration","BaseMod","BetterRewards","Colored Map","Colored Powertips","Downfall","Duelist Mod","Gensokyo","Hermit","Highlight Path","Hubris","Infinite Spire","Jorbs\u0027s Wanderer Trilogy","Koishi","Minty Spire (QoL Compilation)","Quick Restart","Replay The Spire","Shop Mod","StSLib","SuperFastMode","The Animator"],"gold_per_floor":[137,154,164,179,179,212,212,247,247,19,31,66,78,98,98,196,196,209,31,44,92,92,136,136,163,163,163,180,191,211,241,241,344,344,386,38,38,88,88,129,129,0,25,46,74,94,94,131,131,131,131,131,30,60,60,60],"floor_reached":55,"language":"ENG","playtime":4172,"items_purged":["theDuelist:StampingDestruction","theDuelist:BlackStego"],"score":1093,"play_id":"a2e134bb-3915-4272-9d43-edcc2333b364","local_time":"20210213160056","is_ascension_mode":true,"campfire_choices":[{"data":"theDuelist:CyberDragonSieger","floor":7,"key":"SMITH"},{"data":"theDuelist:TyrantWing","floor":15,"key":"SMITH"},{"data":"1","floor":24,"key":"LIFT"},{"data":"2","floor":27,"key":"LIFT"},{"data":"3","floor":32,"key":"LIFT"},{"data":"theDuelist:BusterDrake","floor":41,"key":"SMITH"},{"floor":47,"key":"RECALL"},{"floor":49,"key":"REST"},{"data":"theDuelist:CastleWalls","floor":52,"key":"SMITH"}],"circlet_count":0,"master_deck":["theDuelist:DarkHorus+1","theDuelist:ChimeratechOverdragon+1","theDuelist:CyberTwinDragon+1","theDuelist:ChimeratechOverdragon+1","theDuelist:CyberDragonSieger+1","theDuelist:ArmedDragon3+1","theDuelist:CaveDragon+1","theDuelist:LesserDragon+1","theDuelist:TyrantWing+1","theDuelist:SnowDragon+1","theDuelist:CurseDragon+1","theDuelist:Sparks","theDuelist:LesserDragon+1","theDuelist:BabyDragon+1","theDuelist:Sparks","theDuelist:BlackBrachios","theDuelist:BusterDrake+1","theDuelist:CastleWalls+1","theDuelist:Raigeki+1","theDuelist:ThunderDragon+1","theDuelist:FangCritias+1","theDuelist:AncientGearGadjiltron+1","theDuelist:BusterDrake+1","theDuelist:CaveDragon+1","theDuelist:CyberDragonInfinity+1","theDuelist:BoosterDragon+1","theDuelist:GaiaDragonChamp+1","theDuelist:ArmedProtectorDragon+1","theDuelist:YamataDragon+1","theDuelist:ChimeratechOverdragon+1","theDuelist:CyberValley","theDuelist:EyeTimaeus+1"],"relics":["theDuelist:MillenniumPuzzle","theDuelist:CardPoolRelic","theDuelist:CardPoolBasicRelic","theDuelist:BoosterPackPoolRelic","theDuelist:CardPoolAddRelic","theDuelist:CardPoolMinusRelic","theDuelist:CardPoolSaveRelic","theDuelist:CardPoolOptionsRelic","MerchantsRug","theDuelist:GoldenScale","hubris:GrandSneckoEye","PreservedInsect","aspiration:DSix","theDuelist:DuelistUrn","Girya","Replay:Blank Codex","Simple Rune","infinitespire:Broken Mirror","theDuelist:DragonRelicB","infinitespire:EvilPickle","Runic Pyramid","Quantum Egg","Guide Book","theDuelist:ElectricBurst","hubris:Towel","Tough Bandages","theDuelist:DuelistUrn","hubris:SlimyHat","Pet Ghost","Shuriken"],"acts_visited":["Exordium","TheCity","TheBeyond","TheEnding"],"potions_floor_usage":[8,8,8,21,33,33,33,38,48,50,50,54,55],"damage_taken":[{"damage":0,"enemies":"Small Slimes","floor":1,"turns":2},{"damage":0,"enemies":"Cultist","floor":2,"turns":3},{"damage":0,"enemies":"2 Louse","floor":3,"turns":1},{"damage":6,"enemies":"Blue Slaver","floor":4,"turns":3},{"damage":12,"enemies":"3 Sentries","floor":6,"turns":6},{"damage":7,"enemies":"Gremlin Nob","floor":8,"turns":3},{"damage":2,"enemies":"3 Louse","floor":11,"turns":2},{"damage":7,"enemies":"Lagavulin","floor":12,"turns":4},{"damage":3,"enemies":"Looter","floor":13,"turns":2},{"damage":0,"enemies":"2 Fungi Beasts","floor":14,"turns":2},{"damage":20,"enemies":"Hexaghost","floor":16,"turns":9},{"damage":0,"enemies":"Spheric Guardian","floor":18,"turns":2},{"damage":6,"enemies":"Chosen","floor":20,"turns":4},{"damage":6,"enemies":"Chosen","floor":21,"turns":5},{"damage":4,"enemies":"Gremlin Leader","floor":23,"turns":5},{"damage":6,"enemies":"Book of Stabbing","floor":25,"turns":4},{"damage":0,"enemies":"Snake Plant","floor":28,"turns":1},{"damage":14,"enemies":"3 Cultists","floor":29,"turns":4},{"damage":1,"enemies":"Chosen and Byrds","floor":30,"turns":4},{"damage":0,"enemies":"theDuelist:KaibaA2","floor":31,"turns":2},{"damage":2,"enemies":"Pondfish","floor":33,"turns":9},{"damage":8,"enemies":"Orb Walker","floor":35,"turns":2},{"damage":10,"enemies":"Mind Bloom Boss Battle","floor":38,"turns":5},{"damage":3,"enemies":"Reptomancer","floor":40,"turns":3},{"damage":10,"enemies":"3 Darklings","floor":44,"turns":2},{"damage":14,"enemies":"R_Hoarder","floor":45,"turns":3},{"damage":17,"enemies":"Transient","floor":46,"turns":5},{"damage":8,"enemies":"Nemesis","floor":48,"turns":4},{"damage":44,"enemies":"infinitespire:MassOfShapes","floor":50,"turns":6},{"damage":6,"enemies":"Shield and Spear","floor":54,"turns":3},{"damage":126,"enemies":"The Heart","floor":55,"turns":5}],"seed_played":"-6794362074703537326","potions_obtained":[{"floor":2,"key":"theDuelist:FireBottle"},{"floor":3,"key":"theDuelist:SummonFuryPotion"},{"floor":4,"key":"FocusPotion"},{"floor":6,"key":"theDuelist:WaterBottle"},{"floor":8,"key":"Strength Potion"},{"floor":16,"key":"theDuelist:MillenniumElixir"},{"floor":20,"key":"theDuelist:FlamingBottle"},{"floor":21,"key":"Venom Potion"},{"floor":25,"key":"Swift Potion"},{"floor":28,"key":"Swift Potion"},{"floor":33,"key":"theDuelist:BabyPotion"},{"floor":38,"key":"theDuelist:BottledKuriboh"},{"floor":40,"key":"Dexterity Potion"},{"floor":46,"key":"theDuelist:BabyPotion"},{"floor":48,"key":"PowerPotion"}],"is_trial":false,"path_per_floor":["M","M","M","M","?","E","R","E","T","$","M","E","M","M","R","B",null,"M","$","M","?","?","E","R","E","T","R","M","M","M","E","R","B",null,"M","$","?","?","?","E","R","?","T","M","E","M","R","E","R","B",null,"R","$","E","B"],"character_chosen":"THE_DUELIST","items_purchased":["MerchantsRug","theDuelist:FangCritias","PreservedInsect","Quantum Egg","Guide Book","theDuelist:VampireVial","theDuelist:WaterBottle"],"campfire_rested":1,"item_purchase_floors":[10,10,19,36,36,53,53],"current_hp_per_floor":[88,88,88,82,82,70,70,63,63,63,61,54,51,51,51,31,88,88,88,82,76,60,56,56,54,54,54,54,44,49,51,51,53,88,80,80,80,70,70,69,69,69,69,59,49,40,40,48,74,42,88,88,88,88,0,0],"gold":60,"neow_bonus":"TEN_PERCENT_HP_BONUS","is_daily":false,"chose_seed":false,"campfire_upgraded":4,"win_rate":0.0,"timestamp":1613250056,"path_taken":["M","M","M","M","?","E","R","E","T","$","M","E","M","?","R","BOSS","M","$","M","?","?","E","R","E","T","R","M","M","M","E","R","BOSS","M","$","?","?","?","E","R","?","T","M","E","M","R","E","R","BOSS","R","$","E","BOSS"],"items_purchased_type":["Relic","Card","Relic","Relic","Relic","Potion","Potion"],"build_version":"2020-12-22","purchased_purges":2,"victory":false,"max_hp_per_floor":[88,88,88,88,88,88,88,88,88,88,88,88,88,88,88,88,88,88,88,88,88,88,88,88,88,88,88,88,88,88,88,88,88,88,88,88,88,88,88,88,88,88,88,88,88,88,88,88,88,88,88,88,88,88,88,88],"card_choices":[{"not_picked":["theDuelist:BlackPtera","theDuelist:SnowDragon","theDuelist:CyberDragonVier","theDuelist:Pyrorex"],"picked":"theDuelist:BlackStego","floor":1},{"not_picked":["theDuelist:CyberTwinDragon","theDuelist:BarrelDragon","theDuelist:TrihornedDragon","theDuelist:Kabazauls"],"picked":"theDuelist:BlackBrachios","floor":2},{"not_picked":["theDuelist:Earthquake","theDuelist:SilverDragon","theDuelist:DragonPiper","theDuelist:EvolutionBurst"],"picked":"theDuelist:CurseDragon","floor":3},{"not_picked":["theDuelist:HymnOfLight","theDuelist:SystemDown","theDuelist:DragonRavine","theDuelist:CyberEmergency"],"picked":"theDuelist:StampingDestruction","floor":4},{"not_picked":["theDuelist:SilverWing","theDuelist:DragonMirror","theDuelist:ArtifactSanctum","theDuelist:DragonMastery"],"picked":"theDuelist:CyberDragonSieger","floor":6},{"not_picked":["theDuelist:WingedDragonRa","theDuelist:SurvivalFittest","theDuelist:OceanDragonLord","theDuelist:ArmageddonDragonEmp"],"picked":"theDuelist:ChimeratechOverdragon","floor":8},{"not_picked":["theDuelist:MadSwordBeast","theDuelist:SphereChaos","theDuelist:Earthquake","theDuelist:BlackStego"],"picked":"theDuelist:DarkHorus","floor":11},{"not_picked":["theDuelist:Sabersaurus","theDuelist:CyberEndDragon","theDuelist:Berserking","theDuelist:DarkDriceratops"],"picked":"theDuelist:ArmedDragon3","floor":12},{"not_picked":["theDuelist:WhiteHowling","theDuelist:GalaxySoldier","theDuelist:DragonRavine"],"picked":"theDuelist:BoosterDragon","floor":13},{"not_picked":["theDuelist:SpiralSpearStrike+1","theDuelist:DragonShield+1","theDuelist:DefenseZone+1","theDuelist:VeilDarkness+1"],"picked":"theDuelist:TyrantWing","floor":14},{"not_picked":["theDuelist:WaterDragon","theDuelist:SliferSky","theDuelist:BSkullDragon","theDuelist:GravityLash"],"picked":"theDuelist:ChimeratechOverdragon","floor":16},{"not_picked":["theDuelist:BlueEyesUltimate","theDuelist:BusterBladerDDS"],"picked":"theDuelist:GaiaDragonChamp","floor":18},{"not_picked":["theDuelist:Kabazauls+1","theDuelist:BarrelDragon","theDuelist:BlackPtera","theDuelist:BlackBrachios"],"picked":"theDuelist:CyberTwinDragon","floor":20},{"not_picked":["theDuelist:TailSwipe","theDuelist:SeismicShockwave","theDuelist:OceanDragonLord","theDuelist:Lancephorhynchus+1"],"picked":"theDuelist:CyberDragonInfinity","floor":23},{"not_picked":["theDuelist:Hinotama+1","theDuelist:RainbowOverdragon","theDuelist:SmashingGround+1","theDuelist:ForbiddenLance"],"picked":"theDuelist:Raigeki+1","floor":25},{"not_picked":["theDuelist:Kabazauls","theDuelist:MythicWaterDragon","theDuelist:BlueEyes+1","theDuelist:DoomkaiserDragon+1"],"picked":"theDuelist:AncientGearGadjiltron","floor":28},{"not_picked":["theDuelist:Hydrogeddon+1","theDuelist:DragonPiper","theDuelist:SilverDragon","theDuelist:RedEyes"],"picked":"theDuelist:SnowDragon","floor":29},{"not_picked":["theDuelist:MaskedDragon","theDuelist:BlackStego","theDuelist:Anthrosaurus","theDuelist:SilverDragon"],"picked":"theDuelist:BusterDrake","floor":30},{"not_picked":["theDuelist:BattleguardKing","theDuelist:Hinotama","theDuelist:LightningDarts","theDuelist:BigFire","theDuelist:SmashingGround"],"picked":"SKIP","floor":31},{"not_picked":["theDuelist:Scapegoat","theDuelist:DoomkaiserDragon+1","theDuelist:BlueDuston+1","theDuelist:BlasterDragonInfernos"],"picked":"theDuelist:ChimeratechOverdragon","floor":33},{"not_picked":["theDuelist:BlackBrutdrago","theDuelist:Beatraptor+1","theDuelist:LordD","theDuelist:RedEyes"],"picked":"theDuelist:BusterDrake","floor":35},{"not_picked":["theDuelist:GiantRex","theDuelist:FireDarts"],"picked":"theDuelist:ThunderDragon+1","floor":40},{"not_picked":["theDuelist:YamataDragon+1","theDuelist:DefenseZone+1","theDuelist:TwinHeadedFire+1","theDuelist:Earthquake+1","theDuelist:CurseDragon+1"],"picked":"SKIP","floor":44},{"not_picked":["theDuelist:WaterDragon","theDuelist:Scapegoat","theDuelist:DefensiveTactics","theDuelist:ChimeratechOverdragon"],"picked":"theDuelist:ArmedProtectorDragon+1","floor":45},{"not_picked":["theDuelist:ViceDragon","theDuelist:Kabazauls","theDuelist:CurseDragon+1","theDuelist:BusterBlader"],"picked":"theDuelist:CyberValley","floor":46},{"not_picked":["theDuelist:BigFire","theDuelist:Hinotama","theDuelist:LightningDarts","theDuelist:RainbowOverdragon+1","theDuelist:Raigeki"],"picked":"SKIP","floor":48},{"not_picked":["theDuelist:Hydrogeddon+1","theDuelist:SphereChaos+1","theDuelist:CyberDragonNachster+1","theDuelist:LavaDragon+1"],"picked":"theDuelist:EyeTimaeus+1","floor":54}],"player_experience":93854,"relics_obtained":[{"floor":6,"key":"Vajra"},{"floor":8,"key":"Pen Nib"},{"floor":9,"key":"Snake Skull"},{"floor":12,"key":"theDuelist:GoldenScale"},{"floor":21,"key":"aspiration:DSix"},{"floor":21,"key":"theDuelist:DuelistUrn"},{"floor":21,"key":"Girya"},{"floor":22,"key":"Replay:Blank Codex"},{"floor":23,"key":"hubris:AncientText"},{"floor":25,"key":"Simple Rune"},{"floor":26,"key":"infinitespire:Broken Mirror"},{"floor":31,"key":"theDuelist:DragonRelicB"},{"floor":38,"key":"theDuelist:ElectricBurst"},{"floor":40,"key":"Tough Bandages"},{"floor":45,"key":"hubris:SlimyHat"},{"floor":48,"key":"Pet Ghost"},{"floor":54,"key":"Shuriken"}],"event_choices":[{"cards_removed":["theDuelist:CastleWalls"],"damage_healed":0,"gold_gain":0,"player_choice":"Purged","damage_taken":0,"max_hp_gain":0,"max_hp_loss":0,"event_name":"Purifier","floor":5,"gold_loss":0},{"damage_healed":0,"gold_gain":0,"player_choice":"Fight","duelist":true,"damage_taken":0,"max_hp_gain":0,"max_hp_loss":0,"event_name":"Battle City","floor":21,"gold_loss":0},{"damage_healed":0,"gold_gain":0,"player_choice":"Obtained Book","damage_taken":16,"max_hp_gain":0,"max_hp_loss":0,"event_name":"Cursed Tome","floor":22,"gold_loss":0},{"damage_healed":0,"gold_gain":0,"player_choice":"Leave","duelist":true,"damage_taken":0,"max_hp_gain":0,"max_hp_loss":0,"event_name":"Tomb of the Nameless","floor":37,"gold_loss":0},{"damage_healed":0,"gold_gain":0,"player_choice":"Fight","damage_taken":0,"max_hp_gain":0,"max_hp_loss":0,"event_name":"MindBloom","floor":38,"gold_loss":0},{"damage_healed":0,"gold_gain":0,"player_choice":"Duplicated Relic - Magical Urn","duelist":true,"damage_taken":0,"max_hp_gain":0,"max_hp_loss":0,"event_name":"Relic Duplicator","floor":42,"gold_loss":0}],"is_beta":false,"boss_relics":[{"not_picked":["hubris:RunicObelisk","theDuelist:GamblerChip"],"picked":"hubris:GrandSneckoEye"},{"not_picked":["Replay:Ancient Bell","Empty Cage"],"picked":"Runic Pyramid"}],"items_purged_floors":[10,19],"is_endless":false,"potions_floor_spawned":[2,3,4,6,8,16,20,21,25,28,31,33,38,40,46,48,54],"killed_by":"The Heart","ascension_level":3}}