{"host":"md0dejzd6k70gl1f","time":1613218611,"event":{"mods":["BaseMod","Bestiary","Minty Spire (QoL Compilation)","Quick Restart"],"gold_per_floor":[217,236,37,47,47,80,80,114,114,133,45,64,64,79,79,151,151,162,162,176,196,34,34,60,73,96,422,422,422,422,422],"floor_reached":30,"language":"ENG","playtime":1598,"items_purged":["Strike_G"],"score":560,"play_id":"03a3209c-0835-4147-97be-77fe2c846281","local_time":"20210213131651","is_ascension_mode":true,"campfire_choices":[{"floor":7.0,"key":"REST"},{"floor":13.0,"key":"REST"},{"data":"Footwork","floor":15.0,"key":"SMITH"},{"data":"Footwork","floor":23.0,"key":"SMITH"}],"circlet_count":0,"master_deck":["AscendersBane","Strike_G","Strike_G","Strike_G","Strike_G","Defend_G","Defend_G","Defend_G","Defend_G","Defend_G","Survivor","Neutralize","PiercingWail","PiercingWail","Well Laid Plans","Deadly Poison","Neutralize","After Image","Footwork+1","Quick Slash","Footwork+1","Heel Hook","Deadly Poison","Malaise","Backstab","Dodge and Roll","PiercingWail","Crippling Poison","Grand Finale","All Out Attack"],"relics":["Ring of the Snake","Vajra","Darkstone Periapt","Bag of Preparation","HornCleat","Runic Pyramid","Matryoshka","Girya","Oddly Smooth Stone","Regal Pillow","Old Coin"],"acts_visited":["Exordium","TheCity"],"potions_floor_usage":[27,28],"damage_taken":[{"damage":1.0,"enemies":"2 Louse","floor":1.0,"turns":3.0},{"damage":15.0,"enemies":"Cultist","floor":2.0,"turns":6.0},{"damage":1.0,"enemies":"Jaw Worm","floor":4.0,"turns":5.0},{"damage":28.0,"enemies":"Gremlin Nob","floor":6.0,"turns":5.0},{"damage":18.0,"enemies":"3 Sentries","floor":8.0,"turns":11.0},{"damage":2.0,"enemies":"Red Slaver","floor":10.0,"turns":6.0},{"damage":2.0,"enemies":"Looter","floor":12.0,"turns":5.0},{"damage":0.0,"enemies":"3 Louse","floor":14.0,"turns":4.0},{"damage":7.0,"enemies":"Slime Boss","floor":16.0,"turns":16.0},{"damage":12.0,"enemies":"3 Byrds","floor":18.0,"turns":9.0},{"damage":0.0,"enemies":"Chosen","floor":20.0,"turns":7.0},{"damage":0.0,"enemies":"Snake Plant","floor":21.0,"turns":6.0},{"damage":18.0,"enemies":"Book of Stabbing","floor":24.0,"turns":12.0},{"damage":0.0,"enemies":"Centurion and Healer","floor":25.0,"turns":10.0},{"damage":14,"enemies":"Slavers","floor":27,"turns":6},{"damage":0,"enemies":"Colosseum Slavers","floor":28,"turns":4},{"damage":11,"enemies":"Sentry and Sphere","floor":30,"turns":5}],"seed_played":"-1984374118628941274","potions_obtained":[{"floor":2.0,"key":"Ancient Potion"},{"floor":6.0,"key":"AttackPotion"},{"floor":10.0,"key":"ColorlessPotion"},{"floor":12.0,"key":"ColorlessPotion"},{"floor":20.0,"key":"LiquidMemories"},{"floor":27,"key":"BlessingOfTheForge"}],"is_trial":false,"path_per_floor":["M","M","$","M","?","E","R","E","T","M","$","M","R","M","R","B",null,"M","T","M","M","$","R","E","M","T","E","?","?","M"],"character_chosen":"THE_SILENT","items_purchased":["Vajra","Well Laid Plans","Footwork","Crippling Poison"],"campfire_rested":2,"item_purchase_floors":[3,3,11,22],"current_hp_per_floor":[58,43,43,42,42,14,33,15,15,13,13,11,30,30,30,23,55,43,43,43,43,43,43,25,25,25,11,11,11,0,0],"gold":422,"neow_bonus":"HUNDRED_GOLD","is_daily":false,"chose_seed":false,"campfire_upgraded":2,"win_rate":0.0,"timestamp":1613218611,"path_taken":["M","M","$","M","?","E","R","E","T","M","?","M","R","?","R","BOSS","M","?","?","M","$","R","E","M","T","E","?","?","M"],"items_purchased_type":["Relic","Card","Card","Card"],"build_version":"2020-12-22","purchased_purges":1,"victory":false,"max_hp_per_floor":[66,66,66,66,66,66,66,66,66,66,66,66,66,66,66,66,66,66,66,66,66,66,66,66,66,66,66,66,66,66,66],"card_choices":[{"not_picked":["Poisoned Stab","Prepared"],"picked":"PiercingWail","floor":1.0},{"not_picked":["Prepared","Slice"],"picked":"PiercingWail","floor":2.0},{"not_picked":["Masterful Stab","Prepared"],"picked":"Deadly Poison","floor":4.0},{"not_picked":["Prepared","Distraction"],"picked":"After Image","floor":6.0},{"not_picked":["Deadly Poison","Poisoned Stab"],"picked":"Footwork","floor":8.0},{"not_picked":["Blade Dance","Calculated Gamble"],"picked":"Quick Slash","floor":10.0},{"not_picked":["Sucker Punch","Eviscerate"],"picked":"Heel Hook","floor":12.0},{"not_picked":["Cloak And Dagger","Flechettes"],"picked":"Deadly Poison","floor":14.0},{"not_picked":["Venomology","Wraith Form v2"],"picked":"Malaise","floor":16.0},{"not_picked":["Backflip","Eviscerate"],"picked":"Backstab","floor":18.0},{"not_picked":["Blade Dance","Bane"],"picked":"Dodge and Roll","floor":20.0},{"not_picked":["Riddle With Holes","Deadly Poison"],"picked":"PiercingWail","floor":21.0},{"not_picked":["Quick Slash","Backflip"],"picked":"Grand Finale","floor":24.0},{"not_picked":["Poisoned Stab","Skewer","Acrobatics+1"],"picked":"SKIP","floor":25.0},{"not_picked":["Distraction","Outmaneuver"],"picked":"All Out Attack","floor":27}],"player_experience":508026,"relics_obtained":[{"floor":6.0,"key":"Darkstone Periapt"},{"floor":8.0,"key":"Bag of Preparation"},{"floor":9.0,"key":"HornCleat"},{"floor":19.0,"key":"Matryoshka"},{"floor":24.0,"key":"Girya"},{"floor":26.0,"key":"Oddly Smooth Stone"},{"floor":26.0,"key":"Regal Pillow"},{"floor":27,"key":"Old Coin"}],"event_choices":[{"damage_healed":0.0,"max_hp_gain":0.0,"max_hp_loss":0.0,"gold_gain":0.0,"event_name":"Match and Keep!","player_choice":"1 cards matched","floor":5.0,"gold_loss":0.0,"damage_taken":0.0,"cards_obtained":["Neutralize"]},{"damage_healed":0,"gold_gain":0,"player_choice":"Fight","damage_taken":0,"max_hp_gain":0,"max_hp_loss":0,"event_name":"Colosseum","floor":28,"gold_loss":0},{"damage_healed":0,"gold_gain":0,"player_choice":"Fled From Nobs","damage_taken":0,"max_hp_gain":0,"max_hp_loss":0,"event_name":"Colosseum","floor":28,"gold_loss":0},{"damage_healed":0,"gold_gain":0,"player_choice":"Ignored","damage_taken":0,"max_hp_gain":0,"max_hp_loss":0,"event_name":"The Mausoleum","floor":29,"gold_loss":0}],"is_beta":false,"boss_relics":[{"not_picked":["Pandora\u0027s Box","SlaversCollar"],"picked":"Runic Pyramid"}],"items_purged_floors":[22],"is_endless":false,"potions_floor_spawned":[2,6,10,12,20,27],"killed_by":"Sentry and Sphere","ascension_level":20}}