{"host":"o9lehcdjc4u6j9un","time":1613232654,"event":{"mods":["Aspiration","BaseMod","Better-Laid Plans","Colored Map","Downfall","Gremlin Mod","Hermit","Marisa£®ÏF”Í°°ƒß¿Ì…≥£©","Minty Spire (QoL Compilation)","Reimu£®≤©¿ˆ¡È√Œ£©","Remilia£®¿Ÿ√◊¿Ú—«£©","StSLib","The Alterego","The Hierophant","The Runesmith","The Senshi","The Servant 0.9.4","Yakumo Yukari mod","Youmu£®ªÍ∆«—˝√Œ£©","≤–¡Ù÷ÆŒÔ"],"gold_per_floor":[15,30,50,0,19,45,45,18,18,34,47,76,89,106,106,202,202,219,232,3,3,14,42,55,55,79,79,93,120,20,40,40,144,144,161,179,179,197,213,240,240,291,318,348,367,382,382,395,395,395,395,395,42,75,75],"floor_reached":56,"language":"ZHS","playtime":7604,"items_purged":["PlaceholderMod:BaseStrike","PlaceholderMod:BaseStrike","Writhe"],"score":1317,"play_id":"10a875e3-be54-42b9-9fac-5537e9a6f805","local_time":"20210214001054","is_ascension_mode":false,"campfire_choices":[{"floor":7,"key":"REST"},{"data":"PlaceholderMod:Crystallization","floor":15,"key":"SMITH"},{"data":"PlaceholderMod:Activation","floor":25,"key":"SMITH"},{"data":"PlaceholderMod:QualitativeChange","floor":27,"key":"SMITH"},{"data":"PlaceholderMod:HighConcentration","floor":32,"key":"SMITH"},{"floor":41,"key":"REST"},{"data":"PlaceholderMod:DiffusionPoison","floor":47,"key":"SMITH"},{"floor":49,"key":"RECALL"},{"data":"PlaceholderMod:HardStrike","floor":52,"key":"SMITH"}],"circlet_count":0,"master_deck":["PlaceholderMod:BaseStrike+1","PlaceholderMod:BaseStrike+1","PlaceholderMod:BaseDefend+1","PlaceholderMod:BaseDefend+1","PlaceholderMod:BaseDefend+1","PlaceholderMod:BaseDefend+1","PlaceholderMod:BaseDefend+1","PlaceholderMod:Crystal+1","PlaceholderMod:PoisonWhip+1","PlaceholderMod:Activation+1","PlaceholderMod:HardStrike+1","PlaceholderMod:Stable+1","PlaceholderMod:Hyperplasia+1","PlaceholderMod:ChainPoly+1","PlaceholderMod:Corrosion+1","PlaceholderMod:HardStinger+1","PlaceholderMod:ThreeBenzyolStart+1","PlaceholderMod:HighConcentration+1","PlaceholderMod:Crystallization+1","PlaceholderMod:Corrosion+1","PlaceholderMod:QualitativeChange+1","PlaceholderMod:Eat+1","PlaceholderMod:SprayAttack+1","PlaceholderMod:DissolvingSpikes+1","PlaceholderMod:ParasiteChange+1","PlaceholderMod:Internalization+1","PlaceholderMod:HardStrike+1","PlaceholderMod:HardStinger+1","PlaceholderMod:Hyperplasia+1","PlaceholderMod:AttackAsDefend+1","PlaceholderMod:Activation+1","PlaceholderMod:DissolvingSpikes+1","PlaceholderMod:Hard+1","PlaceholderMod:TriggerStrike+1","Injury","PlaceholderMod:CrystallizationStrike+1","PlaceholderMod:DiffusionPoison+1","PlaceholderMod:HardStrike+1","PlaceholderMod:AttackAsDefend+1"],"relics":["PlaceholderMod:Tancle","Blood Vial","aspiration:StickyExplosives_weak","Vajra","aspiration:FutureDiary","HandDrill","Thread and Needle","aspiration:HiddenCompartment","PreservedInsect","PlaceholderMod:SlimeBlood","Cursed Key","Mark of the Bloom","Bottled Tornado","CatCart","Juzu Bracelet","Guardian:BottledAnomaly","Torii"],"acts_visited":["Exordium","TheCity","TheBeyond","TheEnding"],"potions_floor_usage":[6,6,13,16,23,40,48,48,55,55],"damage_taken":[{"damage":1,"enemies":"Jaw Worm","floor":1,"turns":4},{"damage":1,"enemies":"2 Louse","floor":2,"turns":3},{"damage":4,"enemies":"Small Slimes","floor":3,"turns":4},{"damage":1,"enemies":"Blue Slaver","floor":5,"turns":4},{"damage":23,"enemies":"Gremlin Nob","floor":6,"turns":4},{"damage":3,"enemies":"Looter","floor":10,"turns":4},{"damage":0,"enemies":"2 Fungi Beasts","floor":11,"turns":4},{"damage":4,"enemies":"Lagavulin","floor":12,"turns":7},{"damage":8,"enemies":"Red Slaver","floor":13,"turns":4},{"damage":1,"enemies":"Gremlin Gang","floor":14,"turns":6},{"damage":5,"enemies":"Slime Boss","floor":16,"turns":9},{"damage":2,"enemies":"3 Byrds","floor":18,"turns":4},{"damage":10,"enemies":"2 Thieves","floor":19,"turns":4},{"damage":6,"enemies":"Snecko","floor":22,"turns":5},{"damage":17,"enemies":"Slavers","floor":23,"turns":6},{"damage":0,"enemies":"3 Cultists","floor":24,"turns":6},{"damage":0,"enemies":"Snake Plant","floor":28,"turns":4},{"damage":0,"enemies":"Book of Stabbing","floor":29,"turns":4},{"damage":16,"enemies":"Centurion and Healer","floor":31,"turns":4},{"damage":5,"enemies":"Champ","floor":33,"turns":9},{"damage":3,"enemies":"3 Darklings","floor":35,"turns":7},{"damage":0,"enemies":"Orb Walker","floor":36,"turns":2},{"damage":0,"enemies":"Maw","floor":38,"turns":5},{"damage":0,"enemies":"Transient","floor":39,"turns":5},{"damage":0,"enemies":"Reptomancer","floor":40,"turns":4},{"damage":0,"enemies":"Orin","floor":42,"turns":9},{"damage":0,"enemies":"Giant Head","floor":44,"turns":4},{"damage":0,"enemies":"3 Darklings","floor":45,"turns":3},{"damage":8,"enemies":"4 Shapes","floor":46,"turns":3},{"damage":0,"enemies":"Jaw Worm Horde","floor":48,"turns":3},{"damage":18,"enemies":"Awakened One","floor":50,"turns":9},{"damage":17,"enemies":"Shield and Spear","floor":54,"turns":3},{"damage":17,"enemies":"The Heart","floor":55,"turns":8}],"seed_played":"-587233994332931097","potions_obtained":[{"floor":1,"key":"Block Potion"},{"floor":2,"key":"Fire Potion"},{"floor":6,"key":"PowerPotion"},{"floor":12,"key":"Fire Potion"},{"floor":22,"key":"SkillPotion"},{"floor":24,"key":"Fire Potion"},{"floor":28,"key":"ColorlessPotion"},{"floor":35,"key":"PowerPotion"},{"floor":40,"key":"Energy Potion"},{"floor":42,"key":"Energy Potion"},{"floor":45,"key":"ColorlessPotion"},{"floor":46,"key":"AttackPotion"}],"is_trial":false,"path_per_floor":["M","M","M","?","M","E","R","$","T","M","M","E","M","M","R","B",null,"M","M","$","?","M","E","M","R","T","R","M","E","$","M","R","B",null,"M","M","?","M","M","E","R","?","T","E","M","M","R","M","R","B",null,"R","$","E","B",null],"character_chosen":"THE_PLACEHOLDER","items_purchased":["PlaceholderMod:HardStinger","HandDrill","Guardian:BottledAnomaly","GrandPatriotsElixir:ReiMu"],"campfire_rested":2,"item_purchase_floors":[8,20,53,53],"current_hp_per_floor":[77,76,72,72,71,48,71,71,71,70,72,70,64,65,65,62,78,76,72,72,72,76,61,67,67,67,67,73,75,75,62,62,63,78,75,77,77,77,77,77,77,77,77,77,77,69,69,69,69,51,51,51,51,34,17],"gold":75,"neow_bonus":"THREE_RARE_CARDS","is_daily":false,"chose_seed":false,"campfire_upgraded":6,"win_rate":0.0,"timestamp":1613232654,"path_taken":["M","M","M","?","M","E","R","$","T","M","M","E","M","M","R","BOSS","M","M","$","?","M","E","M","R","T","R","M","E","$","M","R","BOSS","M","M","?","M","M","E","R","?","T","E","M","M","R","M","R","BOSS","R","$","E","BOSS"],"items_purchased_type":["Card","Relic","Relic","Potion"],"build_version":"2020-12-22","purchased_purges":3,"victory":true,"max_hp_per_floor":[78,78,78,78,78,78,78,78,78,78,78,78,78,78,78,78,78,78,78,78,78,78,78,78,78,78,78,78,78,78,78,78,78,78,78,78,78,78,78,78,78,78,78,78,78,78,78,78,78,78,78,78,78,78,78],"card_choices":[{"not_picked":["PlaceholderMod:DiffusionPoison","PlaceholderMod:BlastSpray"],"picked":"PlaceholderMod:Activation","floor":0},{"not_picked":["PlaceholderMod:UnpureUse","PlaceholderMod:ParasiteChange"],"picked":"PlaceholderMod:HardStrike","floor":1},{"not_picked":["PlaceholderMod:SeverePoisonStrike","PlaceholderMod:HornyBlast"],"picked":"PlaceholderMod:Stable","floor":2},{"not_picked":["PlaceholderMod:SelectReaction","PlaceholderMod:SeverePoisonStrike"],"picked":"PlaceholderMod:Hyperplasia","floor":3},{"not_picked":["PlaceholderMod:HornyBlast","PlaceholderMod:ParasiteChange"],"picked":"PlaceholderMod:ChainPoly","floor":5},{"not_picked":["PlaceholderMod:UnpureUse","PlaceholderMod:DissolvingSpikes"],"picked":"PlaceholderMod:Corrosion","floor":6},{"not_picked":["PlaceholderMod:NearChange","PlaceholderMod:AngryAttack"],"picked":"PlaceholderMod:ThreeBenzyolStart","floor":10},{"not_picked":["PlaceholderMod:FastReaction","PlaceholderMod:Corrosion"],"picked":"PlaceholderMod:HighConcentration","floor":11},{"not_picked":["PlaceholderMod:StressReaction","PlaceholderMod:Colorful"],"picked":"PlaceholderMod:Crystallization","floor":12},{"not_picked":["PlaceholderMod:MultipleOxi","PlaceholderMod:Sweep"],"picked":"PlaceholderMod:Corrosion","floor":13},{"not_picked":["PlaceholderMod:SelectReaction","PlaceholderMod:DissolvingSpikes"],"picked":"PlaceholderMod:QualitativeChange","floor":14},{"not_picked":["PlaceholderMod:Assimilation","PlaceholderMod:DiffusionPoison"],"picked":"PlaceholderMod:Eat","floor":16},{"not_picked":["PlaceholderMod:HighConcentration","PlaceholderMod:OHStrongAttack"],"picked":"PlaceholderMod:SprayAttack+1","floor":18},{"not_picked":["PlaceholderMod:SpinBlade","PlaceholderMod:Corrosion"],"picked":"PlaceholderMod:DissolvingSpikes+1","floor":19},{"not_picked":["PlaceholderMod:SeverePoisonStrike","PlaceholderMod:DissolvingSpikes"],"picked":"PlaceholderMod:ParasiteChange","floor":22},{"not_picked":["PlaceholderMod:Crystallization","PlaceholderMod:Polyp"],"picked":"PlaceholderMod:Internalization","floor":23},{"not_picked":["PlaceholderMod:DissolvingSpikes+1","PlaceholderMod:PoisonAbsorb"],"picked":"PlaceholderMod:HardStrike","floor":24},{"not_picked":["PlaceholderMod:StressReaction","PlaceholderMod:CorePoison"],"picked":"PlaceholderMod:HardStinger","floor":28},{"not_picked":["PlaceholderMod:ParasiteChange","PlaceholderMod:SelectReaction"],"picked":"PlaceholderMod:Hyperplasia","floor":29},{"not_picked":["PlaceholderMod:Sweep","PlaceholderMod:HornyBlast"],"picked":"PlaceholderMod:AttackAsDefend+1","floor":31},{"not_picked":["PlaceholderMod:GrowthForm","PlaceholderMod:BlastSpray"],"picked":"PlaceholderMod:Activation","floor":33},{"not_picked":["PlaceholderMod:MultipleOxi","PlaceholderMod:Sweep"],"picked":"PlaceholderMod:DissolvingSpikes+1","floor":35},{"not_picked":["PlaceholderMod:Turn+1","PlaceholderMod:UnpureUse"],"picked":"PlaceholderMod:Hard+1","floor":36},{"not_picked":["PlaceholderMod:PoisonExcitation","PlaceholderMod:ConsolidateHit","PlaceholderMod:DissolvingSpikes"],"picked":"SKIP","floor":38},{"not_picked":["PlaceholderMod:DissolvingSpikes","PlaceholderMod:StressReaction"],"picked":"PlaceholderMod:TriggerStrike+1","floor":39},{"not_picked":["PlaceholderMod:EvolutionSpray+1","PlaceholderMod:PoisonExcitation+1","PlaceholderMod:Sweep+1"],"picked":"SKIP","floor":40},{"not_picked":["PlaceholderMod:Stable","PlaceholderMod:Turn"],"picked":"PlaceholderMod:CrystallizationStrike+1","floor":44},{"not_picked":["PlaceholderMod:EvolutionSpray+1","PlaceholderMod:Turn+1"],"picked":"PlaceholderMod:DiffusionPoison","floor":45},{"not_picked":["PlaceholderMod:StressReaction","PlaceholderMod:Package+1"],"picked":"PlaceholderMod:HardStrike","floor":46},{"not_picked":["PlaceholderMod:ParasiteChange","PlaceholderMod:Hyperplasia+1"],"picked":"PlaceholderMod:AttackAsDefend+1","floor":48},{"not_picked":["PlaceholderMod:Sweep+1","PlaceholderMod:AttackAsDefend","PlaceholderMod:SelectReaction"],"picked":"SKIP","floor":54}],"player_experience":264598,"relics_obtained":[{"floor":6,"key":"Blood Vial"},{"floor":9,"key":"aspiration:StickyExplosives_weak"},{"floor":12,"key":"Vajra"},{"floor":23,"key":"aspiration:HiddenCompartment"},{"floor":26,"key":"PreservedInsect"},{"floor":29,"key":"PlaceholderMod:SlimeBlood"},{"floor":40,"key":"Bottled Tornado"},{"floor":42,"key":"CatCart"},{"floor":44,"key":"Juzu Bracelet"},{"floor":54,"key":"Torii"}],"event_choices":[{"cards_removed":["PlaceholderMod:BaseStrike"],"damage_healed":0,"gold_gain":0,"player_choice":"Card Removal","damage_taken":0,"max_hp_gain":0,"max_hp_loss":0,"event_name":"The Cleric","floor":4,"gold_loss":50},{"damage_healed":0,"gold_gain":0,"player_choice":"Opened","damage_taken":0,"relics_obtained":["Thread and Needle"],"max_hp_gain":0,"max_hp_loss":0,"event_name":"The Mausoleum","floor":21,"gold_loss":0,"cards_obtained":["Writhe"]},{"damage_healed":0,"gold_gain":0,"player_choice":"Upgrade","damage_taken":0,"relics_obtained":["Mark of the Bloom"],"max_hp_gain":0,"max_hp_loss":0,"event_name":"MindBloom","floor":37,"gold_loss":0,"cards_upgraded":["PlaceholderMod:BaseStrike","PlaceholderMod:BaseStrike","PlaceholderMod:BaseDefend","PlaceholderMod:BaseDefend","PlaceholderMod:BaseDefend","PlaceholderMod:BaseDefend","PlaceholderMod:BaseDefend","PlaceholderMod:Crystal","PlaceholderMod:PoisonWhip","PlaceholderMod:HardStrike","PlaceholderMod:Stable","PlaceholderMod:Hyperplasia","PlaceholderMod:ChainPoly","PlaceholderMod:Corrosion","PlaceholderMod:HardStinger","PlaceholderMod:ThreeBenzyolStart","PlaceholderMod:Corrosion","PlaceholderMod:Eat","PlaceholderMod:ParasiteChange","PlaceholderMod:Internalization","PlaceholderMod:HardStrike","PlaceholderMod:HardStinger","PlaceholderMod:Hyperplasia","PlaceholderMod:Activation"]},{"damage_healed":0,"gold_gain":0,"player_choice":"Fight","damage_taken":0,"max_hp_gain":0,"max_hp_loss":0,"event_name":"OrinTheCat","floor":42,"gold_loss":0}],"is_beta":false,"boss_relics":[{"not_picked":["aspiration:PoetsPen_weak","bronze:MakeshiftBattery"],"picked":"aspiration:FutureDiary"},{"not_picked":["RedLine:ReiMu","Astrolabe"],"picked":"Cursed Key"}],"items_purged_floors":[20,30,53],"is_endless":false,"potions_floor_spawned":[1,2,6,12,22,24,28,35,39,40,42,45,46],"ascension_level":0}}