{"host":"j5j96s76v36ug78u","time":1613241423,"event":{"mods":["BaseMod","Better Third Choice","Downfall","Highlight Path","Minty Spire (QoL Compilation)","Reliquary","StSLib","The Animator"],"gold_per_floor":[99,99,23,48,160,212,264,290,24,40,40,59,59,234,244,427,452,452,467,502,627,640,654,979,990,1004,1022,1047,1047,1075,1090,1105,1295,1320,1170,1170,1190,1190,1202,1210,1210],"floor_reached":40,"language":"ENG","playtime":3940,"items_purged":[],"score":467,"play_id":"d55472fd-4548-4b43-b512-27ea9a361bc8","local_time":"20210213153703","is_ascension_mode":false,"campfire_choices":[{"data":"animator:Shuna","floor":1.0,"key":"SMITH"},{"data":"animator:Shuna","floor":11.0,"key":"SMITH"},{"data":"animator:Millim","floor":13.0,"key":"SMITH"},{"floor":18.0,"key":"RECALL"},{"data":"animator:KyokoSakura","floor":35,"key":"SMITH"}],"circlet_count":0,"master_deck":["animator:Strike_TenSura","animator:Defend_TenSura","animator:Strike+1","animator:Strike","animator:Defend","animator:Defend","animator:Shuna+1","Iron Wave","animator:Gilgamesh+17","animator:Shion","animator:Kaijin","animator:Shuna+1","animator:Millim+4","Doubt","animator:Kyubey","animator:Benimaru","animator:KyokoSakura+1","animator:Hakurou","animator:IzunaHatsuse+1","animator:Vesta","animator:TukaLunaMarceau+1","animator:MadokaKaname","animator:YuiTsuruno","expansioncontent:InvincibleStrength","expansioncontent:AwakenDeath"],"relics":["animator:LivingPicture","animator:TheMissingPiece","animator:PurgingStone","downfall:HeartsMalice","Pear","reliquary:FeatherDuster","reliquary:SharkskinSheath","Question Card","animator:CursedBlade","Toy Ornithopter","Old Coin","Peace Pipe","Black Star","downfall:HeartBlessingGreen","downfall:HeartBlessingRed"],"acts_visited":["Exordium","TheCity","TheBeyond"],"potions_floor_usage":[21,22,25,31,32,33,40],"damage_taken":[{"damage":0.0,"enemies":"downfall:FleeingMerchant","floor":3.0,"turns":1.0},{"damage":0.0,"enemies":"downfall:Heads","floor":5.0,"turns":1.0},{"damage":0.0,"enemies":"Lagavulin","floor":6.0,"turns":1.0},{"damage":1.0,"enemies":"Small Slimes","floor":8.0,"turns":3.0},{"damage":2.0,"enemies":"downfall:FleeingMerchant","floor":9.0,"turns":4.0},{"damage":0.0,"enemies":"Cultist","floor":10.0,"turns":2.0},{"damage":1.0,"enemies":"2 Louse","floor":12.0,"turns":2.0},{"damage":14.0,"enemies":"Red Slaver","floor":15.0,"turns":3.0},{"damage":21.0,"enemies":"SI_SHIV_ARCHETYPE","floor":16.0,"turns":8.0},{"damage":5.0,"enemies":"Shell Parasite","floor":19.0,"turns":6.0},{"damage":4.0,"enemies":"downfall:LooterAlt2","floor":20.0,"turns":4.0},{"damage":26,"enemies":"downfall:LadyInBlue","floor":21,"turns":8},{"damage":14,"enemies":"Snake Plant","floor":22,"turns":4},{"damage":0,"enemies":"Sentry and Sphere","floor":23,"turns":3},{"damage":0,"enemies":"Snecko","floor":25,"turns":3},{"damage":0,"enemies":"Centurion and Healer","floor":26,"turns":6},{"damage":12,"enemies":"3 Cultists","floor":27,"turns":5},{"damage":21,"enemies":"Snake Plant","floor":30,"turns":3},{"damage":1,"enemies":"Cultist and Chosen","floor":31,"turns":3},{"damage":18,"enemies":"Shelled Parasite and Fungi","floor":32,"turns":5},{"damage":9,"enemies":"WA_ARCHETYPE_CALM","floor":33,"turns":7},{"damage":33,"enemies":"3 Darklings","floor":37,"turns":7},{"damage":1,"enemies":"Orb Walker","floor":39,"turns":3},{"damage":60,"enemies":"Reptomancer","floor":40,"turns":5}],"seed_played":"8974530214056074593","potions_obtained":[{"floor":6.0,"key":"BlessingOfTheForge"},{"floor":8.0,"key":"LiquidBronze"},{"floor":10.0,"key":"DuplicationPotion"},{"floor":16.0,"key":"animator:FalseLifePotion"},{"floor":19.0,"key":"DistilledChaos"},{"floor":21,"key":"ColorlessPotion"},{"floor":21,"key":"SteroidPotion"},{"floor":21,"key":"Ancient Potion"},{"floor":25,"key":"bronze:BurnAndBuffPotion"},{"floor":30,"key":"DistilledChaos"},{"floor":31,"key":"SteroidPotion"},{"floor":32,"key":"Slimebound:ThreeZeroPotion"}],"is_trial":false,"path_per_floor":["R","?","$","?","?","E","T","M","$","M","R","M","R","?","M","B",null,"R","M","M","?","M","M","T","M","M","M","?","?","M","M","M","B",null,"R","?","M","?","M","E"],"character_chosen":"THE_ANIMATOR","items_purchased":["animator:Gilgamesh","Question Card"],"campfire_rested":0,"item_purchase_floors":[3,9],"current_hp_per_floor":[66,66,66,76,76,77,77,76,74,74,74,74,74,74,60,39,78,78,73,69,44,37,37,37,42,42,30,30,81,60,64,51,47,81,81,81,49,44,43,0,0],"gold":1210,"neow_bonus":"THREE_ENEMY_KILL","is_daily":false,"chose_seed":false,"campfire_upgraded":4,"win_rate":0.0,"timestamp":1613241423,"path_taken":["R","?","?","?","?","E","T","M","?","M","R","?","R","?","M","BOSS","R","M","M","?","?","M","T","M","M","M","?","?","?","M","M","BOSS","R","?","M","?","M","E"],"items_purchased_type":["Card","Relic"],"build_version":"2020-12-22","purchased_purges":0,"victory":false,"max_hp_per_floor":[66,66,66,76,76,77,77,77,77,77,77,78,78,78,78,78,78,78,78,78,79,81,81,81,81,81,81,81,81,81,81,81,81,81,81,81,82,82,82,82,82],"card_choices":[{"not_picked":["animator:Vanir","animator:Jibril","animator:DolaCouronne"],"picked":"SKIP","floor":3.0},{"not_picked":["animator:Bozes","animator:Nanami"],"picked":"animator:GazelDwargon","floor":5.0},{"not_picked":["animator:Ciel","animator:Guren"],"picked":"animator:Shion","floor":6.0},{"not_picked":["animator:Shuna","animator:Souei"],"picked":"animator:Kaijin","floor":8.0},{"not_picked":["animator:Assassin","animator:LeleiLaLalena","animator:Yoichi"],"picked":"SKIP","floor":9.0},{"not_picked":["animator:Yuuichirou","animator:Berserker","animator:MamiTomoe"],"picked":"animator:Shuna","floor":10.0},{"not_picked":["animator:FielNirvalen","animator:Elsword","animator:Azekura"],"picked":"animator:Millim","floor":12.0},{"not_picked":["animator:Kaijin","animator:Hakurou","animator:Benimaru"],"picked":"animator:Millim","floor":15.0},{"not_picked":["animator:Eris","animator:Guren","animator:Biyorigo"],"picked":"animator:Kyubey","floor":16.0},{"not_picked":["animator:Rider","animator:SakuraMatou","animator:Archer","animator:CrowleyEusford"],"picked":"SKIP","floor":19.0},{"not_picked":["animator:Hakurou+1","animator:Mitsuba","animator:Jibril"],"picked":"animator:Benimaru","floor":20.0},{"not_picked":["animator:YaoHaDucy+1","animator:Shigure","animator:Chris"],"picked":"animator:KyokoSakura","floor":21},{"not_picked":["animator:Shuna","animator:Vesta","animator:Souei"],"picked":"animator:Hakurou","floor":22},{"not_picked":["animator:YaoHaDucy+1","animator:YachiyoNanami","animator:Shion"],"picked":"animator:IzunaHatsuse+1","floor":23},{"not_picked":["animator:Megumin","animator:Chris+1","animator:Aqua"],"picked":"animator:KyokoSakura","floor":25},{"not_picked":["animator:Shuna","animator:Lancer","animator:Benimaru","animator:HiiragiShinya+1"],"picked":"SKIP","floor":26},{"not_picked":["animator:Hakurou","animator:Kaijin","animator:GazelDwargon"],"picked":"animator:Vesta","floor":27},{"not_picked":["animator:YaoHaDucy","animator:Shion","animator:YuiTsuruno"],"picked":"animator:TukaLunaMarceau+1","floor":30},{"not_picked":["animator:Rider","animator:MamiTomoe","animator:Mitsurugi","animator:SayakaMiki"],"picked":"SKIP","floor":31},{"not_picked":["animator:SayakaMiki+1","animator:ChlammyZell","animator:KyokoSakura"],"picked":"animator:Millim","floor":32},{"not_picked":["animator:Saber","animator:Biyorigo","animator:FeridBathory"],"picked":"animator:MadokaKaname","floor":33},{"not_picked":["animator:SayakaMiki","animator:IrohaTamaki","animator:MamiTomoe"],"picked":"animator:YuiTsuruno","floor":37},{"not_picked":["expansioncontent:GuardianWhirl","expansioncontent:HyperBeam"],"picked":"expansioncontent:InvincibleStrength","floor":38},{"not_picked":["expansioncontent:PolyBeam","expansioncontent:InvincibleStrength"],"picked":"expansioncontent:AwakenDeath","floor":38},{"not_picked":["animator:Vesta+1","animator:YuiTsuruno","animator:Tyuule"],"picked":"animator:Millim","floor":39}],"player_experience":234512,"relics_obtained":[{"floor":6.0,"key":"reliquary:FeatherDuster"},{"floor":7.0,"key":"reliquary:SharkskinSheath"},{"floor":21,"key":"Toy Ornithopter"},{"floor":24,"key":"Old Coin"}],"event_choices":[{"cards_removed":["animator:Strike"],"damage_healed":0.0,"max_hp_gain":0.0,"max_hp_loss":0.0,"gold_gain":0.0,"event_name":"NoteForYourself","player_choice":"Took Card","floor":2.0,"gold_loss":0.0,"damage_taken":0.0,"cards_obtained":["Iron Wave"]},{"damage_healed":0.0,"max_hp_gain":0.0,"max_hp_loss":0.0,"gold_gain":0.0,"event_name":"Big Fish","player_choice":"Box","floor":4.0,"gold_loss":0.0,"damage_taken":0.0,"relics_obtained":["Pear"],"cards_obtained":["Regret"]},{"damage_healed":51,"gold_gain":0,"player_choice":"Full Heal","damage_taken":0,"max_hp_gain":0,"max_hp_loss":0,"event_name":"Wheel of Change","floor":29,"gold_loss":0},{"cards_removed":["animator:KyokoSakura"],"damage_healed":0,"gold_gain":0,"player_choice":"Removed Attack","damage_taken":0,"max_hp_gain":0,"max_hp_loss":0,"event_name":"Falling","floor":36,"gold_loss":0}],"is_beta":false,"boss_relics":[{"not_picked":["reliquary:Craggleroot","Fusion Hammer"],"picked":"animator:CursedBlade"},{"not_picked":["animator:RacePiece","SacredBark"],"picked":"Black Star"}],"items_purged_floors":[],"is_endless":false,"potions_floor_spawned":[6,8,10,16,19,25,30,31,32],"killed_by":"Reptomancer","ascension_level":0}}