{"host":"yx5rao87132cy5xq","time":1613222531,"event":{"mods":["2.2 Compatiblity","AchievementEnabler","BaseMod","Bestiary","Colored Map","Colored Powertips","Minty Spire (QoL Compilation)","Quick Restart","Relic Stats","Slay-I","SuperFastMode"],"gold_per_floor":[113,113,113,61,75,116,116,129,182,182,223,223,244,260,260,353,353,378,391,391,306,306,306,306],"floor_reached":23,"language":"ENG","playtime":3458,"items_purged":[],"score":426,"play_id":"84efed20-7e7a-49be-9927-6ffcb594529b","local_time":"20210213142211","is_ascension_mode":true,"campfire_choices":[{"data":"Wild Strike","floor":7.0,"key":"SMITH"},{"data":"Shrug It Off","floor":10.0,"key":"SMITH"},{"data":"Bludgeon","floor":15.0,"key":"SMITH"}],"circlet_count":0,"master_deck":["AscendersBane","Strike_R","Strike_R","Strike_R","Defend_R","Defend_R","Defend_R","Defend_R","Bash","Wild Strike+1","Shrug It Off+1","Twin Strike","Bludgeon+1","Combust","Cleave","Carnage","Rage","Immolate","Shockwave+1","Clothesline"],"relics":["Burning Blood","Golden Idol","Potion Belt","Juzu Bracelet","Torii","Sundial","Philosopher\u0027s Stone","Boot","Nloth\u0027s Gift"],"acts_visited":["Exordium","TheCity"],"potions_floor_usage":[16,18],"damage_taken":[{"damage":0.0,"enemies":"2 Louse","floor":1.0,"turns":1.0},{"damage":0.0,"enemies":"Small Slimes","floor":5.0,"turns":1.0},{"damage":0.0,"enemies":"Lagavulin","floor":6.0,"turns":1.0},{"damage":0.0,"enemies":"Cultist","floor":8.0,"turns":2.0},{"damage":36.0,"enemies":"3 Sentries","floor":11.0,"turns":7.0},{"damage":8.0,"enemies":"Exordium Thugs","floor":13.0,"turns":3.0},{"damage":9.0,"enemies":"3 Louse","floor":14.0,"turns":3.0},{"damage":17,"enemies":"Slime Boss","floor":16,"turns":7},{"damage":28,"enemies":"Shell Parasite","floor":18,"turns":4},{"damage":0,"enemies":"Chosen","floor":19,"turns":2},{"damage":45,"enemies":"Book of Stabbing","floor":23,"turns":4}],"seed_played":"-2770637134787372378","potions_obtained":[{"floor":1.0,"key":"Strength Potion"},{"floor":6.0,"key":"Dexterity Potion"},{"floor":8.0,"key":"Block Potion"},{"floor":14.0,"key":"Fire Potion"},{"floor":16,"key":"DuplicationPotion"},{"floor":18,"key":"BlessingOfTheForge"}],"is_trial":false,"path_per_floor":["M","?","?","$","M","E","R","M","T","R","E","T","M","M","R","B",null,"M","M","?","?","?","E"],"character_chosen":"IRONCLAD","items_purchased":["Shrug It Off"],"campfire_rested":0,"item_purchase_floors":[4],"current_hp_per_floor":[74,48,48,48,54,60,60,66,66,66,36,36,34,31,31,20,61,39,45,45,45,45,0,0],"gold":306,"neow_bonus":"THREE_ENEMY_KILL","is_daily":false,"chose_seed":false,"campfire_upgraded":3,"win_rate":0.0,"timestamp":1613222531,"path_taken":["M","?","?","$","?","E","R","M","T","R","E","?","M","M","R","BOSS","M","M","?","?","?","E"],"items_purchased_type":["Card"],"build_version":"2020-12-22","purchased_purges":0,"victory":false,"max_hp_per_floor":[75,75,75,75,75,75,75,75,75,75,75,75,75,75,75,75,75,75,75,75,75,75,75,75],"relic_stats":{"Torii":10,"counters":[11,35],"Golden Idol":56,"Sundial":[2],"Juzu Bracelet":1,"Nloth\u0027s Gift":0,"Boot":[0],"obtain_stats":[{"Potion Belt":6,"NeowsBlessing":0,"Torii":11,"Golden Idol":2,"Sundial":12,"Philosopher\u0027s Stone":17,"Juzu Bracelet":9,"Nloth\u0027s Gift":22,"Boot":21,"Burning Blood":0},{"Potion Belt":3,"NeowsBlessing":0,"Torii":5,"Golden Idol":1,"Sundial":5,"Philosopher\u0027s Stone":8,"Juzu Bracelet":4,"Nloth\u0027s Gift":10,"Boot":10,"Burning Blood":0},{"Potion Belt":3,"NeowsBlessing":0,"Torii":12,"Golden Idol":1,"Sundial":12,"Philosopher\u0027s Stone":25,"Juzu Bracelet":5,"Nloth\u0027s Gift":31,"Boot":31,"Burning Blood":0}],"Burning Blood":60},"card_choices":[{"not_picked":["Clothesline","Headbutt"],"picked":"Wild Strike","floor":1.0},{"not_picked":["Inflame","Anger"],"picked":"Twin Strike","floor":5.0},{"not_picked":["Bloodletting","Wild Strike"],"picked":"Bludgeon","floor":6.0},{"not_picked":["Dual Wield","Heavy Blade"],"picked":"Combust","floor":8.0},{"not_picked":["Clash","Body Slam"],"picked":"Cleave","floor":11.0},{"not_picked":["Searing Blow","Sentinel"],"picked":"Carnage","floor":13.0},{"not_picked":["Entrench","Sword Boomerang"],"picked":"Rage","floor":14.0},{"not_picked":["Demon Form","Limit Break"],"picked":"Immolate","floor":16},{"not_picked":["Pommel Strike","Flex"],"picked":"Shockwave+1","floor":18},{"not_picked":["Body Slam","Pommel Strike"],"picked":"Clothesline","floor":19}],"player_experience":1018244,"relics_obtained":[{"floor":6.0,"key":"Potion Belt"},{"floor":9.0,"key":"Juzu Bracelet"},{"floor":11.0,"key":"Torii"},{"floor":12.0,"key":"Sundial"}],"event_choices":[{"damage_healed":0.0,"max_hp_gain":0.0,"max_hp_loss":0.0,"gold_gain":0.0,"event_name":"Golden Idol","player_choice":"Take Damage","floor":2.0,"gold_loss":0.0,"damage_taken":26.0,"relics_obtained":["Golden Idol"]},{"cards_removed":["Strike_R"],"damage_healed":0.0,"max_hp_gain":0.0,"max_hp_loss":0.0,"gold_gain":0.0,"event_name":"Purifier","player_choice":"Purged","floor":3.0,"gold_loss":0.0,"damage_taken":0.0},{"cards_removed":["Strike_R"],"damage_healed":0,"gold_gain":0,"player_choice":"Purged","damage_taken":0,"max_hp_gain":0,"max_hp_loss":0,"event_name":"Purifier","floor":20,"gold_loss":0},{"damage_healed":0,"gold_gain":0,"player_choice":"Obtained Relic","damage_taken":0,"relics_obtained":["Boot"],"max_hp_gain":0,"max_hp_loss":0,"event_name":"Addict","floor":21,"gold_loss":85},{"damage_healed":0,"gold_gain":0,"player_choice":"Traded Relic","damage_taken":0,"relics_obtained":["Nloth\u0027s Gift"],"max_hp_gain":0,"max_hp_loss":0,"event_name":"N\u0027loth","floor":22,"relics_lost":["NeowsBlessing"],"gold_loss":0}],"is_beta":false,"boss_relics":[{"not_picked":["Coffee Dripper","Runic Cube"],"picked":"Philosopher\u0027s Stone"}],"items_purged_floors":[],"is_endless":false,"potions_floor_spawned":[1,6,8,14,16,18],"killed_by":"Book of Stabbing","ascension_level":18}}