{"host":"2dp3t1i5s6bd92af","time":1613193441,"event":{"mods":["BaseMod","Colored Powertips","Minty Spire (QoL Compilation)","StSLib","The Alterego","The Disciple","The Necromancer"],"gold_per_floor":[117,292,78,92,109,135,153,182,206,36,36,71,87,37,37,132,132,144,144,144,155,168,188,223,223,270,305,305,338,263,263,263,362,362,379,397,397,397,447,447,447],"floor_reached":40,"language":"ENG","playtime":2575,"items_purged":["Doubt","Strike_W"],"score":537,"play_id":"06f92d07-ad4b-4e50-a19e-b221c3393eab","local_time":"20210213131721","is_ascension_mode":false,"campfire_choices":[{"data":"Plague_Bolt","floor":11.0,"key":"SMITH"},{"data":"Blood_Is_Power","floor":15.0,"key":"SMITH"},{"data":"Stop_Heart","floor":25.0,"key":"SMITH"},{"data":"Slay_Living","floor":28.0,"key":"SMITH"},{"floor":32.0,"key":"RECALL"}],"circlet_count":0,"master_deck":["Strike_W","Defend_W","Defend_W","Defend_W","Defend_W","Negative_Energy_Arrows","Bone_Wall","Vampiric_Strike","Bone_Prison+1","Summon_Lich","Plague_Bolt+1","Spectral_Armor+1","Bone_Prison","Bone_Prison","Summon_Lich","Whirlwind_of_Bones","Grasp_Heart","Bone_Armor+1","Writhe","Uncharnel+1","Bone_Armory+1","Stop_Heart+1","Slay_Living+1","Skeleton_Dragon","Thinking Ahead","Spectral_Walk+1"],"relics":["Vampire_Amulet","NeowsBlessing","Centennial Puzzle","PreservedInsect","Lantern","Bag of Preparation","Philosopher\u0027s Stone","Tiny Chest","War Paint","Nunchaku","Ancient Tea Set","Potion Belt","Dead Branch","Coffee Dripper","Prayer Wheel"],"acts_visited":["Exordium","TheCity","TheBeyond"],"potions_floor_usage":[],"damage_taken":[{"damage":0.0,"enemies":"Small Slimes","floor":1.0,"turns":1.0},{"damage":0.0,"enemies":"Jaw Worm","floor":4.0,"turns":1.0},{"damage":0.0,"enemies":"2 Louse","floor":5.0,"turns":1.0},{"damage":34.0,"enemies":"Lagavulin","floor":6.0,"turns":9.0},{"damage":0.0,"enemies":"Exordium Thugs","floor":7.0,"turns":5.0},{"damage":14.0,"enemies":"3 Sentries","floor":8.0,"turns":7.0},{"damage":0.0,"enemies":"Gremlin Nob","floor":12.0,"turns":4.0},{"damage":5.0,"enemies":"Gremlin Gang","floor":13.0,"turns":3.0},{"damage":44.0,"enemies":"The Guardian","floor":16.0,"turns":11.0},{"damage":5.0,"enemies":"Spheric Guardian","floor":18.0,"turns":3.0},{"damage":2.0,"enemies":"Chosen","floor":21.0,"turns":5.0},{"damage":17.0,"enemies":"3 Cultists","floor":22.0,"turns":5.0},{"damage":5.0,"enemies":"Centurion and Healer","floor":23.0,"turns":5.0},{"damage":1.0,"enemies":"Gremlin Leader","floor":24.0,"turns":4.0},{"damage":16.0,"enemies":"Book of Stabbing","floor":27.0,"turns":5.0},{"damage":2.0,"enemies":"Gremlin Leader","floor":29.0,"turns":4.0},{"damage":8.0,"enemies":"Automaton","floor":33.0,"turns":8.0},{"damage":0.0,"enemies":"Orb Walker","floor":35.0,"turns":3.0},{"damage":4.0,"enemies":"3 Shapes","floor":36.0,"turns":5.0},{"damage":33.0,"enemies":"Mind Bloom Boss Battle","floor":39.0,"turns":7.0},{"damage":0,"enemies":"Jaw Worm Horde","floor":40,"turns":1}],"seed_played":"8523962144487990630","potions_obtained":[{"floor":4.0,"key":"Block Potion"},{"floor":6.0,"key":"Fire Potion"},{"floor":7.0,"key":"Fire Potion"},{"floor":13.0,"key":"LiquidBronze"},{"floor":16.0,"key":"Strength Potion"},{"floor":35.0,"key":"EssenceOfSteel"},{"floor":36.0,"key":"Ancient Potion"},{"floor":39.0,"key":"ColorlessPotion"}],"is_trial":false,"path_per_floor":["M","?","$","M","M","E","M","E","T","$","R","E","M","?","R","B",null,"M","?","T","M","M","M","E","R","T","E","R","E","?","T","R","B",null,"M","M","?","?","?","M"],"character_chosen":"NECROMANCER","items_purchased":["Bone_Prison","Summon_Lich","Summon_Lich"],"campfire_rested":0,"item_purchase_floors":[3,3,10],"current_hp_per_floor":[75,75,75,75,75,45,50,44,44,44,44,46,50,50,50,13,75,72,72,72,74,63,64,69,69,69,58,58,64,64,64,64,63,75,75,75,75,75,53,53,53],"gold":447,"neow_bonus":"THREE_ENEMY_KILL","is_daily":false,"chose_seed":false,"campfire_upgraded":4,"win_rate":0.0,"timestamp":1613193441,"path_taken":["M","?","$","M","M","E","M","E","T","$","R","E","M","?","R","BOSS","M","?","?","?","M","M","E","R","T","E","R","E","?","?","R","BOSS","M","M","?","?","?","M"],"items_purchased_type":["Card","Card","Card"],"build_version":"2020-12-22","purchased_purges":2,"victory":false,"max_hp_per_floor":[75,75,75,75,75,75,75,75,75,75,75,75,75,75,75,75,75,75,75,75,75,75,75,75,75,75,75,75,75,75,75,75,75,75,75,75,75,75,75,75,75],"card_choices":[{"not_picked":["Negative_Energy_Javelin","Death_March_Dance"],"picked":"Vampiric_Strike","floor":1.0},{"not_picked":["Whirlwind_of_Bones","Finger_Of_Death"],"picked":"Plague_Bolt","floor":4.0},{"not_picked":["Blood_Curse","Thousand_Bone_Knives","Toxic_Smoke_Screen"],"picked":"SKIP","floor":5.0},{"not_picked":["Corrupt","Bone_Spikes"],"picked":"Spectral_Armor","floor":6.0},{"not_picked":["Bones_to_Steel","Blood_Whip"],"picked":"Bone_Prison","floor":7.0},{"not_picked":["Death_Knell","Negative_Energy_Sphere"],"picked":"Bone_Prison","floor":8.0},{"not_picked":["Death_Knell","Thousand_Bone_Knives"],"picked":"Blood_Is_Power","floor":12.0},{"not_picked":["Bone_Armor","Chill_Blood"],"picked":"Whirlwind_of_Bones","floor":13.0},{"not_picked":["Summon_Death_Knight","Detonate_Bones"],"picked":"Grasp_Heart","floor":16.0},{"not_picked":["Blood_Curse","Negative_Energy_Mist"],"picked":"Bone_Armor+1","floor":18.0},{"not_picked":["Bone_Shift","Chill_Blood"],"picked":"Uncharnel+1","floor":21.0},{"not_picked":["Death_March_Dance","Thousand_Bone_Knives"],"picked":"Bone_Armory+1","floor":22.0},{"not_picked":["Plague_Bolt","Epidemic+1"],"picked":"Stop_Heart","floor":23.0},{"not_picked":["Negative_Energy_Sphere","Requiem","Bone_Armor"],"picked":"SKIP","floor":24.0},{"not_picked":["Corrupt","Whirlwind_of_Bones"],"picked":"Slay_Living","floor":27.0},{"not_picked":["Strike_from_Beyond","Negative_Energy_Sphere"],"picked":"Skeleton_Dragon","floor":29.0},{"not_picked":["Finger_Of_Death","Chill_Blood+1","Blood_Whip"],"picked":"SKIP","floor":35.0},{"not_picked":["Negative_Energy_Bomb","Negative_Energy_Javelin","Negative_Energy_Mist+1"],"picked":"SKIP","floor":36.0},{"not_picked":["Impatience","Transmutation"],"picked":"Thinking Ahead","floor":38.0},{"not_picked":["Bone_Spikes+1","Negative_Energy_Sphere"],"picked":"Spectral_Walk+1","floor":39.0}],"player_experience":446216,"relics_obtained":[{"floor":6.0,"key":"Centennial Puzzle"},{"floor":8.0,"key":"PreservedInsect"},{"floor":9.0,"key":"Lantern"},{"floor":12.0,"key":"Bag of Preparation"},{"floor":20.0,"key":"War Paint"},{"floor":24.0,"key":"Nunchaku"},{"floor":27.0,"key":"Ancient Tea Set"},{"floor":29.0,"key":"Potion Belt"},{"floor":31.0,"key":"Dead Branch"},{"floor":39.0,"key":"Prayer Wheel"}],"event_choices":[{"damage_healed":0.0,"max_hp_gain":0.0,"max_hp_loss":0.0,"gold_gain":175.0,"event_name":"Liars Game","player_choice":"AGREE","floor":2.0,"gold_loss":0.0,"damage_taken":0.0,"cards_obtained":["Doubt"]},{"cards_removed":["Strike_W"],"damage_healed":0.0,"max_hp_gain":0.0,"max_hp_loss":0.0,"gold_gain":0.0,"event_name":"The Cleric","player_choice":"Card Removal","floor":14.0,"gold_loss":50.0,"damage_taken":0.0},{"damage_healed":0.0,"max_hp_gain":0.0,"max_hp_loss":0.0,"gold_gain":0.0,"event_name":"The Mausoleum","player_choice":"Opened","floor":19.0,"gold_loss":0.0,"damage_taken":0.0,"relics_obtained":["Tiny Chest"],"cards_obtained":["Writhe"]},{"cards_removed":["Strike_W"],"damage_healed":0.0,"max_hp_gain":0.0,"max_hp_loss":0.0,"gold_gain":0.0,"event_name":"Beggar","player_choice":"Gave Gold","floor":30.0,"gold_loss":75.0,"damage_taken":0.0},{"cards_removed":["Blood_Is_Power"],"damage_healed":0.0,"max_hp_gain":0.0,"max_hp_loss":0.0,"gold_gain":0.0,"event_name":"Falling","player_choice":"Removed Skill","floor":37.0,"gold_loss":0.0,"damage_taken":0.0},{"damage_healed":0.0,"max_hp_gain":0.0,"max_hp_loss":0.0,"gold_gain":0.0,"event_name":"SensoryStone","player_choice":"Memory 1","floor":38.0,"gold_loss":0.0,"damage_taken":0.0},{"damage_healed":0.0,"max_hp_gain":0.0,"max_hp_loss":0.0,"gold_gain":0.0,"event_name":"MindBloom","player_choice":"Fight","floor":39.0,"gold_loss":0.0,"damage_taken":0.0}],"is_beta":false,"boss_relics":[{"not_picked":["Busted Crown","Calling Bell"],"picked":"Philosopher\u0027s Stone"},{"not_picked":["Fusion Hammer","Velvet Choker"],"picked":"Coffee Dripper"}],"items_purged_floors":[3,10],"is_endless":false,"potions_floor_spawned":[4,6,7,13,16,18,21,22,35,36,39],"killed_by":"Jaw Worm Horde","ascension_level":0}}