{"host":"uceopoba4zvqsgiy","time":1613207573,"event":{"mods":["2.2 Compatiblity","Act Like it!","BaseMod","Better Skull","Better Third Choice","Elementarium","Evolution","GifTheSpireLib","Hermit","Humility","Infinite Spire","Jorbs\u0027s Wanderer Trilogy","Marked Mod","Minty Spire (QoL Compilation)","Potionbrewer","Reliquary","Replay The Spire","Robot Space Explorer","Shade Mod","Spicy Shops","StS++","StSLib","Stuff the Spire","The Blue Laboratory","The Caster","The Cursed","The Dragon Tamer","The Hierophant","The Judge","The Jungle","TheSurvivalist","Wandering Minibosses"],"gold_per_floor":[112,129,142,162,42,42,42],"floor_reached":6,"language":"ENG","playtime":587,"items_purged":[],"score":48,"play_id":"d1931705-056b-4bb7-8171-c3283acfad59","local_time":"20210213194253","is_ascension_mode":true,"campfire_choices":[],"circlet_count":0,"master_deck":["WordoMod:StrikeCard","WordoMod:StrikeCard","WordoMod:StrikeCard","WordoMod:StrikeCard","WordoMod:DefendCard","WordoMod:DefendCard","WordoMod:DefendCard","WordoMod:DefendCard","WordoMod:Accursed","WordoMod:IllWill","ReplayTheSpireMod:Faulty Equipment","Clumsy"],"relics":["WordoMod:Obsidian","WordoMod:Effigy","EVO:Axolotl","NeowsBlessing","Pondfish Scales"],"acts_visited":["Exordium"],"potions_floor_usage":[6],"damage_taken":[{"damage":0,"enemies":"2 Louse","floor":1,"turns":1},{"damage":0,"enemies":"Jaw Worm","floor":2,"turns":1},{"damage":0,"enemies":"Cultist","floor":3,"turns":1},{"damage":35,"enemies":"Large Slime","floor":4,"turns":9},{"damage":53,"enemies":"Lagavulin","floor":6,"turns":6}],"seed_played":"8704182270619596240","potions_obtained":[{"floor":1,"key":"blueLaboratory:BottleOfVodka"},{"floor":4,"key":"Block Potion"}],"is_trial":false,"path_per_floor":["M","M","M","M","$","E"],"character_chosen":"JUDGE_CLASS","items_purchased":["Pondfish Scales"],"campfire_rested":0,"item_purchase_floors":[5],"current_hp_per_floor":[75,75,75,40,40,0,0],"gold":42,"neow_bonus":"THREE_ENEMY_KILL","is_daily":false,"chose_seed":false,"campfire_upgraded":0,"win_rate":0.0,"timestamp":1613207573,"path_taken":["M","M","M","M","$","E"],"items_purchased_type":["Relic"],"build_version":"2020-12-22","purchased_purges":0,"victory":false,"max_hp_per_floor":[75,75,75,75,75,75,75],"card_choices":[{"not_picked":["WordoMod:FamousTechnique","WordoMod:BeneathTheMask","WordoMod:BreakChains"],"picked":"SKIP","floor":1},{"not_picked":["WordoMod:LanternFlame","WordoMod:Malice","WordoMod:ShackleGuard"],"picked":"SKIP","floor":2},{"not_picked":["StuffTheSpire:GnomedCurse","Doubt"],"picked":"ReplayTheSpireMod:Faulty Equipment","floor":3},{"not_picked":["WordoMod:Reading","WordoMod:Spite","WordoMod:BreakChains"],"picked":"SKIP","floor":3},{"not_picked":["WordoMod:Rise","WordoMod:CurseBuckler","WordoMod:Contagion"],"picked":"SKIP","floor":4}],"player_experience":1813367,"relics_obtained":[],"event_choices":[],"is_beta":false,"boss_relics":[],"items_purged_floors":[],"is_endless":false,"potions_floor_spawned":[1,4],"killed_by":"Lagavulin","ascension_level":5,"is_humility":true}}