{"host":"mxr7fl53uuvtjusr","time":1613223549,"event":{"mods":["2.2 Compatiblity","AchievementEnabler","Act Like it!","Ascension Reborn","BaseMod","BetterRewards","Block Reminder","Colored Map","Colored Powertips","Downfall","Energized Spire","GifTheSpireLib","Hero for Fun","Highlight Path","Jorbs\u0027s Wanderer Trilogy","Lobotomy","LobotomyExtend","Minty Spire (QoL Compilation)","Permanent Neow","Quick Restart","Rare Cards Sparkle","Shop Mod","Spicy Shops","StSLib","The Construct"],"gold_per_floor":[1,16,156,173,184,212,265,565,365,399,414,414,432,432,446,520,520,520,533,533,553,573,584,584,138,172,172,72,102,102,102,115,212,212,212,227,243,64,77,95,118,150,0,0,0,0,29,41,55,55,55,55,90,90,90,90,90],"floor_reached":58,"language":"ENG","playtime":1146,"items_purged":["Defend_Y","downfall:Icky","Defend_Y","downfall:Icky"],"score":1769,"play_id":"966faa99-83b0-4fac-bb32-723bdfa202a3","local_time":"20210213053909","is_ascension_mode":true,"campfire_choices":[{"floor":1.0,"key":"RECALL"},{"data":"Wear_Disguise","floor":9.0,"key":"SMITH"},{"data":"Strike_Y","floor":12.0,"key":"SMITH"},{"data":"Serious_Punch","floor":18.0,"key":"SMITH"},{"floor":28,"key":"REST"},{"data":"expansioncontent:QuickStudy","floor":30,"key":"SMITH"},{"data":"Strike_Y","floor":35,"key":"SMITH"},{"data":"Do_Nothing","floor":55,"key":"SMITH"}],"circlet_count":0,"master_deck":["AscendersBane","Strike_Y+1","Strike_Y","Strike_Y+1","Strike_Y+1","Defend_Y","Defend_Y","Defend_Y","Side_Hop","Wear_Disguise+1","Serious_Punch+1","expansioncontent:QuickStudy+1","Do_Nothing+1"],"relics":["Cape","Regal Pillow","LetterFromLob","Strange Spoon","Nunchaku","downfall:HeartBlessingRed","downfall:HeartBlessingBlue","Boot","Busted Crown","Bag of Marbles","Bag of Preparation","MealTicket","downfall:HeartBlessingGreen","Potion Belt","SacredBark","Ancient Tea Set","Toy Ornithopter","Incense Burner","Happy Flower"],"acts_visited":["Exordium","TheCity","TheBeyond","TheEnding"],"potions_floor_usage":[],"damage_taken":[{"damage":0.0,"enemies":"Jaw Worm","floor":2.0,"turns":1.0},{"damage":0.0,"enemies":"downfall:FleeingMerchant","floor":3.0,"turns":1.0},{"damage":0.0,"enemies":"Cultist","floor":4.0,"turns":1.0},{"damage":0.0,"enemies":"2 Louse","floor":5.0,"turns":2.0},{"damage":0.0,"enemies":"3 Sentries","floor":6.0,"turns":2.0},{"damage":0.0,"enemies":"Gremlin Nob","floor":10.0,"turns":1.0},{"damage":0.0,"enemies":"Large Slime","floor":11.0,"turns":1.0},{"damage":0.0,"enemies":"3 Louse","floor":13.0,"turns":2.0},{"damage":0.0,"enemies":"2 Fungi Beasts","floor":15.0,"turns":2.0},{"damage":0.0,"enemies":"IC_STATUS_ARCHETYPE","floor":16.0,"turns":1.0},{"damage":0,"enemies":"Spheric Guardian","floor":19,"turns":1},{"damage":0,"enemies":"Centurion and Healer","floor":21,"turns":1},{"damage":0,"enemies":"3 Cultists","floor":22,"turns":2},{"damage":0,"enemies":"Shelled Parasite and Fungi","floor":23,"turns":1},{"damage":0,"enemies":"Book of Stabbing","floor":26,"turns":1},{"damage":0,"enemies":"Slavers","floor":29,"turns":1},{"damage":0,"enemies":"Cultist and Chosen","floor":32,"turns":1},{"damage":0,"enemies":"DF_ARCHETYPE_CLAW","floor":33,"turns":1},{"damage":0,"enemies":"3 Darklings","floor":36,"turns":1},{"damage":0,"enemies":"3 Shapes","floor":37,"turns":2},{"damage":0,"enemies":"Writhing Mass","floor":39,"turns":1},{"damage":0,"enemies":"Transient","floor":40,"turns":1},{"damage":0,"enemies":"Nemesis","floor":42,"turns":1},{"damage":0,"enemies":"Giant Head","floor":47,"turns":1},{"damage":0,"enemies":"Sphere and 2 Shapes","floor":48,"turns":2},{"damage":0,"enemies":"Writhing Mass","floor":49,"turns":1},{"damage":0,"enemies":"WA_ARCHETYPE_DIVINITY","floor":50,"turns":1},{"damage":0,"enemies":"downfall:CharBossMerchant","floor":53,"turns":1},{"damage":0,"enemies":"downfall:NeowBoss","floor":56,"turns":6},{"damage":0,"enemies":"downfall:NeowBossFinal","floor":57,"turns":11}],"seed_played":"2841201672258243668","potions_obtained":[{"floor":4.0,"key":"Slimebound:ThreeZeroPotion"},{"floor":6.0,"key":"EntropicBrew"},{"floor":32,"key":"Block Potion"},{"floor":33,"key":"GamblersBrew"}],"is_trial":false,"path_per_floor":["R","M","$","M","M","E","T","?","R","E","M","R","M","?","M","B",null,"R","M","?","M","M","M","T","$","E","?","R","E","R","$","M","B",null,"R","M","M","?","M","M","T","E","$","?","?","$","E","M","M","B",null,null,"E","$","R","B","B",null],"character_chosen":"OPM","items_purchased":["Strange Spoon","expansioncontent:QuickStudy","Bag of Preparation","Do_Nothing"],"campfire_rested":1,"item_purchase_floors":[3,25,25,38],"current_hp_per_floor":[896,896,896,896,896,896,896,896,906,906,906,906,906,906,906,906,980,980,980,980,980,980,980,980,980,980,980,1005,1005,1005,1005,1005,1005,1005,1005,1005,1005,1005,1005,1005,1005,1005,1005,1005,1005,1005,1005,1005,1005,1005,1005,1005,1005,1005,1005,1005,1005],"gold":90,"neow_bonus":"RANDOM_COMMON_RELIC","is_daily":false,"chose_seed":false,"campfire_upgraded":6,"win_rate":0.0,"timestamp":1613223549,"path_taken":["R","M","$","M","M","E","T","?","R","E","M","R","M","?","M","BOSS","R","?","?","M","M","M","T","$","E","?","R","E","R","$","M","BOSS","R","M","M","?","M","M","T","E","$","?","?","$","E","M","M","BOSS","E","$","R","BOSS","BOSS"],"items_purchased_type":["Relic","Card","Relic","Card"],"build_version":"2020-12-22","purchased_purges":4,"victory":true,"max_hp_per_floor":[995,995,995,995,995,995,995,995,1005,1005,1005,1005,1005,1005,1005,1005,1005,1005,1005,1005,1005,1005,1005,1005,1005,1005,1005,1005,1005,1005,1005,1005,1005,1005,1005,1005,1005,1005,1005,1005,1005,1005,1005,1005,1005,1005,1005,1005,1005,1005,1005,1005,1005,1005,1005,1005,1005],"card_choices":[{"not_picked":["Ignore","Yawn"],"picked":"Side_Hop","floor":2.0},{"not_picked":["Toss_Stone","Consecutive_Normal_Punch"],"picked":"Wear_Disguise","floor":3.0},{"not_picked":["Do_Nothing","Yawn","Normal_Punch"],"picked":"SKIP","floor":4.0},{"not_picked":["Hop","Toss_Stone","Side_Hop"],"picked":"SKIP","floor":5.0},{"not_picked":["Wear_Disguise","Slap","Get_Hopes_Up"],"picked":"SKIP","floor":6.0},{"not_picked":["Hop","Wear_Disguise","Do_Nothing"],"picked":"SKIP","floor":10.0},{"not_picked":["Toss_Stone","Consecutive_Normal_Punch","Slap"],"picked":"SKIP","floor":11.0},{"not_picked":["Ignore","Yawn","Slap"],"picked":"SKIP","floor":13.0},{"not_picked":["Wear_Disguise","Toss_Stone","Do_Nothing"],"picked":"SKIP","floor":15.0},{"not_picked":["Terrifying_Presence","Hip_Strike"],"picked":"Serious_Punch","floor":16.0},{"not_picked":["Yawn"],"picked":"SKIP","floor":19},{"not_picked":["Yawn"],"picked":"SKIP","floor":21},{"not_picked":["Hop"],"picked":"SKIP","floor":22},{"not_picked":["Toss_Stone"],"picked":"SKIP","floor":23},{"not_picked":["Get_Hopes_Up"],"picked":"SKIP","floor":26},{"not_picked":["Ignore"],"picked":"SKIP","floor":29},{"not_picked":["Slap"],"picked":"SKIP","floor":32},{"not_picked":["Do_Nothing"],"picked":"SKIP","floor":36},{"not_picked":["Ignore+1"],"picked":"SKIP","floor":37},{"not_picked":["Ignore+1"],"picked":"SKIP","floor":39},{"not_picked":["Slap"],"picked":"SKIP","floor":40},{"not_picked":["Normal_Punch"],"picked":"SKIP","floor":42},{"not_picked":["Hop+1"],"picked":"SKIP","floor":47},{"not_picked":["Do_Nothing+1"],"picked":"SKIP","floor":48},{"not_picked":["Normal_Punch"],"picked":"SKIP","floor":49},{"not_picked":["Side_Hop"],"picked":"SKIP","floor":53}],"player_experience":349896,"relics_obtained":[{"floor":2.0,"key":"LetterFromLob"},{"floor":6.0,"key":"Nunchaku"},{"floor":10.0,"key":"Boot"},{"floor":24,"key":"Bag of Marbles"},{"floor":26,"key":"MealTicket"},{"floor":29,"key":"Potion Belt"},{"floor":41,"key":"Ancient Tea Set"},{"floor":42,"key":"Toy Ornithopter"},{"floor":47,"key":"Incense Burner"},{"floor":53,"key":"Happy Flower"}],"event_choices":[{"cards_removed":["downfall:Icky"],"damage_healed":0,"gold_gain":0,"player_choice":"Elegance","damage_taken":0,"max_hp_gain":0,"max_hp_loss":0,"event_name":"Back to Basics","floor":20,"gold_loss":0},{"cards_removed":["Strike_Y"],"damage_healed":0,"gold_gain":0,"player_choice":"Removed Attack","damage_taken":0,"max_hp_gain":0,"max_hp_loss":0,"event_name":"Falling","floor":45,"gold_loss":0}],"is_beta":false,"boss_relics":[{"not_picked":["SlaversCollar","Runic Dome"],"picked":"Busted Crown"},{"not_picked":["bronze:MakeshiftBattery","Calling Bell"],"picked":"SacredBark"}],"items_purged_floors":[3,25,38,43],"is_endless":false,"potions_floor_spawned":[4,6,11,15,21,32,33,40,42,49,53],"ascension_level":0}}