{"host":"pf47v7h0307523iy","time":1613246452,"event":{"mods":["BaseMod","Minty Spire (QoL Compilation)","Relic Stats"],"gold_per_floor":[110,130,205,19,36,65,65,75,75,75,138,138,138,149,149,223,223,223,223,223,223,28,28,28,28,28,28,28,28,28,28,28,28,28,28,28,0,0,0,0,0,0,0,0,0,0,0,0,0,0,0,0],"floor_reached":51,"language":"ENG","playtime":7402,"items_purged":["Strike_G","Strike_G"],"score":1311,"play_id":"834e8689-427c-4525-8928-59c55ccf85f0","local_time":"20210213220052","is_ascension_mode":true,"campfire_choices":[{"floor":10.0,"key":"REST"},{"floor":12.0,"key":"REST"},{"data":"Footwork","floor":15.0,"key":"SMITH"},{"data":"Well Laid Plans","floor":23.0,"key":"SMITH"},{"data":"Neutralize","floor":25.0,"key":"SMITH"},{"floor":29.0,"key":"REST"},{"floor":32.0,"key":"REST"},{"data":"Footwork","floor":40.0,"key":"SMITH"},{"floor":46.0,"key":"RECALL"},{"data":"After Image","floor":49.0,"key":"SMITH"}],"circlet_count":0,"master_deck":["AscendersBane","Strike_G","Strike_G","Defend_G","Defend_G","Defend_G","Defend_G","Defend_G","Survivor","Neutralize+1","After Image+1","Well Laid Plans+1","Predator","Dash","Acrobatics","Dagger Throw","Dash","Bouncing Flask","Footwork+1","Venomology","Leg Sweep","Flash of Steel+1","PiercingWail+1","RitualDagger+1","Crippling Poison","Corpse Explosion","Footwork","Footwork+1","PiercingWail+1"],"relics":["Ring of the Snake","Snake Skull","Sundial","Tiny Chest","Matryoshka","Ectoplasm","Molten Egg 2","Bottled Flame","Ancient Tea Set","MealTicket","SacredBark","Mummified Hand","Red Mask","Pantograph","Omamori","Centennial Puzzle"],"acts_visited":["Exordium","TheCity","TheBeyond"],"potions_floor_usage":[51,51],"damage_taken":[{"damage":0.0,"enemies":"Jaw Worm","floor":1.0,"turns":6.0},{"damage":0.0,"enemies":"Cultist","floor":2.0,"turns":5.0},{"damage":2.0,"enemies":"Small Slimes","floor":5.0,"turns":3.0},{"damage":37.0,"enemies":"Gremlin Nob","floor":6.0,"turns":6.0},{"damage":0.0,"enemies":"Looter","floor":8.0,"turns":4.0},{"damage":20.0,"enemies":"Gremlin Nob","floor":11.0,"turns":5.0},{"damage":2.0,"enemies":"Gremlin Gang","floor":14.0,"turns":6.0},{"damage":26.0,"enemies":"Slime Boss","floor":16.0,"turns":19.0},{"damage":0.0,"enemies":"Chosen","floor":18.0,"turns":6.0},{"damage":4.0,"enemies":"3 Byrds","floor":19.0,"turns":11.0},{"damage":2.0,"enemies":"3 Cultists","floor":20.0,"turns":6.0},{"damage":17.0,"enemies":"Book of Stabbing","floor":24.0,"turns":7.0},{"damage":7.0,"enemies":"Snake Plant","floor":30.0,"turns":9.0},{"damage":16.0,"enemies":"Sentry and Sphere","floor":31.0,"turns":4.0},{"damage":31.0,"enemies":"Automaton","floor":33.0,"turns":15.0},{"damage":0.0,"enemies":"3 Darklings","floor":35.0,"turns":2.0},{"damage":3.0,"enemies":"Orb Walker","floor":38.0,"turns":6.0},{"damage":12.0,"enemies":"Giant Head","floor":41.0,"turns":13.0},{"damage":10.0,"enemies":"Jaw Worm Horde","floor":45.0,"turns":5.0},{"damage":5.0,"enemies":"Transient","floor":48.0,"turns":6.0},{"damage":52.0,"enemies":"Time Eater","floor":50.0,"turns":27.0},{"damage":44,"enemies":"Awakened One","floor":51,"turns":29}],"seed_played":"-8911247717423449049","potions_obtained":[{"floor":2.0,"key":"ColorlessPotion"},{"floor":8.0,"key":"SpeedPotion"},{"floor":11.0,"key":"SneckoOil"},{"floor":14.0,"key":"Regen Potion"},{"floor":16.0,"key":"Dexterity Potion"},{"floor":19.0,"key":"SpeedPotion"},{"floor":20.0,"key":"ColorlessPotion"},{"floor":30.0,"key":"Poison Potion"},{"floor":38.0,"key":"DistilledChaos"},{"floor":48.0,"key":"Fruit Juice"}],"is_trial":false,"path_per_floor":["M","M","?","$","M","E","T","M","T","R","?","R","?","M","R","B",null,"M","M","M","T","$","R","E","R","T","?","?","R","M","M","R","B",null,"M","T","?","M","$","R","E","?","T","$","M","R","T","M","R","B","B"],"character_chosen":"THE_SILENT","items_purchased":["Dash","Acrobatics","Flash of Steel+1"],"campfire_rested":4,"item_purchase_floors":[4,4,22],"current_hp_per_floor":[59,59,48,48,46,9,9,9,9,27,7,25,25,23,23,12,48,48,44,42,42,42,42,25,25,25,25,19,37,30,14,32,1,45,45,45,45,42,57,57,45,45,45,60,50,50,50,45,45,8,0,0],"gold":0,"neow_bonus":"THREE_RARE_CARDS","is_daily":false,"chose_seed":false,"campfire_upgraded":5,"win_rate":0.0,"timestamp":1613246452,"path_taken":["M","M","?","$","M","E","?","?","T","R","?","R","?","?","R","BOSS","M","M","M","?","$","R","E","R","T","?","?","R","?","M","R","BOSS","M","?","?","M","?","R","E","?","T","$","M","R","?","M","R","BOSS","BOSS"],"items_purchased_type":["Card","Card","Card"],"build_version":"2020-12-22","purchased_purges":2,"victory":false,"max_hp_per_floor":[60,60,60,60,60,60,60,60,60,60,60,60,60,60,60,60,60,60,60,60,60,60,60,60,60,60,60,60,60,60,60,60,60,60,60,60,60,60,60,60,60,60,60,60,60,60,60,60,60,60,70,70],"relic_stats":{"Centennial Puzzle":[9],"counters":[22,200],"Sundial":[30],"Mummified Hand":[39],"Pantograph":40,"Tiny Chest":3,"MealTicket":30,"Snake Skull":[109],"Ectoplasm":308,"obtain_stats":[{"SacredBark":34,"Snake Skull":6,"Omamori":43,"Ancient Tea Set":26,"Bottled Flame":24,"Centennial Puzzle":47,"Matryoshka":11,"Sundial":7,"Mummified Hand":36,"Pantograph":41,"Tiny Chest":9,"Molten Egg 2":21,"MealTicket":26,"Ectoplasm":17,"Red Mask":37,"Ring of the Snake":0},{"SacredBark":15,"Snake Skull":4,"Omamori":18,"Ancient Tea Set":12,"Bottled Flame":12,"Centennial Puzzle":19,"Matryoshka":6,"Sundial":4,"Mummified Hand":16,"Pantograph":18,"Tiny Chest":5,"Molten Egg 2":11,"MealTicket":12,"Ectoplasm":8,"Red Mask":16,"Ring of the Snake":0},{"SacredBark":112,"Snake Skull":20,"Omamori":133,"Ancient Tea Set":84,"Bottled Flame":84,"Centennial Puzzle":138,"Matryoshka":29,"Sundial":20,"Mummified Hand":114,"Pantograph":133,"Tiny Chest":24,"Molten Egg 2":77,"MealTicket":84,"Ectoplasm":54,"Red Mask":114,"Ring of the Snake":0}],"Ring of the Snake":[44]},"card_choices":[{"not_picked":["Envenom","Doppelganger"],"picked":"After Image","floor":0.0},{"not_picked":["Poisoned Stab","Dagger Throw"],"picked":"Well Laid Plans","floor":1.0},{"not_picked":["Slice","Prepared"],"picked":"Predator","floor":2.0},{"not_picked":["Poisoned Stab","Prepared"],"picked":"Dagger Throw","floor":5.0},{"not_picked":["Grand Finale","Reflex"],"picked":"Dash","floor":6.0},{"not_picked":["Endless Agony","Bane"],"picked":"Bouncing Flask","floor":8.0},{"not_picked":["Distraction","PiercingWail"],"picked":"Footwork","floor":11.0},{"not_picked":["Poisoned Stab","Cloak And Dagger","Accuracy"],"picked":"SKIP","floor":14.0},{"not_picked":["Phantasmal Killer","Unload"],"picked":"Venomology","floor":16.0},{"not_picked":["Accuracy","Dodge and Roll","Sucker Punch"],"picked":"SKIP","floor":18.0},{"not_picked":["Quick Slash","Backflip"],"picked":"Leg Sweep","floor":19.0},{"not_picked":["Eviscerate","Dodge and Roll","Terror"],"picked":"SKIP","floor":20.0},{"not_picked":["Tactician","Outmaneuver+1"],"picked":"PiercingWail+1","floor":24.0},{"not_picked":["Masterful Stab+1","Deadly Poison"],"picked":"Crippling Poison","floor":30.0},{"not_picked":["Dodge and Roll","Deflect","Endless Agony+1"],"picked":"SKIP","floor":31.0},{"not_picked":["Glass Knife+1","Doppelganger"],"picked":"Corpse Explosion","floor":33.0},{"not_picked":["All Out Attack+1","Blade Dance"],"picked":"Footwork","floor":35.0},{"not_picked":["Underhanded Strike+1","Flying Knee+1"],"picked":"Footwork","floor":38.0},{"not_picked":["Acrobatics","Poisoned Stab+1"],"picked":"PiercingWail+1","floor":41.0},{"not_picked":["Slice+1","Poisoned Stab+1","Bane+1"],"picked":"SKIP","floor":45.0},{"not_picked":["Accuracy","Deadly Poison","Underhanded Strike+1"],"picked":"SKIP","floor":48.0}],"player_experience":1711012,"relics_obtained":[{"floor":6.0,"key":"Snake Skull"},{"floor":7.0,"key":"Sundial"},{"floor":9.0,"key":"Tiny Chest"},{"floor":11.0,"key":"Matryoshka"},{"floor":21.0,"key":"Molten Egg 2"},{"floor":24.0,"key":"Bottled Flame"},{"floor":26.0,"key":"Ancient Tea Set"},{"floor":26.0,"key":"MealTicket"},{"floor":36.0,"key":"Mummified Hand"},{"floor":41.0,"key":"Pantograph"},{"floor":43.0,"key":"Omamori"},{"floor":47.0,"key":"Centennial Puzzle"}],"event_choices":[{"damage_healed":0.0,"max_hp_gain":0.0,"max_hp_loss":0.0,"gold_gain":75.0,"event_name":"World of Goop","player_choice":"Gather Gold","floor":3.0,"gold_loss":0.0,"damage_taken":11.0},{"damage_healed":0.0,"max_hp_gain":0.0,"max_hp_loss":0.0,"gold_gain":0.0,"event_name":"Dead Adventurer","player_choice":"Searched \u00271\u0027 times","floor":11.0,"gold_loss":0.0,"damage_taken":0.0},{"damage_healed":0.0,"max_hp_gain":0.0,"max_hp_loss":0.0,"gold_gain":0.0,"event_name":"Match and Keep!","player_choice":"0 cards matched","floor":13.0,"gold_loss":0.0,"damage_taken":0.0,"cards_obtained":[]},{"damage_healed":0.0,"max_hp_gain":0.0,"max_hp_loss":0.0,"gold_gain":0.0,"event_name":"The Mausoleum","player_choice":"Ignored","floor":27.0,"gold_loss":0.0,"damage_taken":0.0},{"damage_healed":0.0,"max_hp_gain":0.0,"max_hp_loss":0.0,"gold_gain":0.0,"event_name":"Nest","player_choice":"Joined the Cult","floor":28.0,"gold_loss":0.0,"damage_taken":6.0,"cards_obtained":["RitualDagger"]},{"damage_healed":0.0,"max_hp_gain":0.0,"max_hp_loss":0.0,"gold_gain":0.0,"event_name":"Tomb of Lord Red Mask","player_choice":"Paid","floor":37.0,"gold_loss":28.0,"damage_taken":0.0,"relics_obtained":["Red Mask"]},{"cards_removed":["Strike_G"],"damage_healed":0.0,"max_hp_gain":0.0,"max_hp_loss":0.0,"gold_gain":0.0,"event_name":"Falling","player_choice":"Removed Attack","floor":42.0,"gold_loss":0.0,"damage_taken":0.0}],"is_beta":false,"boss_relics":[{"not_picked":["Calling Bell","Runic Dome"],"picked":"Ectoplasm"},{"not_picked":["Pandora\u0027s Box","Fusion Hammer"],"picked":"SacredBark"}],"items_purged_floors":[4,22],"is_endless":false,"potions_floor_spawned":[2,8,11,14,16,19,20,30,38,48],"killed_by":"Awakened One","ascension_level":20}}