{"host":"fne7yx97fnz7kq05","time":1613250450,"event":{"mods":["BaseMod","Colored Map","Colored Powertips","Highlight Path","Minty Spire (QoL Compilation)","Relic Stats","StSLib"],"gold_per_floor":[118,118,118,16,26,26,56,56,56,71,105,105,105,141,141,264,264,283,297,297,297,497,497,518,553,607,628,659,306,306,55,55,55,55],"floor_reached":33,"language":"ENG","playtime":2643,"items_purged":["Strike_B"],"score":493,"play_id":"05aece06-0c41-4819-821c-b3151561eb4f","local_time":"20210213150730","is_ascension_mode":true,"campfire_choices":[{"data":"Sweeping Beam","floor":6,"key":"SMITH"},{"data":"1","floor":8,"key":"LIFT"},{"data":"2","floor":15,"key":"LIFT"},{"data":"Fission","floor":23,"key":"SMITH"},{"data":"3","floor":30,"key":"LIFT"},{"data":"Discovery","floor":32,"key":"SMITH"}],"circlet_count":0,"master_deck":["Strike_B","Defend_B","Defend_B+1","Defend_B","Defend_B","Zap","Dualcast","Sunder+1","Sweeping Beam+1","Self Repair+1","Fission+1","Conserve Battery","Skim","Lockon","Seek","Chill+1","Barrage","Conserve Battery","Ghostly","Ghostly","Ghostly","Ghostly","Ghostly","Ball Lightning+1","Defragment","Loop+1","Go for the Eyes","Hologram","Ball Lightning+1","Discovery+1"],"relics":["Cracked Core","NeowsBlessing","Girya","HornCleat","Incense Burner","Golden Idol","Turnip","Nuclear Battery","Darkstone Periapt","MealTicket","Pen Nib","Membership Card","Shuriken","Molten Egg 2"],"acts_visited":["Exordium","TheCity"],"potions_floor_usage":[16,28,33],"damage_taken":[{"damage":0,"enemies":"Jaw Worm","floor":1,"turns":1},{"damage":0,"enemies":"Small Slimes","floor":5,"turns":1},{"damage":0,"enemies":"Lagavulin","floor":7,"turns":2},{"damage":0,"enemies":"Cultist","floor":10,"turns":2},{"damage":0,"enemies":"3 Sentries","floor":11,"turns":5},{"damage":8,"enemies":"Lagavulin","floor":14,"turns":7},{"damage":23,"enemies":"Slime Boss","floor":16,"turns":7},{"damage":0,"enemies":"3 Byrds","floor":18,"turns":7},{"damage":23,"enemies":"Shell Parasite","floor":19,"turns":7},{"damage":2,"enemies":"Centurion and Healer","floor":24,"turns":8},{"damage":0,"enemies":"Gremlin Leader","floor":25,"turns":6},{"damage":0,"enemies":"Cultist and Chosen","floor":27,"turns":6},{"damage":4,"enemies":"Book of Stabbing","floor":28,"turns":7},{"damage":83,"enemies":"Automaton","floor":33,"turns":12}],"seed_played":"-3284834450448029172","potions_obtained":[{"floor":1,"key":"Strength Potion"},{"floor":5,"key":"FearPotion"},{"floor":16,"key":"Block Potion"},{"floor":24,"key":"PowerPotion"}],"is_trial":false,"path_per_floor":["M","?","?","$","M","R","E","R","T","M","E","?","?","E","R","B",null,"M","M","?","?","?","R","M","E","T","M","E","$","R","$","R","B"],"character_chosen":"DEFECT","items_purchased":["Sweeping Beam","Explosive Potion","Membership Card","Shuriken","Go for the Eyes","Hologram","Molten Egg 2","FairyPotion","Ball Lightning+1","Discovery"],"campfire_rested":0,"item_purchase_floors":[4,4,29,29,29,29,31,31,31,31],"current_hp_per_floor":[75,75,68,68,68,68,75,75,75,75,75,57,42,44,44,31,64,74,61,61,37,37,37,37,37,37,37,37,37,37,37,37,0,0],"gold":55,"neow_bonus":"THREE_ENEMY_KILL","is_daily":false,"chose_seed":false,"campfire_upgraded":3,"win_rate":0.0,"timestamp":1613250450,"path_taken":["M","?","?","$","M","R","E","R","T","?","E","?","?","E","R","BOSS","M","M","?","?","?","R","?","E","T","M","E","$","R","?","R","BOSS"],"items_purchased_type":["Card","Potion","Relic","Relic","Card","Card","Relic","Potion","Card","Card"],"build_version":"2020-12-22","purchased_purges":1,"victory":false,"max_hp_per_floor":[75,75,75,75,75,75,75,75,75,75,75,75,75,75,75,75,75,75,75,75,37,37,37,37,37,37,37,37,37,37,37,37,37,37],"relic_stats":{"Darkstone Periapt":0,"counters":[14,78],"Golden Idol":60,"Shuriken":[0],"MealTicket":0,"Turnip":[8],"Pen Nib":[1],"obtain_stats":[{"Darkstone Periapt":25,"Girya":7,"NeowsBlessing":0,"Golden Idol":12,"Pen Nib":28,"Incense Burner":11,"Nuclear Battery":17,"HornCleat":9,"Shuriken":29,"MealTicket":26,"Molten Egg 2":31,"Turnip":14,"Membership Card":29,"Cracked Core":0},{"Darkstone Periapt":11,"Girya":3,"NeowsBlessing":0,"Golden Idol":5,"Pen Nib":13,"Incense Burner":5,"Nuclear Battery":7,"HornCleat":3,"Shuriken":13,"MealTicket":11,"Molten Egg 2":13,"Turnip":6,"Membership Card":13,"Cracked Core":0},{"Darkstone Periapt":53,"Girya":4,"NeowsBlessing":0,"Golden Idol":11,"Pen Nib":66,"Incense Burner":11,"Nuclear Battery":25,"HornCleat":4,"Shuriken":66,"MealTicket":53,"Molten Egg 2":66,"Turnip":18,"Membership Card":66,"Cracked Core":0}]},"card_choices":[{"not_picked":["Scrape","Sweeping Beam"],"picked":"Sunder","floor":1},{"not_picked":["Darkness","Streamline"],"picked":"Self Repair","floor":5},{"not_picked":["Heatsinks","Steam"],"picked":"Fission","floor":7},{"not_picked":["Streamline","Leap"],"picked":"Conserve Battery","floor":10},{"not_picked":["Rebound","Aggregate"],"picked":"Skim","floor":11},{"not_picked":["Go for the Eyes","Cold Snap"],"picked":"Lockon","floor":14},{"not_picked":["Amplify","Meteor Strike"],"picked":"Seek","floor":16},{"not_picked":["Hologram","Sweeping Beam","Heatsinks+1"],"picked":"SKIP","floor":18},{"not_picked":["Turbo+1","Chaos"],"picked":"Chill+1","floor":19},{"not_picked":["FTL","White Noise"],"picked":"Ball Lightning+1","floor":24},{"not_picked":["White Noise","Steam","Rip and Tear"],"picked":"SKIP","floor":25},{"not_picked":["Reinforced Body","Tempest"],"picked":"Defragment","floor":27},{"not_picked":["Rebound","Barrage"],"picked":"Loop+1","floor":28}],"player_experience":256815,"relics_obtained":[{"floor":7,"key":"Girya"},{"floor":9,"key":"HornCleat"},{"floor":11,"key":"Incense Burner"},{"floor":14,"key":"Turnip"},{"floor":25,"key":"Darkstone Periapt"},{"floor":26,"key":"MealTicket"},{"floor":28,"key":"Pen Nib"}],"event_choices":[{"damage_healed":0,"gold_gain":0,"player_choice":"Grow","damage_taken":0,"max_hp_gain":0,"max_hp_loss":0,"event_name":"Living Wall","floor":2,"gold_loss":0,"cards_upgraded":["Sunder"]},{"damage_healed":0,"gold_gain":0,"player_choice":"Damaged","damage_taken":7,"max_hp_gain":0,"max_hp_loss":0,"event_name":"Wheel of Change","floor":3,"gold_loss":0},{"damage_healed":0,"gold_gain":0,"player_choice":"Take Damage","damage_taken":18,"relics_obtained":["Golden Idol"],"max_hp_gain":0,"max_hp_loss":0,"event_name":"Golden Idol","floor":12,"gold_loss":0},{"damage_healed":0,"gold_gain":0,"player_choice":"Entered Light","damage_taken":15,"max_hp_gain":0,"max_hp_loss":0,"event_name":"Shining Light","floor":13,"gold_loss":0,"cards_upgraded":["Defend_B","Self Repair"]},{"damage_healed":0,"gold_gain":0,"cards_transformed":["Strike_B","Strike_B"],"player_choice":"Became Test Subject","damage_taken":0,"max_hp_gain":0,"max_hp_loss":0,"event_name":"Drug Dealer","floor":20,"gold_loss":0,"cards_obtained":["Barrage","Conserve Battery"]},{"damage_healed":0,"gold_gain":0,"player_choice":"Became a Ghost","damage_taken":0,"max_hp_gain":0,"max_hp_loss":38,"event_name":"Ghosts","floor":21,"gold_loss":0,"cards_obtained":["Ghostly","Ghostly","Ghostly","Ghostly","Ghostly"]},{"damage_healed":0,"gold_gain":200,"player_choice":"Gold","damage_taken":0,"max_hp_gain":0,"max_hp_loss":0,"event_name":"Wheel of Change","floor":22,"gold_loss":0}],"is_beta":false,"boss_relics":[{"not_picked":["Runic Dome","Cursed Key"],"picked":"Nuclear Battery"}],"items_purged_floors":[29],"is_endless":false,"potions_floor_spawned":[1,5,16,24,25,27],"killed_by":"Automaton","ascension_level":5}}