{"host":"p0hktren06injwdf","time":1613196428,"event":{"mods":["AchievementEnabler","BaseMod","Colored Map","DeckTracker","Minty Spire (QoL Compilation)","Permanent Neow","StSLib","SuperFastMode"],"gold_per_floor":[217,142,156,166,178,208,208,208,208,31,31,45,71,18,18,97,97,114,114,114,124,41,41,70,70,70,104,104,117,129,141,141,220,220,237,248,273,273,283,283,283,295,318,352,364,154,170,183,183,183,183],"floor_reached":52,"language":"KOR","playtime":1261,"items_purged":["Defend_P","Strike_P","Defend_P+1"],"score":2178,"play_id":"85ac7bd0-924f-4bac-a60c-93e433cacd77","local_time":"20210213150708","is_ascension_mode":true,"campfire_choices":[{"data":"Eruption","floor":7.0,"key":"SMITH"},{"data":"Adaptation","floor":15.0,"key":"SMITH"},{"data":"Scrawl","floor":23.0,"key":"SMITH"},{"data":"Halt","floor":28.0,"key":"SMITH"},{"data":"EmptyFist","floor":32.0,"key":"SMITH"},{"floor":41.0,"key":"REST"},{"floor":49.0,"key":"REST"}],"circlet_count":0,"master_deck":["AscendersBane","Strike_P+1","Strike_P+1","Defend_P","Defend_P+1","Eruption+1","Vigilance+1","Consecrate+1","Adaptation+1","FearNoEvil+1","LessonLearned+1","Adaptation+1","WheelKick+1","Halt+1","EmptyFist+1","Scrawl+1","MentalFortress+1","InnerPeace+1","Tantrum+1"],"relics":["HolyWater","MealTicket","Tiny Chest","HornCleat","MutagenicStrength","Toxic Egg 2","Oddly Smooth Stone","Bag of Preparation","VioletLotus","GoldenEye","Singing Bowl","Bronze Scales","Whetstone"],"acts_visited":["Exordium","TheCity","TheBeyond"],"potions_floor_usage":[],"damage_taken":[{"damage":7.0,"enemies":"Small Slimes","floor":1.0,"turns":5.0},{"damage":7.0,"enemies":"2 Louse","floor":3.0,"turns":3.0},{"damage":0.0,"enemies":"Cultist","floor":4.0,"turns":3.0},{"damage":9.0,"enemies":"3 Louse","floor":5.0,"turns":4.0},{"damage":15.0,"enemies":"Lagavulin","floor":6.0,"turns":3.0},{"damage":11.0,"enemies":"Looter","floor":12.0,"turns":2.0},{"damage":10.0,"enemies":"Gremlin Nob","floor":13.0,"turns":3.0},{"damage":28.0,"enemies":"The Guardian","floor":16.0,"turns":9.0},{"damage":0.0,"enemies":"Chosen","floor":18.0,"turns":3.0},{"damage":6.0,"enemies":"2 Thieves","floor":21.0,"turns":4.0},{"damage":0.0,"enemies":"Slavers","floor":24.0,"turns":3.0},{"damage":4.0,"enemies":"Book of Stabbing","floor":27.0,"turns":4.0},{"damage":0.0,"enemies":"Centurion and Healer","floor":29.0,"turns":2.0},{"damage":0.0,"enemies":"Snecko","floor":30.0,"turns":2.0},{"damage":0.0,"enemies":"Shelled Parasite and Fungi","floor":31.0,"turns":1.0},{"damage":0.0,"enemies":"Champ","floor":33.0,"turns":9.0},{"damage":0.0,"enemies":"3 Darklings","floor":35.0,"turns":1.0},{"damage":0.0,"enemies":"3 Shapes","floor":36.0,"turns":1.0},{"damage":16.0,"enemies":"Mind Bloom Boss Battle","floor":37.0,"turns":3.0},{"damage":0.0,"enemies":"Spire Growth","floor":39.0,"turns":1.0},{"damage":16.0,"enemies":"Nemesis","floor":40.0,"turns":6.0},{"damage":0.0,"enemies":"Sphere and 2 Shapes","floor":42.0,"turns":1.0},{"damage":12.0,"enemies":"Reptomancer","floor":44.0,"turns":4.0},{"damage":13.0,"enemies":"Maw","floor":45.0,"turns":5.0},{"damage":0.0,"enemies":"3 Darklings","floor":47.0,"turns":2.0},{"damage":2.0,"enemies":"Transient","floor":48.0,"turns":5.0},{"damage":0.0,"enemies":"Donu and Deca","floor":50.0,"turns":1.0},{"damage":71,"enemies":"Time Eater","floor":51,"turns":9}],"seed_played":"5523137307950755605","potions_obtained":[{"floor":1.0,"key":"Fruit Juice"},{"floor":5.0,"key":"BlessingOfTheForge"},{"floor":12.0,"key":"SmokeBomb"},{"floor":13.0,"key":"Block Potion"},{"floor":24.0,"key":"GamblersBrew"},{"floor":31.0,"key":"SkillPotion"},{"floor":33.0,"key":"SpeedPotion"},{"floor":45.0,"key":"BlessingOfTheForge"}],"is_trial":false,"path_per_floor":["M","$","M","M","M","E","R","?","T","$","?","M","E","$","R","B",null,"M","?","T","M","$","R","E","?","T","E","R","M","M","M","R","B",null,"M","M","?","T","M","E","R","M","T","E","M","$","M","M","R","B","B",null],"character_chosen":"WATCHER","items_purchased":["Adaptation","EmptyFist","MentalFortress","Tantrum"],"campfire_rested":2,"item_purchase_floors":[10,14,22,46],"current_hp_per_floor":[59,59,52,52,43,28,28,52,52,67,67,56,46,61,61,33,63,63,63,63,57,72,72,72,68,68,64,64,64,64,64,64,64,71,71,71,55,55,57,41,63,65,65,55,44,59,61,61,85,85,14],"gold":183,"neow_bonus":"HUNDRED_GOLD","is_daily":false,"chose_seed":false,"campfire_upgraded":5,"win_rate":0.0,"timestamp":1613196428,"path_taken":["M","$","M","M","M","E","R","?","T","$","?","M","E","?","R","BOSS","M","?","?","M","$","R","E","?","T","E","R","M","M","?","R","BOSS","M","M","?","?","M","E","R","M","T","E","M","$","M","?","R","BOSS","BOSS"],"items_purchased_type":["Card","Card","Card","Card"],"build_version":"2020-12-22","purchased_purges":3,"victory":true,"max_hp_per_floor":[73,73,73,73,73,73,73,73,73,73,73,73,73,73,73,73,73,73,73,73,73,73,73,73,73,73,73,73,73,73,73,73,73,73,73,73,73,73,75,75,75,77,77,79,81,81,83,85,85,85,85],"card_choices":[{"not_picked":["Pray","PathToVictory"],"picked":"Consecrate","floor":1.0},{"not_picked":["FlyingSleeves","PathToVictory"],"picked":"Adaptation","floor":3.0},{"not_picked":["EmptyBody","ThirdEye","Protect"],"picked":"SKIP","floor":4.0},{"not_picked":["Indignation","Nirvana"],"picked":"FearNoEvil","floor":5.0},{"not_picked":["JustLucky","Consecrate"],"picked":"LessonLearned","floor":6.0},{"not_picked":["FlyingSleeves","FlurryOfBlows"],"picked":"Halt","floor":12.0},{"not_picked":["WheelKick","ClearTheMind","Evaluate"],"picked":"SKIP","floor":13.0},{"not_picked":["Vault","Alpha"],"picked":"Scrawl","floor":16.0},{"not_picked":["FlyingSleeves","EmptyMind","WreathOfFlame"],"picked":"SKIP","floor":18.0},{"not_picked":["Protect+1","FlurryOfBlows","CutThroughFate"],"picked":"SKIP","floor":21.0},{"not_picked":["MasterReality","JustLucky","Fasting2"],"picked":"SKIP","floor":24.0},{"not_picked":["Halt+1","Vengeance+1","FollowUp"],"picked":"SKIP","floor":27.0},{"not_picked":["PathToVictory+1","CutThroughFate+1"],"picked":"InnerPeace+1","floor":29.0},{"not_picked":["Alpha+1","FearNoEvil","Halt+1"],"picked":"SKIP","floor":30.0},{"not_picked":["PathToVictory+1","Halt+1","CrushJoints"],"picked":"SKIP","floor":31.0},{"not_picked":["Halt+1","EmptyMind+1","Adaptation"],"picked":"SKIP","floor":35.0},{"not_picked":["Conclude","ReachHeaven","PathToVictory+1"],"picked":"SKIP","floor":36.0},{"not_picked":["Halt+1","Wallop","CarveReality"],"picked":"Singing Bowl","floor":39.0},{"not_picked":["Consecrate","EmptyFist","Halt+1"],"picked":"Singing Bowl","floor":42.0},{"not_picked":["EmptyFist+1","Alpha+1","InnerPeace+1"],"picked":"Singing Bowl","floor":44.0},{"not_picked":["Prostrate+1","WindmillStrike","Worship+1"],"picked":"Singing Bowl","floor":45.0},{"not_picked":["CutThroughFate","SashWhip","ClearTheMind+1"],"picked":"Singing Bowl","floor":47.0},{"not_picked":["LikeWater","ThirdEye+1","BowlingBash"],"picked":"Singing Bowl","floor":48.0}],"player_experience":1051136,"relics_obtained":[{"floor":6.0,"key":"MealTicket"},{"floor":9.0,"key":"Tiny Chest"},{"floor":13.0,"key":"HornCleat"},{"floor":20.0,"key":"Toxic Egg 2"},{"floor":24.0,"key":"Oddly Smooth Stone"},{"floor":27.0,"key":"Bag of Preparation"},{"floor":37.0,"key":"GoldenEye"},{"floor":38.0,"key":"Singing Bowl"},{"floor":43.0,"key":"Bronze Scales"},{"floor":44.0,"key":"Whetstone"}],"event_choices":[{"damage_healed":24.0,"max_hp_gain":0.0,"max_hp_loss":0.0,"gold_gain":0.0,"event_name":"Big Fish","player_choice":"Banana","floor":8.0,"gold_loss":0.0,"damage_taken":0.0},{"damage_healed":0.0,"max_hp_gain":0.0,"max_hp_loss":0.0,"gold_gain":0.0,"cards_transformed":["Strike_P"],"event_name":"Transmorgrifier","player_choice":"Transformed","floor":11.0,"gold_loss":0.0,"damage_taken":0.0,"cards_obtained":["WheelKick"]},{"damage_healed":0.0,"max_hp_gain":0.0,"max_hp_loss":0.0,"gold_gain":0.0,"event_name":"Drug Dealer","player_choice":"Inject Mutagens","floor":19.0,"gold_loss":0.0,"damage_taken":0.0,"relics_obtained":["MutagenicStrength"]},{"damage_healed":0.0,"max_hp_gain":0.0,"max_hp_loss":0.0,"gold_gain":0.0,"event_name":"The Woman in Blue","player_choice":"Bought 0 Potions","floor":25.0,"gold_loss":0.0,"damage_taken":0.0},{"damage_healed":0.0,"max_hp_gain":0.0,"max_hp_loss":0.0,"gold_gain":0.0,"event_name":"MindBloom","player_choice":"Fight","floor":37.0,"gold_loss":0.0,"damage_taken":0.0}],"is_beta":false,"boss_relics":[{"not_picked":["Busted Crown","Pandora\u0027s Box"],"picked":"HolyWater"},{"not_picked":["Black Star","Sozu"],"picked":"VioletLotus"}],"items_purged_floors":[2,10,46],"is_endless":false,"potions_floor_spawned":[1,5,12,13,21,24,31,33,39,40,45,47],"ascension_level":20}}