{"host":"6gwm7y0tp7acoxay","time":1613207906,"event":{"mods":["BaseMod","Colored Map","Keyboard Shortcuts","Minty Spire (QoL Compilation)","Quick Restart","StSLib","SuperFastMode","everything is the same but u backflip on backflip"],"gold_per_floor":[116,116,116,191,191,231,274,318,318,361,399,437,478,503,503,597,597,615,383,433,52,71,111,149,184,184,184,519,519,409,427,427,522,522,536,555,555,430,489,528,562,595,595,595,638,638,682,542,542,542,542,542,542,159,198,198],"floor_reached":57,"language":"KOR","playtime":2074,"items_purged":["FTL","Cold Snap","Ball Lightning","Self Repair"],"score":3598,"play_id":"b700012f-5c47-413e-955e-ba8982f440ea","local_time":"20210213181826","daily_mods":["SealedDeck","Heirloom","Flight"],"is_ascension_mode":true,"campfire_choices":[{"data":"Darkness","floor":15.0,"key":"SMITH"},{"data":"Recycle","floor":27.0,"key":"SMITH"},{"data":"Redo","floor":29.0,"key":"SMITH"},{"data":"Electrodynamics","floor":32.0,"key":"SMITH"},{"floor":44.0,"key":"RECALL"},{"floor":49.0,"key":"REST"},{"floor":53,"key":"REST"}],"circlet_count":0,"master_deck":["AscendersBane","Redo+1","Reinforced Body","Darkness+1","Doom and Gloom+1","Recycle+1","Conserve Battery","Go for the Eyes","BootSequence","Electrodynamics+1","Echo Form","Defragment+1","Turbo+1","Creative AI+1","Buffer+1","Heatsinks+1","Defragment+1","Echo Form+1","Panacea","Cold Snap"],"relics":["Cracked Core","Gambling Chip","Golden Idol","Meat on the Bone","Anchor","Boot","HornCleat","StrikeDummy","Pen Nib","Art of War","Pantograph","Inserter","Strawberry","Frozen Egg 2","PreservedInsect","InkBottle","Bag of Marbles","Old Coin","Fusion Hammer","Smiling Mask","Incense Burner","Darkstone Periapt","Letter Opener","Regal Pillow","Mango","Happy Flower","Orrery","Oddly Smooth Stone"],"acts_visited":["Exordium","TheCity","TheBeyond","TheEnding"],"potions_floor_usage":[56],"damage_taken":[{"damage":1.0,"enemies":"2 Louse","floor":1.0,"turns":2.0},{"damage":11.0,"enemies":"3 Sentries","floor":6.0,"turns":5.0},{"damage":0.0,"enemies":"Lagavulin","floor":7.0,"turns":5.0},{"damage":4.0,"enemies":"Gremlin Nob","floor":8.0,"turns":3.0},{"damage":4.0,"enemies":"3 Sentries","floor":10.0,"turns":6.0},{"damage":26.0,"enemies":"Lagavulin","floor":11.0,"turns":5.0},{"damage":0.0,"enemies":"3 Sentries","floor":12.0,"turns":3.0},{"damage":0.0,"enemies":"Gremlin Nob","floor":13.0,"turns":3.0},{"damage":0.0,"enemies":"Small Slimes","floor":14.0,"turns":2.0},{"damage":15.0,"enemies":"Hexaghost","floor":16.0,"turns":6.0},{"damage":0.0,"enemies":"3 Byrds","floor":18.0,"turns":2.0},{"damage":8.0,"enemies":"Spheric Guardian","floor":22.0,"turns":4.0},{"damage":46.0,"enemies":"Gremlin Leader","floor":23.0,"turns":8.0},{"damage":18.0,"enemies":"Book of Stabbing","floor":24.0,"turns":4.0},{"damage":26.0,"enemies":"Slavers","floor":25.0,"turns":3.0},{"damage":4.0,"enemies":"Book of Stabbing","floor":28.0,"turns":4.0},{"damage":0.0,"enemies":"3 Cultists","floor":31.0,"turns":4.0},{"damage":35.0,"enemies":"Collector","floor":33.0,"turns":8.0},{"damage":5.0,"enemies":"3 Darklings","floor":35.0,"turns":3.0},{"damage":0.0,"enemies":"3 Shapes","floor":36.0,"turns":4.0},{"damage":38.0,"enemies":"2 Orb Walkers","floor":39.0,"turns":4.0},{"damage":0.0,"enemies":"Giant Head","floor":40.0,"turns":6.0},{"damage":10.0,"enemies":"Reptomancer","floor":41.0,"turns":4.0},{"damage":26.0,"enemies":"Nemesis","floor":42.0,"turns":5.0},{"damage":0.0,"enemies":"Giant Head","floor":45.0,"turns":7.0},{"damage":0.0,"enemies":"Reptomancer","floor":47.0,"turns":5.0},{"damage":39.0,"enemies":"Donu and Deca","floor":50.0,"turns":5.0},{"damage":0,"enemies":"Time Eater","floor":51,"turns":6},{"damage":0,"enemies":"Shield and Spear","floor":55,"turns":5},{"damage":66,"enemies":"The Heart","floor":56,"turns":9}],"seed_played":"-2145670493828234384","potions_obtained":[{"floor":1.0,"key":"Weak Potion"},{"floor":8.0,"key":"Energy Potion"},{"floor":39.0,"key":"PowerPotion"}],"is_trial":true,"path_per_floor":["M","?","?","?","?","E","E","E","T","E","E","E","E","M","R","B",null,"M","$","?","$","M","E","E","E","T","R","E","R","?","M","R","B",null,"M","M","?","$","?","E","E","E","T","R","E","?","E","$","R","B","B",null,"R","$","E","B",null],"character_chosen":"DEFECT","items_purchased":["Strawberry","Frozen Egg 2","Panacea","Happy Flower","Orrery","Cold Snap"],"campfire_rested":2,"item_purchase_floors":[19,21,48,54,54,54],"current_hp_per_floor":[63,63,68,57,57,46,46,42,42,38,24,43,50,57,57,61,67,67,74,74,74,76,49,57,43,43,43,53,53,53,53,53,55,71,73,76,76,76,57,71,68,49,49,49,63,63,84,84,90,51,76,87,90,90,90,36],"gold":198,"neow_bonus":"","is_daily":false,"chose_seed":false,"campfire_upgraded":4,"win_rate":0.0,"timestamp":1613207906,"path_taken":["M","?","?","?","?","E","E","E","T","E","E","E","E","M","R","BOSS","M","$","?","$","?","E","E","E","T","R","E","R","?","?","R","BOSS","M","M","?","$","?","E","E","E","T","R","E","?","E","$","R","BOSS","BOSS","R","$","E","BOSS"],"items_purchased_type":["Relic","Relic","Card","Relic","Relic","Card"],"build_version":"2020-12-22","purchased_purges":4,"victory":true,"max_hp_per_floor":[71,71,76,76,69,69,69,69,69,69,69,69,69,69,69,69,69,69,76,76,76,76,76,76,76,76,76,76,76,76,76,76,76,76,76,76,76,76,76,76,76,76,76,76,76,76,90,90,90,90,90,90,90,90,90,90],"card_choices":[{"not_picked":["Leap","Cold Snap"],"picked":"Go for the Eyes","floor":1.0},{"not_picked":["Cold Snap","Compile Driver","Streamline"],"picked":"SKIP","floor":6.0},{"not_picked":["Streamline","Undo"],"picked":"BootSequence","floor":7.0},{"not_picked":["Gash","Redo","Leap"],"picked":"SKIP","floor":8.0},{"not_picked":["Chill","Steam Power"],"picked":"Electrodynamics","floor":10.0},{"not_picked":["Steam","Sweeping Beam"],"picked":"Self Repair","floor":11.0},{"not_picked":["Beam Cell","Blizzard","Scrape"],"picked":"SKIP","floor":12.0},{"not_picked":["Stack","Electrodynamics","Leap"],"picked":"SKIP","floor":13.0},{"not_picked":["Conserve Battery","Streamline","Ball Lightning"],"picked":"SKIP","floor":14.0},{"not_picked":["Rainbow","Buffer"],"picked":"Echo Form","floor":16.0},{"not_picked":["Hello World","Coolheaded","Barrage"],"picked":"SKIP","floor":18.0},{"not_picked":["Aggregate+1","Coolheaded"],"picked":"Defragment+1","floor":22.0},{"not_picked":["Leap","Compile Driver"],"picked":"Turbo+1","floor":23.0},{"not_picked":["Steam","Heatsinks+1","Cold Snap"],"picked":"SKIP","floor":24.0},{"not_picked":["Compile Driver","Gash"],"picked":"Creative AI+1","floor":25.0},{"not_picked":["Stack","Redo"],"picked":"Buffer+1","floor":28.0},{"not_picked":["Streamline","Conserve Battery","Barrage"],"picked":"SKIP","floor":31.0},{"not_picked":["Stack","Streamline"],"picked":"Heatsinks+1","floor":35.0},{"not_picked":["Steam","Hello World+1","Conserve Battery"],"picked":"SKIP","floor":36.0},{"not_picked":["Melter","Go for the Eyes","Ball Lightning"],"picked":"SKIP","floor":40.0},{"not_picked":["Leap","Stack","Genetic Algorithm"],"picked":"SKIP","floor":41.0},{"not_picked":["Doom and Gloom+1","Barrage","Melter+1"],"picked":"SKIP","floor":42.0},{"not_picked":["Leap","Stack","Reinforced Body"],"picked":"SKIP","floor":45.0},{"not_picked":["Blizzard","Chill"],"picked":"Echo Form+1","floor":47.0},{"not_picked":["Conserve Battery+1","Leap","Barrage"],"picked":"SKIP","floor":55}],"player_experience":4536033,"relics_obtained":[{"floor":6.0,"key":"Meat on the Bone"},{"floor":7.0,"key":"Anchor"},{"floor":8.0,"key":"Boot"},{"floor":9.0,"key":"HornCleat"},{"floor":10.0,"key":"StrikeDummy"},{"floor":11.0,"key":"Pen Nib"},{"floor":12.0,"key":"Art of War"},{"floor":13.0,"key":"Pantograph"},{"floor":23.0,"key":"PreservedInsect"},{"floor":24.0,"key":"InkBottle"},{"floor":25.0,"key":"Bag of Marbles"},{"floor":28.0,"key":"Old Coin"},{"floor":40.0,"key":"Smiling Mask"},{"floor":41.0,"key":"Incense Burner"},{"floor":42.0,"key":"Darkstone Periapt"},{"floor":43.0,"key":"Letter Opener"},{"floor":45.0,"key":"Regal Pillow"},{"floor":47.0,"key":"Mango"},{"floor":55,"key":"Oddly Smooth Stone"}],"event_choices":[{"damage_healed":0.0,"max_hp_gain":0.0,"max_hp_loss":0.0,"gold_gain":0.0,"event_name":"Liars Game","player_choice":"Ignored","floor":2.0,"gold_loss":0.0,"damage_taken":0.0},{"damage_healed":0.0,"max_hp_gain":5.0,"max_hp_loss":0.0,"gold_gain":0.0,"event_name":"Big Fish","player_choice":"Donut","floor":3.0,"gold_loss":0.0,"damage_taken":0.0},{"damage_healed":0.0,"max_hp_gain":0.0,"max_hp_loss":0.0,"gold_gain":75.0,"event_name":"World of Goop","player_choice":"Gather Gold","floor":4.0,"gold_loss":0.0,"damage_taken":11.0},{"damage_healed":0.0,"max_hp_gain":0.0,"max_hp_loss":7.0,"gold_gain":0.0,"event_name":"Golden Idol","player_choice":"Lose Max HP","floor":5.0,"gold_loss":0.0,"damage_taken":0.0,"relics_obtained":["Golden Idol"]},{"damage_healed":0.0,"max_hp_gain":0.0,"max_hp_loss":0.0,"gold_gain":100.0,"event_name":"The Joust","player_choice":"Bet on Murderer","floor":20.0,"gold_loss":50.0,"damage_taken":0.0},{"cards_removed":["Lockon"],"damage_healed":0.0,"max_hp_gain":0.0,"max_hp_loss":0.0,"gold_gain":0.0,"event_name":"Designer","player_choice":"Upgrade and Remove","floor":30.0,"gold_loss":110.0,"damage_taken":0.0,"cards_upgraded":["Doom and Gloom"]},{"damage_healed":0.0,"max_hp_gain":0.0,"max_hp_loss":0.0,"gold_gain":0.0,"event_name":"Tomb of Lord Red Mask","player_choice":"Ignored","floor":37.0,"gold_loss":0.0,"damage_taken":0.0},{"damage_healed":0.0,"max_hp_gain":0.0,"max_hp_loss":0.0,"gold_gain":0.0,"event_name":"Mysterious Sphere","player_choice":"Fight","floor":39.0,"gold_loss":0.0,"damage_taken":0.0},{"damage_healed":0.0,"max_hp_gain":0.0,"max_hp_loss":0.0,"gold_gain":0.0,"event_name":"Duplicator","player_choice":"Copied","floor":46.0,"gold_loss":0.0,"damage_taken":0.0,"cards_obtained":["Defragment"]}],"is_beta":false,"boss_relics":[{"not_picked":["SlaversCollar","Velvet Choker"],"picked":"Inserter"},{"not_picked":["Coffee Dripper","Sozu"],"picked":"Fusion Hammer"}],"items_purged_floors":[19,21,38,48],"is_endless":false,"potions_floor_spawned":[1,8,10,11,13,22,23,31,39,40,42,47,55],"ascension_level":20}}