{"host":"8f5cu9y0fpol72qs","time":1613247695,"event":{"mods":["AlwaysNeverKeys","BaseMod","Colored Map","Colored Powertips","Curses Come First","Highlight Path","Key Reminder","Minty Spire (QoL Compilation)","StSLib"],"gold_per_floor":[111,131,131,142,159,192,192,267,267,192,24,52,52,81,81,152,152,167,177,177,204,204,233,233,233,233,262,262,177,196,221,221,221,221],"floor_reached":33,"language":"ENG","playtime":4375,"items_purged":[],"score":720,"play_id":"c5b92c2c-9702-4a43-b632-95009af4ca32","local_time":"20210213122135","is_ascension_mode":true,"campfire_choices":[{"data":"BowlingBash","floor":7,"key":"SMITH"},{"floor":13,"key":"REST"},{"data":"LikeWater","floor":15,"key":"SMITH"},{"data":"Blasphemy","floor":24,"key":"SMITH"},{"data":"WaveOfTheHand","floor":28,"key":"SMITH"},{"floor":32,"key":"REST"}],"circlet_count":0,"master_deck":["AscendersBane","Strike_P","Strike_P","Defend_P","Defend_P","Defend_P","Eruption","Vigilance","InnerPeace","FlurryOfBlows","WaveOfTheHand+1","CarveReality","BowlingBash+1","Meditate","Blasphemy+1","LikeWater+1","Scrawl","ReachHeaven","RitualDagger","TalkToTheHand","DevaForm","Vengeance+1","Wish"],"relics":["PureWater","Akabeko","Omamori","Happy Flower","Letter Opener","Art of War","Sozu","Centennial Puzzle","Red Mask","Nunchaku","Eternal Feather","Blue Candle","Singing Bowl","Bag of Marbles"],"acts_visited":["Exordium","TheCity"],"potions_floor_usage":[16,23,25],"damage_taken":[{"damage":3.0,"enemies":"2 Louse","floor":1.0,"turns":3.0},{"damage":7.0,"enemies":"Jaw Worm","floor":2.0,"turns":4.0},{"damage":5.0,"enemies":"Small Slimes","floor":4.0,"turns":4.0},{"damage":2.0,"enemies":"3 Louse","floor":5.0,"turns":2.0},{"damage":12,"enemies":"Lagavulin","floor":6,"turns":4},{"damage":10,"enemies":"3 Sentries","floor":12,"turns":4},{"damage":15,"enemies":"Lagavulin","floor":14,"turns":5},{"damage":0,"enemies":"The Guardian","floor":16,"turns":12},{"damage":0,"enemies":"Chosen","floor":18,"turns":2},{"damage":9,"enemies":"Shell Parasite","floor":19,"turns":3},{"damage":15,"enemies":"Masked Bandits","floor":21,"turns":4},{"damage":3,"enemies":"Book of Stabbing","floor":23,"turns":3},{"damage":0,"enemies":"Gremlin Leader","floor":25,"turns":2},{"damage":13,"enemies":"Book of Stabbing","floor":27,"turns":5},{"damage":5,"enemies":"Snake Plant","floor":30,"turns":2},{"damage":14,"enemies":"Gremlin Leader","floor":31,"turns":5},{"damage":48,"enemies":"Automaton","floor":33,"turns":6}],"seed_played":"-1857821799848030149","potions_obtained":[{"floor":2.0,"key":"SteroidPotion"},{"floor":4.0,"key":"LiquidMemories"},{"floor":5,"key":"SmokeBomb"},{"floor":16,"key":"Regen Potion"}],"is_trial":false,"path_per_floor":["M","M","?","M","M","E","R","?","T","?","$","E","R","E","R","B",null,"M","M","?","?","?","E","R","E","T","E","R","?","M","E","R","B"],"character_chosen":"WATCHER","items_purchased":["Happy Flower"],"campfire_rested":2,"item_purchase_floors":[11],"current_hp_per_floor":[58,51,51,46,44,32,32,21,21,21,21,11,31,16,16,16,55,55,46,46,31,25,31,31,31,31,18,30,30,25,11,43,0,0],"gold":221,"neow_bonus":"REMOVE_CARD","is_daily":false,"chose_seed":false,"campfire_upgraded":4,"win_rate":0.0,"timestamp":1613247695,"path_taken":["M","M","?","M","M","E","R","?","T","?","$","E","R","E","R","BOSS","M","M","?","?","?","E","R","E","T","E","R","?","M","E","R","BOSS"],"items_purchased_type":["Relic"],"build_version":"2020-12-22","purchased_purges":0,"victory":false,"max_hp_per_floor":[68,68,68,68,68,68,68,68,68,68,68,68,68,68,68,68,68,68,68,68,68,68,68,68,68,68,68,68,68,68,68,68,68,68],"card_choices":[{"not_picked":["Prostrate","Fasting2"],"picked":"InnerPeace","floor":1.0},{"not_picked":["WaveOfTheHand","EmptyMind"],"picked":"FlurryOfBlows","floor":2.0},{"not_picked":["ClearTheMind","FlyingSleeves"],"picked":"CarveReality","floor":4.0},{"not_picked":["Prostrate","JustLucky"],"picked":"BowlingBash","floor":5},{"not_picked":["EmptyFist","EmptyMind"],"picked":"Meditate","floor":6},{"not_picked":["BowlingBash","LikeWater"],"picked":"Blasphemy","floor":12},{"not_picked":["FollowUp","CutThroughFate"],"picked":"LikeWater","floor":14},{"not_picked":["Blasphemy","DevaForm"],"picked":"Scrawl","floor":16},{"not_picked":["WaveOfTheHand","BowlingBash+1"],"picked":"ReachHeaven","floor":18},{"not_picked":["Crescendo","WaveOfTheHand+1","BowlingBash"],"picked":"SKIP","floor":19},{"not_picked":["SpiritShield","FlyingSleeves"],"picked":"TalkToTheHand","floor":23},{"not_picked":["FlyingSleeves","EmptyBody"],"picked":"DevaForm","floor":27},{"not_picked":["CarveReality","PathToVictory"],"picked":"Vengeance+1","floor":30},{"not_picked":["CutThroughFate","Vengeance"],"picked":"Wish","floor":31}],"player_experience":1067344,"relics_obtained":[{"floor":6,"key":"Akabeko"},{"floor":9,"key":"Omamori"},{"floor":12,"key":"Letter Opener"},{"floor":14,"key":"Art of War"},{"floor":21,"key":"Red Mask"},{"floor":23,"key":"Nunchaku"},{"floor":26,"key":"Eternal Feather"},{"floor":27,"key":"Blue Candle"},{"floor":31,"key":"Bag of Marbles"}],"event_choices":[{"damage_healed":0.0,"max_hp_gain":0.0,"max_hp_loss":0.0,"gold_gain":0.0,"cards_transformed":["Strike_P"],"event_name":"Living Wall","player_choice":"Change","floor":3.0,"gold_loss":0.0,"damage_taken":0.0,"cards_obtained":["WaveOfTheHand"]},{"damage_healed":0,"gold_gain":75,"player_choice":"Gather Gold","damage_taken":11,"max_hp_gain":0,"max_hp_loss":0,"event_name":"World of Goop","floor":8,"gold_loss":0},{"cards_removed":["Strike_P"],"damage_healed":0,"gold_gain":0,"player_choice":"Card Removal","damage_taken":0,"max_hp_gain":0,"max_hp_loss":0,"event_name":"The Cleric","floor":10,"gold_loss":75},{"damage_healed":0,"gold_gain":0,"player_choice":"Opened","damage_taken":0,"relics_obtained":["Centennial Puzzle"],"max_hp_gain":0,"max_hp_loss":0,"event_name":"The Mausoleum","floor":20,"gold_loss":0,"cards_obtained":["Writhe"]},{"damage_healed":0,"gold_gain":0,"player_choice":"Fought Bandits","damage_taken":0,"max_hp_gain":0,"max_hp_loss":0,"event_name":"Masked Bandits","floor":21,"gold_loss":0},{"damage_healed":0,"gold_gain":0,"player_choice":"Joined the Cult","damage_taken":6,"max_hp_gain":0,"max_hp_loss":0,"event_name":"Nest","floor":22,"gold_loss":0,"cards_obtained":["RitualDagger"]},{"damage_healed":0,"gold_gain":0,"player_choice":"Obtained Relic","damage_taken":0,"relics_obtained":["Singing Bowl"],"max_hp_gain":0,"max_hp_loss":0,"event_name":"Addict","floor":29,"gold_loss":85}],"is_beta":false,"boss_relics":[{"not_picked":["Ectoplasm","Philosopher\u0027s Stone"],"picked":"Sozu"}],"items_purged_floors":[],"is_endless":false,"potions_floor_spawned":[2,4,5,16,19,23,30,31],"killed_by":"Automaton","ascension_level":17}}