{"host":"cjhtzh7tp54jdfyv","time":1613253688,"event":{"mods":["AchievementEnabler","BaseMod","Colored Map","Colored Powertips","Curses Come First","DeckTracker","Minty Spire (QoL Compilation)","RNG Fix","Relic Sorter","Relic Stats","StSLib","UnlockEverythingMod","ojb\u0027s Better Paths Mod","ojb\u0027s Info Mod"],"gold_per_floor":[210,210,221,54,74,74,107,107,153,185,185,185,215,243,243,314,314,328,346,346,346,373,408,423,451,476,476,495,529,629,629,629,708,708,722,736,20,32,86,120,135,163,163,163,178,178,178,208,208,208,208,208,208,41,73,73,73],"floor_reached":56,"language":"ENG","playtime":3969,"items_purged":["Writhe"],"score":2243,"play_id":"3512568f-48cb-4d16-8146-9547bfafa8f7","local_time":"20210213170128","is_ascension_mode":true,"campfire_choices":[{"data":"Whirlwind","floor":6.0,"key":"SMITH"},{"data":"Feed","floor":8.0,"key":"SMITH"},{"data":"Dual Wield","floor":12.0,"key":"SMITH"},{"data":"Bloodletting","floor":15.0,"key":"SMITH"},{"data":"Rupture","floor":27.0,"key":"SMITH"},{"data":"Offering","floor":32,"key":"SMITH"},{"floor":44,"key":"RECALL"},{"data":"1","floor":46,"key":"LIFT"},{"data":"2","floor":49,"key":"LIFT"},{"data":"3","floor":53,"key":"LIFT"}],"circlet_count":0,"master_deck":["AscendersBane","Strike_R+1","Strike_R+1","Strike_R+1","Strike_R+1","Strike_R+1","Defend_R+1","Defend_R+1","Defend_R+1","Bash+1","Whirlwind+1","Feed+1","Anger+1","Dual Wield+1","Bloodletting+1","Offering+1","Shrug It Off","Exhume","Rupture+1","Offering","Headbutt+1","Barricade","Disarm+1","Master of Strategy","Intimidate+1","Brutality","Hemokinesis+1","Flex+1","Dark Embrace+1","Limit Break","Dark Embrace+1","Impervious"],"relics":["Black Blood","Chemical X","Question Card","Oddly Smooth Stone","Bird Faced Urn","Calipers","Odd Mushroom","MutagenicStrength","Eternal Feather","Letter Opener","Whetstone","Vajra","Champion Belt","Singing Bowl","Gremlin Horn","SlaversCollar","Medical Kit","Pantograph","Girya","Pear","Frozen Egg 2","Ginger","Strawberry","Mango"],"acts_visited":["Exordium","TheCity","TheBeyond","TheEnding"],"potions_floor_usage":[29,30,42,56,56],"damage_taken":[{"damage":6.0,"enemies":"Cultist","floor":1.0,"turns":3.0},{"damage":4.0,"enemies":"2 Louse","floor":3.0,"turns":3.0},{"damage":0.0,"enemies":"Small Slimes","floor":5.0,"turns":2.0},{"damage":10.0,"enemies":"3 Sentries","floor":7.0,"turns":5.0},{"damage":34.0,"enemies":"Lagavulin","floor":10.0,"turns":5.0},{"damage":4.0,"enemies":"3 Sentries","floor":13.0,"turns":3.0},{"damage":18.0,"enemies":"The Mushroom Lair","floor":14.0,"turns":2.0},{"damage":33.0,"enemies":"Slime Boss","floor":16.0,"turns":6.0},{"damage":14.0,"enemies":"Chosen","floor":18.0,"turns":4.0},{"damage":24.0,"enemies":"Spheric Guardian","floor":19.0,"turns":4.0},{"damage":33.0,"enemies":"Gremlin Leader","floor":23.0,"turns":6.0},{"damage":27.0,"enemies":"Chosen and Byrds","floor":24.0,"turns":5.0},{"damage":9.0,"enemies":"Book of Stabbing","floor":25.0,"turns":2.0},{"damage":15,"enemies":"Snake Plant","floor":28,"turns":3},{"damage":11,"enemies":"Slavers","floor":29,"turns":2},{"damage":18,"enemies":"Colosseum Slavers","floor":30,"turns":3},{"damage":36,"enemies":"Colosseum Nobs","floor":30,"turns":4},{"damage":46,"enemies":"Automaton","floor":33,"turns":5},{"damage":23,"enemies":"3 Darklings","floor":35,"turns":3},{"damage":12,"enemies":"3 Shapes","floor":36,"turns":3},{"damage":31,"enemies":"Transient","floor":38,"turns":6},{"damage":31,"enemies":"2 Orb Walkers","floor":39,"turns":3},{"damage":25,"enemies":"Giant Head","floor":40,"turns":3},{"damage":37,"enemies":"Writhing Mass","floor":41,"turns":5},{"damage":24,"enemies":"Nemesis","floor":42,"turns":11},{"damage":16,"enemies":"Sphere and 2 Shapes","floor":45,"turns":3},{"damage":6,"enemies":"Reptomancer","floor":48,"turns":2},{"damage":80,"enemies":"Awakened One","floor":50,"turns":7},{"damage":66,"enemies":"Donu and Deca","floor":51,"turns":4},{"damage":128,"enemies":"Shield and Spear","floor":55,"turns":5},{"damage":131,"enemies":"The Heart","floor":56,"turns":5}],"seed_played":"-7929561226666365359","potions_obtained":[{"floor":3.0,"key":"AttackPotion"},{"floor":5.0,"key":"Energy Potion"},{"floor":13.0,"key":"Regen Potion"},{"floor":16.0,"key":"Weak Potion"},{"floor":24.0,"key":"DistilledChaos"},{"floor":28,"key":"ColorlessPotion"},{"floor":29,"key":"BlessingOfTheForge"},{"floor":33,"key":"SkillPotion"},{"floor":35,"key":"Ancient Potion"},{"floor":41,"key":"Block Potion"},{"floor":48,"key":"PowerPotion"}],"is_trial":false,"path_per_floor":["M","?","M","$","M","R","E","R","T","E","?","R","E","?","R","B",null,"M","M","?","?","T","E","M","E","T","R","M","E","?","?","R","B",null,"M","M","$","M","?","E","M","E","T","R","M","R","?","E","R","B","B",null,"R","$","E","B"],"character_chosen":"IRONCLAD","items_purchased":["Chemical X","Medical Kit","Master of Strategy","Pantograph","Limit Break","Dark Embrace+1"],"campfire_rested":0,"item_purchase_floors":[4,37,37,37,54,54],"current_hp_per_floor":[68,68,73,73,81,81,80,80,80,56,30,30,36,28,28,16,76,78,66,66,66,66,49,34,41,41,50,53,64,52,52,64,32,104,101,109,109,92,77,82,65,63,63,78,84,99,99,116,131,100,87,159,174,174,90,0,0],"gold":73,"neow_bonus":"HUNDRED_GOLD","is_daily":false,"chose_seed":false,"campfire_upgraded":6,"win_rate":0.0,"timestamp":1613253688,"path_taken":["M","?","M","$","M","R","E","R","T","E","?","R","E","?","R","BOSS","M","?","?","?","?","E","M","E","T","R","?","E","?","?","R","BOSS","M","?","$","M","?","E","M","E","T","R","M","R","?","E","R","BOSS","BOSS","R","$","E","BOSS"],"items_purchased_type":["Relic","Relic","Card","Relic","Card","Card"],"build_version":"2020-12-22","purchased_purges":1,"victory":false,"max_hp_per_floor":[75,75,78,78,81,81,84,84,84,88,88,88,92,96,96,96,96,100,100,100,100,100,104,104,108,108,108,108,112,128,128,128,128,128,132,138,138,138,140,154,158,162,162,162,168,168,168,175,175,179,183,183,183,183,205,205,205],"relic_stats":{"Singing Bowl":6,"Gremlin Horn":[17,17],"counters":[31,127],"Black Blood":311,"Eternal Feather":81,"Letter Opener":[244],"Whetstone":["Anger","Bash"],"Ginger":[2],"Question Card":23,"Medical Kit":[19],"Bird Faced Urn":[92],"Pantograph":75,"Chemical X":[53],"Champion Belt":[29],"obtain_stats":[{"Calipers":13,"Singing Bowl":30,"Gremlin Horn":31,"Black Blood":17,"Vajra":29,"Mango":55,"Whetstone":26,"Ginger":43,"Burning Blood":0,"Pantograph":37,"Strawberry":48,"Chemical X":4,"Girya":39,"Pear":40,"Oddly Smooth Stone":9,"Eternal Feather":23,"Letter Opener":25,"Odd Mushroom":14,"Frozen Egg 2":42,"Question Card":7,"Medical Kit":37,"SlaversCollar":34,"Bird Faced Urn":10,"MutagenicStrength":20,"Champion Belt":30},{"Calipers":6,"Singing Bowl":17,"Gremlin Horn":17,"Black Blood":8,"Vajra":15,"Mango":30,"Whetstone":13,"Ginger":25,"Burning Blood":0,"Pantograph":20,"Strawberry":27,"Chemical X":2,"Girya":22,"Pear":23,"Oddly Smooth Stone":4,"Eternal Feather":11,"Letter Opener":13,"Odd Mushroom":7,"Frozen Egg 2":25,"Question Card":4,"Medical Kit":20,"SlaversCollar":18,"Bird Faced Urn":5,"MutagenicStrength":10,"Champion Belt":17},{"Calipers":21,"Singing Bowl":62,"Gremlin Horn":62,"Black Blood":29,"Vajra":55,"Mango":122,"Whetstone":50,"Ginger":101,"Burning Blood":0,"Pantograph":73,"Strawberry":106,"Chemical X":6,"Girya":82,"Pear":85,"Oddly Smooth Stone":13,"Eternal Feather":43,"Letter Opener":50,"Odd Mushroom":23,"Frozen Egg 2":101,"Question Card":13,"Medical Kit":73,"SlaversCollar":67,"Bird Faced Urn":18,"MutagenicStrength":37,"Champion Belt":62}]},"card_choices":[{"not_picked":["Warcry","Flex"],"picked":"Whirlwind","floor":1.0},{"not_picked":["Heavy Blade","Warcry","Flex"],"picked":"SKIP","floor":3.0},{"not_picked":["Havoc","Shrug It Off"],"picked":"Anger","floor":5.0},{"not_picked":["Intimidate","Pommel Strike","Cleave"],"picked":"SKIP","floor":7.0},{"not_picked":["Cleave","Perfected Strike","Wild Strike"],"picked":"Dual Wield","floor":10.0},{"not_picked":["Bludgeon","Ghostly Armor","Reckless Charge"],"picked":"Bloodletting","floor":13.0},{"not_picked":["Bludgeon","Juggernaut","Immolate"],"picked":"Offering","floor":16.0},{"not_picked":["Perfected Strike","Sever Soul","Warcry"],"picked":"Shrug It Off","floor":18.0},{"not_picked":["Flame Barrier","Armaments","Uppercut","True Grit"],"picked":"SKIP","floor":19.0},{"not_picked":["Rampage","Carnage","Havoc"],"picked":"Exhume","floor":23.0},{"not_picked":["Headbutt","Armaments","Body Slam+1","Dual Wield"],"picked":"SKIP","floor":24.0},{"not_picked":["Warcry","Body Slam","Havoc"],"picked":"Rupture","floor":25.0},{"not_picked":["Headbutt","Sentinel","Spot Weakness"],"picked":"Offering","floor":28},{"not_picked":["Twin Strike","Clothesline","Pummel"],"picked":"Headbutt+1","floor":29},{"not_picked":["Hemokinesis","Sever Soul","Disarm"],"picked":"Thunderclap","floor":30},{"not_picked":["Impervious","Fiend Fire","Feed"],"picked":"Barricade","floor":33},{"not_picked":["Thunderclap","Warcry","Shockwave"],"picked":"Disarm+1","floor":35},{"not_picked":["Thunderclap","Intimidate","Anger","Flex"],"picked":"Singing Bowl","floor":36},{"not_picked":["Headbutt","Battle Trance","Clash+1"],"picked":"Intimidate+1","floor":38},{"not_picked":["Blood for Blood","Cleave","Iron Wave","Clash"],"picked":"Singing Bowl","floor":39},{"not_picked":["Clash+1","Wild Strike","Twin Strike"],"picked":"Brutality","floor":40},{"not_picked":["Shockwave","Twin Strike","Clash"],"picked":"Hemokinesis+1","floor":41},{"not_picked":["Perfected Strike","Wild Strike+1","Iron Wave"],"picked":"Flex+1","floor":42},{"not_picked":["Flex","Heavy Blade","Bloodletting","Sever Soul"],"picked":"Singing Bowl","floor":45},{"not_picked":["Heavy Blade","Havoc","Infernal Blade"],"picked":"Dark Embrace+1","floor":48},{"not_picked":["Clash","Uppercut","Wild Strike+1"],"picked":"Impervious","floor":55}],"player_experience":4847043,"relics_obtained":[{"floor":7.0,"key":"Question Card"},{"floor":9.0,"key":"Oddly Smooth Stone"},{"floor":10.0,"key":"Bird Faced Urn"},{"floor":13.0,"key":"Calipers"},{"floor":14.0,"key":"Odd Mushroom"},{"floor":23.0,"key":"Eternal Feather"},{"floor":25.0,"key":"Letter Opener"},{"floor":26.0,"key":"Whetstone"},{"floor":29,"key":"Vajra"},{"floor":30,"key":"Champion Belt"},{"floor":30,"key":"Singing Bowl"},{"floor":39,"key":"Girya"},{"floor":40,"key":"Pear"},{"floor":42,"key":"Frozen Egg 2"},{"floor":43,"key":"Ginger"},{"floor":48,"key":"Strawberry"},{"floor":55,"key":"Mango"}],"event_choices":[{"damage_healed":0.0,"max_hp_gain":0.0,"max_hp_loss":0.0,"gold_gain":0.0,"cards_transformed":["Defend_R"],"event_name":"Living Wall","player_choice":"Change","floor":2.0,"gold_loss":0.0,"damage_taken":0.0,"cards_obtained":["Feed"]},{"damage_healed":0.0,"max_hp_gain":0.0,"max_hp_loss":0.0,"gold_gain":0.0,"event_name":"Shining Light","player_choice":"Entered Light","floor":11.0,"gold_loss":0.0,"damage_taken":26.0,"cards_upgraded":["Strike_R","Strike_R"]},{"damage_healed":0.0,"max_hp_gain":0.0,"max_hp_loss":0.0,"gold_gain":0.0,"event_name":"Mushrooms","player_choice":"Fought Mushrooms","floor":14.0,"gold_loss":0.0,"damage_taken":0.0},{"damage_healed":0.0,"max_hp_gain":0.0,"max_hp_loss":0.0,"gold_gain":0.0,"event_name":"Drug Dealer","player_choice":"Inject Mutagens","floor":20.0,"gold_loss":0.0,"damage_taken":0.0,"relics_obtained":["MutagenicStrength"]},{"damage_healed":0.0,"max_hp_gain":0.0,"max_hp_loss":0.0,"gold_gain":0.0,"event_name":"Back to Basics","player_choice":"Simplicity","floor":21.0,"gold_loss":0.0,"damage_taken":0.0,"cards_upgraded":["Strike_R","Strike_R","Strike_R","Defend_R","Defend_R","Defend_R"]},{"damage_healed":0,"gold_gain":0,"player_choice":"Fight","damage_taken":0,"max_hp_gain":0,"max_hp_loss":0,"event_name":"Colosseum","floor":30,"gold_loss":0},{"damage_healed":0,"gold_gain":0,"player_choice":"Fought Nobs","damage_taken":0,"max_hp_gain":0,"max_hp_loss":0,"event_name":"Colosseum","floor":30,"gold_loss":0},{"damage_healed":0,"gold_gain":0,"player_choice":"Opened","damage_taken":0,"relics_obtained":["Gremlin Horn"],"max_hp_gain":0,"max_hp_loss":0,"event_name":"The Mausoleum","floor":31,"gold_loss":0,"cards_obtained":["Writhe"]},{"damage_healed":0,"gold_gain":0,"player_choice":"Fight","damage_taken":0,"max_hp_gain":0,"max_hp_loss":0,"event_name":"Mysterious Sphere","floor":39,"gold_loss":0},{"cards_removed":["Thunderclap"],"damage_healed":0,"gold_gain":0,"player_choice":"Removed Attack","damage_taken":0,"max_hp_gain":0,"max_hp_loss":0,"event_name":"Falling","floor":47,"gold_loss":0}],"is_beta":false,"boss_relics":[{"not_picked":["Sozu","Ectoplasm"],"picked":"Black Blood"},{"not_picked":["Snecko Eye","Runic Cube"],"picked":"SlaversCollar"}],"items_purged_floors":[37],"is_endless":false,"potions_floor_spawned":[3,5,13,16,24,28,29,30,33,35,39,41,48],"killed_by":"The Heart","ascension_level":20}}