{"host":"lktusdb9orijgc6z","time":1613240274,"event":{"mods":["BaseMod","Bestiary","Colored Map","Colored Powertips","Filter the Spire","Minty Spire (QoL Compilation)","Permanent Neow","Quick Restart","Relic Stats","StSLib","everything is the same but u backflip on backflip","slay the spire mod where everything is the same but ironclad has a cowboy hat"],"gold_per_floor":[112,112,132,152,77,77,114,142,142,142,142],"floor_reached":10,"language":"ENG","playtime":318,"items_purged":[],"score":136,"play_id":"017b6db2-73d9-4cfc-9614-9924fdbceee6","local_time":"20210213191754","is_ascension_mode":true,"campfire_choices":[{"data":"Consume","floor":6,"key":"SMITH"}],"circlet_count":0,"master_deck":["AscendersBane","Strike_B","Strike_B","Strike_B","Defend_B","Defend_B","Defend_B","Zap","Dualcast","Leap","Consume+1","Streamline","Cold Snap","Tempest"],"relics":["Snecko Eye","CeramicFish","Ornamental Fan"],"acts_visited":["Exordium"],"potions_floor_usage":[7,8],"damage_taken":[{"damage":11,"enemies":"Small Slimes","floor":1,"turns":4},{"damage":0,"enemies":"2 Louse","floor":3,"turns":2},{"damage":3,"enemies":"Jaw Worm","floor":4,"turns":5},{"damage":33,"enemies":"3 Sentries","floor":7,"turns":7},{"damage":9,"enemies":"Exordium Thugs","floor":8,"turns":5},{"damage":14,"enemies":"Gremlin Nob","floor":10,"turns":2}],"seed_played":"-3126880059175603605","potions_obtained":[{"floor":1,"key":"Block Potion"},{"floor":4,"key":"EssenceOfSteel"}],"is_trial":false,"path_per_floor":["M","?","M","M","?","R","E","M","T","E"],"character_chosen":"DEFECT","items_purchased":[],"campfire_rested":0,"item_purchase_floors":[],"current_hp_per_floor":[53,46,46,43,43,43,10,1,1,0,0],"gold":142,"neow_bonus":"BOSS_RELIC","is_daily":false,"chose_seed":false,"campfire_upgraded":1,"win_rate":0.0,"timestamp":1613240274,"path_taken":["M","?","M","M","?","R","E","M","T","E"],"items_purchased_type":[],"build_version":"2020-12-22","purchased_purges":0,"victory":false,"max_hp_per_floor":[71,71,71,71,71,71,71,71,71,71,71],"relic_stats":{"counters":[6,25],"Ornamental Fan":[0],"CeramicFish":18,"Snecko Eye":[38,40,42,31],"obtain_stats":[{"Ornamental Fan":9,"CeramicFish":7,"Snecko Eye":0,"Cracked Core":0},{"Ornamental Fan":5,"CeramicFish":4,"Snecko Eye":0,"Cracked Core":0},{"Ornamental Fan":23,"CeramicFish":18,"Snecko Eye":0,"Cracked Core":0}]},"card_choices":[{"not_picked":["Double Energy","Stack"],"picked":"Leap","floor":1},{"not_picked":["Conserve Battery","Chill"],"picked":"Consume","floor":3},{"not_picked":["Coolheaded","Turbo"],"picked":"Streamline","floor":4},{"not_picked":["Steam","BootSequence"],"picked":"Cold Snap","floor":7},{"not_picked":["Stack","Double Energy"],"picked":"Tempest","floor":8}],"player_experience":787926,"relics_obtained":[{"floor":7,"key":"CeramicFish"},{"floor":9,"key":"Ornamental Fan"}],"event_choices":[{"cards_removed":["Strike_B"],"damage_healed":0,"gold_gain":0,"player_choice":"Card Removal","damage_taken":7,"max_hp_gain":0,"max_hp_loss":0,"event_name":"Golden Wing","floor":2,"gold_loss":0},{"cards_removed":["Defend_B"],"damage_healed":0,"gold_gain":0,"player_choice":"Card Removal","damage_taken":0,"max_hp_gain":0,"max_hp_loss":0,"event_name":"The Cleric","floor":5,"gold_loss":75}],"is_beta":false,"boss_relics":[],"items_purged_floors":[],"is_endless":false,"potions_floor_spawned":[1,4],"killed_by":"Gremlin Nob","ascension_level":20}}