{"host":"l7ku00cw7dmofayg","time":1613249564,"event":{"mods":["ATMod(°¢èªMod)","BaseMod","Dota2Spire","Marisa£¨ìFÓê¡¡Ä§ÀíÉ³£©","Minty Spire (QoL Compilation)","StSLib","The Invoker Mod"],"gold_per_floor":[112,37,55,67,83,108,108,167,190,190,209,14,41,86,86,214,214,226,226,242,58,108,169,212,219,219],"floor_reached":25,"language":"ZHS","playtime":1212,"items_purged":["Defend_MRS","Strike_MRS"],"score":399,"play_id":"d500120a-9acc-40ce-810f-26dbac3572d6","local_time":"20210214045244","is_ascension_mode":true,"campfire_choices":[{"data":"AT_OneInchPunch","floor":7,"key":"SMITH"},{"floor":15,"key":"REST"}],"circlet_count":0,"master_deck":["Strike_MRS","Strike_MRS","Strike_MRS","Defend_MRS","Defend_MRS","Defend_MRS","MasterSpark","UpSweep","AT_OneInchPunch+1","PulseMagic","Acceleration","IllusionStar","Acceleration","LuminesStrike","OortCloud","GalacticHalo","PropBag","GrandCross","EscapeVelocity+1","BlazeAway","DoubleSpark+1","DeepEcoloBomb","JA","Robbery"],"relics":["MiniHakkero","AT_ATBox","NeowsBlessing","Dota2Spire:ArcaneBoots","Dream Catcher","Orichalcum","Tiny Chest","Dota2Spire:HandOfMidas","SlaversCollar","Dota2Spire:PowerTreads","Blue Candle"],"acts_visited":["Exordium","TheCity"],"potions_floor_usage":[6,13,13,16,18,18,22,25,25],"damage_taken":[{"damage":0.0,"enemies":"Jaw Worm","floor":1.0,"turns":1.0},{"damage":0.0,"enemies":"2 Louse","floor":3.0,"turns":1.0},{"damage":0.0,"enemies":"Cultist","floor":4.0,"turns":1.0},{"damage":19.0,"enemies":"3 Louse","floor":5.0,"turns":3.0},{"damage":15,"enemies":"Gremlin Nob","floor":6,"turns":3},{"damage":20,"enemies":"3 Sentries","floor":8,"turns":5},{"damage":0,"enemies":"Exordium Thugs","floor":11,"turns":3},{"damage":0,"enemies":"Lagavulin","floor":13,"turns":5},{"damage":0,"enemies":"Red Slaver","floor":14,"turns":3},{"damage":20,"enemies":"Slime Boss","floor":16,"turns":6},{"damage":0,"enemies":"3 Byrds","floor":18,"turns":1},{"damage":9,"enemies":"Shell Parasite","floor":20,"turns":3},{"damage":9,"enemies":"Centurion and Healer","floor":22,"turns":5},{"damage":10,"enemies":"Slavers","floor":23,"turns":5},{"damage":19,"enemies":"Shelled Parasite and Fungi","floor":24,"turns":4},{"damage":6,"enemies":"Gremlin Leader","floor":25,"turns":3}],"seed_played":"-2300600371680370915","potions_obtained":[{"floor":1.0,"key":"ColorlessPotion"},{"floor":5.0,"key":"Swift Potion"},{"floor":8,"key":"EssenceOfSteel"},{"floor":13,"key":"AttackPotion"},{"floor":16,"key":"DistilledChaos"},{"floor":22,"key":"Ancient Potion"},{"floor":23,"key":"Swift Potion"}],"is_trial":false,"path_per_floor":["M","$","M","M","M","E","R","?","T","?","M","$","E","M","R","B",null,"M","?","M","$","M","E","M","E"],"character_chosen":"MARISA","items_purchased":["Tiny Chest","Dota2Spire:Clarity","DeepEcoloBomb","SkillPotion"],"campfire_rested":1,"item_purchase_floors":[12,12,21,21],"current_hp_per_floor":[68,68,68,68,49,34,34,14,14,14,14,14,14,14,36,16,60,60,60,51,51,42,32,13,7,7],"gold":219,"neow_bonus":"THREE_ENEMY_KILL","is_daily":false,"chose_seed":false,"campfire_upgraded":1,"win_rate":0.0,"timestamp":1613249564,"path_taken":["M","$","M","M","M","E","R","?","T","?","M","$","E","M","R","BOSS","M","?","M","$","M","E","M","E"],"items_purchased_type":["Relic","Potion","Card","Potion"],"build_version":"2020-12-22","purchased_purges":2,"victory":false,"max_hp_per_floor":[75,75,75,75,75,75,75,75,75,75,75,75,75,75,75,75,75,75,75,75,75,75,75,75,75,75],"card_choices":[{"not_picked":["6A","DoubleSpark"],"picked":"PulseMagic","floor":1.0},{"not_picked":["GravityBeat","SprinkleStarSeal"],"picked":"Acceleration","floor":3.0},{"not_picked":["6A","OpenUniverse"],"picked":"IllusionStar","floor":4.0},{"not_picked":["FinalSpark","WitchLeyline"],"picked":"Acceleration","floor":5.0},{"not_picked":["WitchLeyline","BigCrunch"],"picked":"LuminesStrike","floor":6},{"not_picked":["ChargeUpSpray","LuminesStrike"],"picked":"OortCloud","floor":8},{"not_picked":["IllusionStar","StarBarrage"],"picked":"GalacticHalo","floor":11},{"not_picked":["Orbital","ManaRampage"],"picked":"PropBag","floor":13},{"not_picked":["PowerUp","DC","EnergyRecoil"],"picked":"SKIP","floor":14},{"not_picked":["MeteoricShower","ChargeUpSpray"],"picked":"GrandCross","floor":15},{"not_picked":["SatelliteIllusion","StarDustReverie"],"picked":"EscapeVelocity","floor":16},{"not_picked":["MachineGunSpark","DC"],"picked":"BlazeAway","floor":18},{"not_picked":["Acceleration","LuminesStrike"],"picked":"DoubleSpark+1","floor":20},{"not_picked":["DC+1","Acceleration","OneTimeOff"],"picked":"SKIP","floor":22},{"not_picked":["SporeBomb","GrandCross+1"],"picked":"JA","floor":23},{"not_picked":["MilkyWay","WitchOfGreed"],"picked":"Robbery","floor":24}],"player_experience":38827,"relics_obtained":[{"floor":6,"key":"Dota2Spire:ArcaneBoots"},{"floor":8,"key":"Dream Catcher"},{"floor":9,"key":"Orichalcum"},{"floor":13,"key":"Dota2Spire:HandOfMidas"},{"floor":23,"key":"Dota2Spire:PowerTreads"}],"event_choices":[{"damage_healed":0,"gold_gain":30,"player_choice":"Searched \u00273\u0027 times","damage_taken":0,"max_hp_gain":0,"max_hp_loss":0,"event_name":"Dead Adventurer","floor":8,"gold_loss":0},{"damage_healed":0,"gold_gain":0,"player_choice":"Ignored","damage_taken":0,"max_hp_gain":0,"max_hp_loss":0,"event_name":"Shining Light","floor":10,"gold_loss":0},{"damage_healed":0,"gold_gain":0,"player_choice":"Forge","damage_taken":0,"max_hp_gain":0,"max_hp_loss":0,"event_name":"Accursed Blacksmith","floor":19,"gold_loss":0,"cards_upgraded":["EscapeVelocity"]}],"is_beta":false,"boss_relics":[{"not_picked":["Ectoplasm","Coffee Dripper"],"picked":"SlaversCollar"}],"items_purged_floors":[2,21],"is_endless":false,"potions_floor_spawned":[1,5,8,13,16,22,23],"killed_by":"Gremlin Leader","ascension_level":8}}