{"host":"awrw1gk2acwismlg","time":1613190490,"event":{"mods":["ATMod(°¢èªMod)","Aspiration","BaseMod","Bestiary","Challenge The Spire","Conspire","Downfall","Energized Spire","Hermit","Jedi Mod","Marked Mod","Minty Spire (QoL Compilation)","Morshu Shopkeeper","Morshu Shopkeeper - ENHANCED","Quarter Circle Forward PUNCH!","Reliquary","Remilia_Scarlet Moed£¨ÀÙÃ×ÀòÑÇ¡¤Ë¹¿¨À×ÌØ£©3.3.5","Replay The Spire","SIMod","Shop Mod","Small Relic Pack","StSLib","The Bug Knight","The Cursed","Warlord Emblem","Wide Potions","Yakumo Yukari mod","¡¾ÒÅÎï¿¨ÅÆ¡¿REMEMod","óô»ðÖ¸ÄÏ"],"gold_per_floor":[115,152,166,180,191,225,225,240,240,240,259,273,273,291,291,389,389,409,428,428,16,32,32,47,61,61,61,92,92,105,121,121,223,223,234,234,247,297,313,328,328,339,339,339,365,365,381,391,401,416,416,416,416],"floor_reached":52,"language":"ZHS","playtime":3458,"items_purged":["Defend_P"],"score":588,"play_id":"e4770846-0e45-4d21-a68f-dae2741b63e9","local_time":"20210213122810","is_ascension_mode":false,"campfire_choices":[{"data":"AT_FamilyPortrait","floor":7.0,"key":"SMITH"},{"data":"RemiliaMod:CDXSJ","floor":13.0,"key":"SMITH"},{"data":"ReachHeaven","floor":15.0,"key":"SMITH"},{"data":"Tantrum","floor":27.0,"key":"SMITH"},{"floor":29.0,"key":"REST"},{"floor":32.0,"key":"REST"},{"floor":46.0,"key":"REST"},{"floor":51,"key":"REST"}],"circlet_count":0,"master_deck":["Strike_P","Strike_P","Strike_P","Strike_P","Defend_P","Defend_P","Defend_P","Eruption+1","Vigilance","AT_FamilyPortrait+1","RemiliaMod:CDXSJ+1","FollowUp","WreathOfFlame+1","DeceiveReality+1","ReachHeaven+1","Replay:Hum+1","Crescendo+1","Replay:Vibes+1","Indignation+1","AT_MachinaRedman+1","Tantrum+1","Adaptation+1","TheCursedMod:Dregs","BattleHymn+1","Halt+1","Collect+1","ConjureBlade+1","Halt+1","FlyingSleeves+1","FlurryOfBlows+1","Adaptation","Parasite","Tantrum+1","Replay:Vibes+1","ConjureBlade+1"],"relics":["PureWater","REME_ComplimentaryCards","AT_ATBox","Toxic Egg 2","Replay:WaspNest","Lantern","reliquary:RedCape","MutagenicStrength","AT_SilvercatRing","GoldenEye","jedi:angrymask","Garlic","jedi:battlestandard","jedi:matchstick","jedi:shrinkray"],"acts_visited":["Exordium","TheCity","TheBeyond"],"potions_floor_usage":[49,49],"damage_taken":[{"damage":0.0,"enemies":"Cultist","floor":1.0,"turns":2.0},{"damage":0.0,"enemies":"Jaw Worm","floor":3.0,"turns":2.0},{"damage":0.0,"enemies":"2 Louse","floor":4.0,"turns":2.0},{"damage":6.0,"enemies":"Lots of Slimes","floor":5.0,"turns":4.0},{"damage":0.0,"enemies":"Gremlin Nob","floor":6.0,"turns":2.0},{"damage":1.0,"enemies":"3 Louse","floor":8.0,"turns":2.0},{"damage":0.0,"enemies":"Large Slime","floor":11.0,"turns":3.0},{"damage":5.0,"enemies":"Looter","floor":12.0,"turns":2.0},{"damage":14.0,"enemies":"Blue Slaver","floor":14.0,"turns":3.0},{"damage":10.0,"enemies":"Fading Forest","floor":16.0,"turns":11.0},{"damage":0.0,"enemies":"2 Thieves","floor":18.0,"turns":4.0},{"damage":0.0,"enemies":"Shell Parasite","floor":19.0,"turns":2.0},{"damage":0.0,"enemies":"Snake Plant","floor":22.0,"turns":1.0},{"damage":0.0,"enemies":"Chosen and Byrds","floor":24.0,"turns":2.0},{"damage":37.0,"enemies":"3 Cultists","floor":25.0,"turns":4.0},{"damage":29.0,"enemies":"Book of Stabbing","floor":28.0,"turns":3.0},{"damage":12.0,"enemies":"Snake Plant","floor":30.0,"turns":2.0},{"damage":14.0,"enemies":"Snecko","floor":31.0,"turns":4.0},{"damage":32.0,"enemies":"conspire:MysteriousRune","floor":33.0,"turns":4.0},{"damage":0.0,"enemies":"3 Shapes","floor":35.0,"turns":2.0},{"damage":0.0,"enemies":"Orb Walker","floor":37.0,"turns":1.0},{"damage":33.0,"enemies":"Mind Bloom Boss Battle","floor":38.0,"turns":3.0},{"damage":0.0,"enemies":"Jaw Worm Horde","floor":39.0,"turns":4.0},{"damage":32.0,"enemies":"Maw","floor":40.0,"turns":5.0},{"damage":0.0,"enemies":"Writhing Mass","floor":42.0,"turns":3.0},{"damage":6.0,"enemies":"Sphere and 2 Shapes","floor":47.0,"turns":3.0},{"damage":10.0,"enemies":"3 Darklings","floor":48.0,"turns":3.0},{"damage":0,"enemies":"Maw","floor":49,"turns":2},{"damage":0,"enemies":"Spire Growth","floor":50,"turns":2},{"damage":126,"enemies":"Time Eater","floor":52,"turns":5}],"seed_played":"59864830160683375","potions_obtained":[{"floor":1.0,"key":"Regen Potion"},{"floor":3.0,"key":"SteroidPotion"},{"floor":14.0,"key":"Block Potion"},{"floor":18.0,"key":"Regen Potion"},{"floor":28.0,"key":"Fire Potion"},{"floor":31.0,"key":"Fire Potion"},{"floor":38.0,"key":"Dexterity Potion"},{"floor":40.0,"key":"jedi:StrikingPotion"},{"floor":42.0,"key":"Adrenaline Potion"},{"floor":48.0,"key":"Strength Potion"}],"is_trial":false,"path_per_floor":["M","?","M","M","M","E","R","M","T","?","M","M","R","M","R","B",null,"M","M","?","$","M","?","M","M","T","R","E","R","M","M","R","B",null,"M","?","M","?","M","M","?","M","PTL","PTL","T","R","M","M","M","M","R","B"],"character_chosen":"WATCHER","items_purchased":["AT_SilvercatRing","StancePotion"],"campfire_rested":4,"item_purchase_floors":[21,21],"current_hp_per_floor":[72,72,72,72,72,72,72,72,72,72,72,67,67,65,65,72,72,72,72,72,72,72,72,72,35,35,35,27,48,36,34,55,23,72,72,72,72,39,39,19,19,31,31,31,31,52,46,36,48,48,69,0,0],"gold":416,"neow_bonus":"RANDOM_EVENT","is_daily":false,"chose_seed":false,"campfire_upgraded":4,"win_rate":0.0,"timestamp":1613190490,"path_taken":["M","?","M","M","M","E","R","M","T","?","M","M","R","M","R","BOSS","M","?","?","$","M","?","M","?","T","R","E","R","?","M","R","BOSS","M","?","M","?","M","M","?","M","PTL","PTL","T","R","M","M","M","?","R","BOSS"],"items_purchased_type":["Relic","Potion"],"build_version":"2020-12-22","purchased_purges":1,"victory":false,"max_hp_per_floor":[72,72,72,72,72,72,72,72,72,72,72,72,72,72,72,72,72,72,72,72,72,72,72,72,72,72,72,72,72,72,72,72,72,72,72,72,72,72,72,72,72,72,72,72,72,72,72,72,72,72,72,72,72],"card_choices":[{"not_picked":["Evaluate","REME_Repentance"],"picked":"FollowUp","floor":1.0},{"not_picked":["MarkedMod:PinPointDefense","Prostrate+1"],"picked":"WreathOfFlame+1","floor":2.0},{"not_picked":["MarkedMod:FirstStrike+1","Replay:AtTheReady+1","LikeWater"],"picked":"SKIP","floor":3.0},{"not_picked":["Sanctity+1","MarkedMod:Acupuncture"],"picked":"DeceiveReality+1","floor":4.0},{"not_picked":["EmptyMind+1","Replay:BluntJabs"],"picked":"ReachHeaven","floor":5.0},{"not_picked":["Evaluate+1","MarkedMod:FirstStrike+1"],"picked":"Replay:Hum+1","floor":6.0},{"not_picked":["FlurryOfBlows","MarkedMod:FirstStrike+1"],"picked":"Crescendo+1","floor":8.0},{"not_picked":["Replay:LoomingThreat","CrushJoints"],"picked":"Replay:Vibes+1","floor":11.0},{"not_picked":["Pray+1","ThirdEye+1","BowlingBash"],"picked":"SKIP","floor":12.0},{"not_picked":["Replay:DivineShield+1","REME_MusicOfDeath"],"picked":"Indignation+1","floor":14.0},{"not_picked":["Judgement+1","Establishment"],"picked":"AT_MachinaRedman+1","floor":16.0},{"not_picked":["Replay:BluntJabs","ClearTheMind+1","Replay:ManipulateFuture+1"],"picked":"SKIP","floor":18.0},{"not_picked":["Consecrate","PathToVictory+1"],"picked":"Tantrum","floor":19.0},{"not_picked":["MarkedMod:PinPointDefense","Prostrate+1"],"picked":"Adaptation+1","floor":22.0},{"not_picked":["InnerPeace+1","Replay:BluntJabs+1","REME_CRH+1"],"picked":"SKIP","floor":24.0},{"not_picked":["Consecrate","MarkedMod:Acupuncture","CrushJoints+1"],"picked":"SKIP","floor":25.0},{"not_picked":["FlyingSleeves","Prostrate+1"],"picked":"BattleHymn+1","floor":28.0},{"not_picked":["FlyingSleeves","WheelKick"],"picked":"Halt+1","floor":30.0},{"not_picked":["AT_ChampionStep","SandsOfTime"],"picked":"Collect+1","floor":31.0},{"not_picked":["REME_WorshipGod+1","Judgement+1"],"picked":"ConjureBlade+1","floor":33.0},{"not_picked":["AT_OneInchPunch+1","Replay:AtTheReady+1"],"picked":"Halt+1","floor":35.0},{"not_picked":["AT_DivineConfetti+1","Prostrate+1","MarkedMod:PinPointDefense"],"picked":"SKIP","floor":37.0},{"not_picked":["Protect+1","Replay:BluntJabs+1"],"picked":"FlyingSleeves+1","floor":38.0},{"not_picked":["Judgement+1","PathToVictory+1"],"picked":"FlurryOfBlows+1","floor":39.0},{"not_picked":["AT_DivineConfetti+1","Conclude+1"],"picked":"Adaptation","floor":40.0},{"not_picked":["FlurryOfBlows","FlyingSleeves+1","Replay:ManipulateFuture+1"],"picked":"SKIP","floor":42.0},{"not_picked":["Consecrate","MarkedMod:FirstStrike+1"],"picked":"Tantrum+1","floor":47.0},{"not_picked":["EmptyFist","CutThroughFate"],"picked":"Replay:Vibes+1","floor":48.0},{"not_picked":["Indignation+1","WindmillStrike+1"],"picked":"ConjureBlade+1","floor":49},{"not_picked":["REME_Repentance+1","Replay:AtTheReady+1","Nirvana"],"picked":"SKIP","floor":50}],"player_experience":116664,"relics_obtained":[{"floor":2.0,"key":"Toxic Egg 2"},{"floor":6.0,"key":"Replay:WaspNest"},{"floor":9.0,"key":"Lantern"},{"floor":26.0,"key":"jedi:angrymask"},{"floor":28.0,"key":"Garlic"},{"floor":38.0,"key":"jedi:matchstick"},{"floor":45.0,"key":"jedi:shrinkray"}],"event_choices":[{"damage_healed":0.0,"max_hp_gain":0.0,"max_hp_loss":0.0,"gold_gain":0.0,"event_name":"Living Wall","player_choice":"Grow","floor":0.0,"gold_loss":0.0,"damage_taken":0.0,"cards_upgraded":["Eruption"]},{"cards_removed":["ReplayTheSpireMod:Splinters"],"damage_healed":0.0,"max_hp_gain":0.0,"max_hp_loss":0.0,"gold_gain":0.0,"event_name":"Fountain of Cleansing","player_choice":"Removed Curses","floor":10.0,"gold_loss":0.0,"damage_taken":0.0},{"damage_healed":0.0,"max_hp_gain":0.0,"max_hp_loss":0.0,"gold_gain":0.0,"event_name":"Drug Dealer","player_choice":"Inject Mutagens","floor":20.0,"gold_loss":0.0,"damage_taken":0.0,"relics_obtained":["MutagenicStrength"]},{"damage_healed":0.0,"max_hp_gain":0.0,"max_hp_loss":0.0,"gold_gain":0.0,"event_name":"MindBloom","player_choice":"Fight","floor":38.0,"gold_loss":0.0,"damage_taken":0.0}],"is_beta":false,"boss_relics":[{"not_picked":["reliquary:Craggleroot","Honey Jar"],"picked":"reliquary:RedCape"},{"not_picked":["energizedSpire:EnergizedDie","REME_ChargedStone"],"picked":"jedi:battlestandard"}],"items_purged_floors":[21],"is_endless":false,"potions_floor_spawned":[1,3,6,14,18,28,31,38,40,42,48],"killed_by":"Time Eater","ascension_level":0}}