{"host":"1z4hbl9vfqrhg136","time":1613178951,"event":{"mods":["BaseMod","Minty Spire (QoL Compilation)"],"gold_per_floor":[115,115,115,115,140,174,174,189,189,225,225,269,213,247,247,343,343,357,407,432,446,464,464,508,508,508,552,140,163,196,196,196,196,196],"floor_reached":33,"language":"ENG","playtime":2610,"items_purged":["Strike_G"],"score":712,"play_id":"7e089390-caee-4522-9be3-ac48f7254f37","local_time":"20210213011551","is_ascension_mode":true,"campfire_choices":[{"data":"Neutralize","floor":7.0,"key":"SMITH"},{"data":"Dagger Spray","floor":11.0,"key":"SMITH"},{"data":"Well Laid Plans","floor":15.0,"key":"SMITH"},{"data":"Noxious Fumes","floor":23.0,"key":"SMITH"},{"data":"Dash","floor":25.0,"key":"SMITH"},{"data":"Wraith Form v2","floor":32,"key":"SMITH"}],"circlet_count":0,"master_deck":["AscendersBane","Strike_G","Strike_G","Strike_G","Strike_G","Defend_G","Defend_G","Defend_G","Defend_G","Survivor","Neutralize+1","Noxious Fumes+1","Flechettes","Cloak And Dagger","Choke","Dagger Spray+1","Dodge and Roll","Backflip","Well Laid Plans+1","Burst","PiercingWail","Cloak And Dagger","Dash+1","Panache","Trip","Malaise","Wraith Form v2+1","Ghostly","Ghostly","Ghostly"],"relics":["Ring of the Snake","NeowsBlessing","Golden Idol","Lizard Tail","Ninja Scroll","Orichalcum","Bronze Scales","Paper Crane","Coffee Dripper","Darkstone Periapt","Pear","Dream Catcher","Oddly Smooth Stone"],"acts_visited":["Exordium","TheCity"],"potions_floor_usage":[33],"damage_taken":[{"damage":0.0,"enemies":"2 Louse","floor":1.0,"turns":1.0},{"damage":0.0,"enemies":"Cultist","floor":5.0,"turns":1.0},{"damage":0.0,"enemies":"Lagavulin","floor":6.0,"turns":1.0},{"damage":1.0,"enemies":"Small Slimes","floor":8.0,"turns":3.0},{"damage":2.0,"enemies":"Gremlin Nob","floor":10.0,"turns":3.0},{"damage":12.0,"enemies":"3 Sentries","floor":12.0,"turns":8.0},{"damage":20.0,"enemies":"Gremlin Nob","floor":14.0,"turns":4.0},{"damage":16.0,"enemies":"The Guardian","floor":16.0,"turns":12.0},{"damage":0.0,"enemies":"3 Byrds","floor":18.0,"turns":4.0},{"damage":4.0,"enemies":"2 Thieves","floor":20.0,"turns":3.0},{"damage":14.0,"enemies":"Snake Plant","floor":21.0,"turns":4.0},{"damage":9.0,"enemies":"3 Cultists","floor":22.0,"turns":5.0},{"damage":18.0,"enemies":"Slavers","floor":24.0,"turns":4.0},{"damage":18.0,"enemies":"Book of Stabbing","floor":27.0,"turns":5.0},{"damage":0.0,"enemies":"Chosen and Byrds","floor":29.0,"turns":5.0},{"damage":9.0,"enemies":"Gremlin Leader","floor":30.0,"turns":7.0},{"damage":24,"enemies":"Champ","floor":33,"turns":15}],"seed_played":"-7091060568160996391","potions_obtained":[{"floor":1.0,"key":"Fire Potion"},{"floor":8.0,"key":"LiquidMemories"},{"floor":10.0,"key":"BlessingOfTheForge"},{"floor":14.0,"key":"Explosive Potion"},{"floor":24.0,"key":"Fruit Juice"},{"floor":27.0,"key":"Fire Potion"}],"is_trial":false,"path_per_floor":["M","?","?","?","M","E","R","M","T","E","R","E","$","E","R","B",null,"M","?","M","M","M","R","E","R","T","E","$","M","E","?","R","B"],"character_chosen":"THE_SILENT","items_purchased":["Backflip","Poison Potion","Panache","Trip"],"campfire_rested":0,"item_purchase_floors":[13,28,28,28],"current_hp_per_floor":[59,59,59,52,52,52,52,51,51,49,49,37,37,17,17,1,45,45,45,41,27,18,18,30,30,40,22,27,27,18,18,18,0,0],"gold":196,"neow_bonus":"THREE_ENEMY_KILL","is_daily":false,"chose_seed":false,"campfire_upgraded":6,"win_rate":0.0,"timestamp":1613178951,"path_taken":["M","?","?","?","M","E","R","M","T","E","R","E","$","E","R","BOSS","M","?","?","M","M","R","E","R","T","E","$","M","E","?","R","BOSS"],"items_purchased_type":["Card","Potion","Card","Card"],"build_version":"2020-12-22","purchased_purges":1,"victory":false,"max_hp_per_floor":[66,66,60,60,60,60,60,60,60,60,60,60,60,60,60,60,60,60,60,60,60,60,60,60,60,70,70,75,75,75,37,37,37,37],"card_choices":[{"not_picked":["Riddle With Holes","Underhanded Strike"],"picked":"Noxious Fumes","floor":1.0},{"not_picked":["Outmaneuver","Calculated Gamble"],"picked":"Flechettes","floor":5.0},{"not_picked":["Eviscerate","Catalyst"],"picked":"Cloak And Dagger","floor":6.0},{"not_picked":["Prepared","Eviscerate"],"picked":"Choke","floor":8.0},{"not_picked":["Outmaneuver","Sucker Punch"],"picked":"Dagger Spray","floor":10.0},{"not_picked":["Underhanded Strike","Flechettes"],"picked":"Dodge and Roll","floor":12.0},{"not_picked":["Burst","Riddle With Holes"],"picked":"Well Laid Plans","floor":14.0},{"not_picked":["Glass Knife","Phantasmal Killer"],"picked":"Burst","floor":16.0},{"not_picked":["Reflex","Dagger Throw"],"picked":"PiercingWail","floor":18.0},{"not_picked":["Prepared","Sucker Punch","Riddle With Holes"],"picked":"SKIP","floor":20.0},{"not_picked":["Underhanded Strike","Caltrops","Quick Slash+1"],"picked":"SKIP","floor":21.0},{"not_picked":["Bane","Outmaneuver"],"picked":"Cloak And Dagger","floor":22.0},{"not_picked":["Noxious Fumes","PiercingWail+1"],"picked":"Dash","floor":24.0},{"not_picked":["Choke","Cloak And Dagger","Dagger Spray"],"picked":"SKIP","floor":27.0},{"not_picked":["Leg Sweep","Bane"],"picked":"Malaise","floor":29.0},{"not_picked":["Outmaneuver","Heel Hook"],"picked":"Wraith Form v2","floor":30.0}],"player_experience":1947080,"relics_obtained":[{"floor":6.0,"key":"Lizard Tail"},{"floor":9.0,"key":"Ninja Scroll"},{"floor":10.0,"key":"Orichalcum"},{"floor":12.0,"key":"Bronze Scales"},{"floor":14.0,"key":"Paper Crane"},{"floor":24.0,"key":"Darkstone Periapt"},{"floor":26.0,"key":"Pear"},{"floor":27.0,"key":"Dream Catcher"},{"floor":30.0,"key":"Oddly Smooth Stone"}],"event_choices":[{"damage_healed":0.0,"max_hp_gain":0.0,"max_hp_loss":0.0,"gold_gain":0.0,"event_name":"Liars Game","player_choice":"Ignored","floor":2.0,"gold_loss":0.0,"damage_taken":0.0},{"damage_healed":0.0,"max_hp_gain":0.0,"max_hp_loss":6.0,"gold_gain":0.0,"event_name":"Golden Idol","player_choice":"Lose Max HP","floor":3.0,"gold_loss":0.0,"damage_taken":0.0,"relics_obtained":["Golden Idol"]},{"cards_removed":["Defend_G"],"damage_healed":0.0,"max_hp_gain":0.0,"max_hp_loss":0.0,"gold_gain":0.0,"event_name":"Golden Wing","player_choice":"Card Removal","floor":4.0,"gold_loss":0.0,"damage_taken":7.0},{"damage_healed":0.0,"max_hp_gain":0.0,"max_hp_loss":0.0,"gold_gain":100.0,"event_name":"The Joust","player_choice":"Bet on Murderer","floor":19.0,"gold_loss":50.0,"damage_taken":0.0},{"damage_healed":0.0,"max_hp_gain":0.0,"max_hp_loss":38.0,"gold_gain":0.0,"event_name":"Ghosts","player_choice":"Became a Ghost","floor":31.0,"gold_loss":0.0,"damage_taken":0.0,"cards_obtained":["Ghostly","Ghostly","Ghostly"]}],"is_beta":false,"boss_relics":[{"not_picked":["Astrolabe","Runic Pyramid"],"picked":"Coffee Dripper"}],"items_purged_floors":[28],"is_endless":false,"potions_floor_spawned":[1,8,10,14,16,24,27,30],"killed_by":"Champ","ascension_level":20}}