{"host":"swc5gdc7cm0k0g7l","time":1613245841,"event":{"mods":["AchievementEnabler","Act Like it!","Aspiration","BaseMod","BetterRewards","Colored Map","Colored Powertips","Downfall","Duelist Mod","Gensokyo","Hermit","Highlight Path","Hubris","Infinite Spire","Jorbs\u0027s Wanderer Trilogy","Koishi","Minty Spire (QoL Compilation)","Quick Restart","Replay The Spire","Shop Mod","StSLib","SuperFastMode","The Animator"],"gold_per_floor":[140,151,169,189,189,189,199,199,225,77,148,148,173,133,162,162,162,257,257,275,374,374,393,412,412,412],"floor_reached":25,"language":"ENG","playtime":985,"items_purged":[],"score":254,"play_id":"af9e03ec-bbc1-4385-8d3b-b5305ad4f5ff","local_time":"20210213145041","is_ascension_mode":true,"campfire_choices":[{"data":"theDuelist:NaturiaGuardian","floor":8,"key":"SMITH"},{"floor":17,"key":"REST"}],"circlet_count":0,"master_deck":["theDuelist:NaturiaHydrangea","theDuelist:CastleWalls","theDuelist:CastleWalls","theDuelist:CastleWalls","theDuelist:NaturiaCliff","theDuelist:NaturiaRock","theDuelist:NaturiaTulip","theDuelist:Sparks","theDuelist:Sparks+1","theDuelist:Sparks","theDuelist:NaturiaRosewhip","theDuelist:NaturiaGuardian+1","theDuelist:NaturiaRosewhip","theDuelist:NaturiaStinkbug","theDuelist:ClosedForest","theDuelist:ClosedForest","theDuelist:NaturiaParadizo","theDuelist:NaturiaRosewhip","Pain","theDuelist:MultiplicationOfAnts","theDuelist:MudGolem","theDuelist:NaturiaDragonfly+1","theDuelist:NaturiaRagweed"],"relics":["theDuelist:MillenniumPuzzle","theDuelist:CardPoolRelic","theDuelist:CardPoolBasicRelic","theDuelist:BoosterPackPoolRelic","theDuelist:CardPoolAddRelic","theDuelist:CardPoolMinusRelic","theDuelist:CardPoolSaveRelic","theDuelist:CardPoolOptionsRelic","NeowsBlessing","Mercury Hourglass","MerchantsRug","Whetstone","WarpedTongs","Inserter"],"acts_visited":["Exordium","TheCity"],"potions_floor_usage":[4,13,15,20],"damage_taken":[{"damage":0,"enemies":"2 Louse","floor":1,"turns":1},{"damage":0,"enemies":"Cultist","floor":2,"turns":1},{"damage":0,"enemies":"Jaw Worm","floor":3,"turns":1},{"damage":12,"enemies":"Gremlin Gang","floor":4,"turns":4},{"damage":15,"enemies":"Lots of Slimes","floor":7,"turns":3},{"damage":9,"enemies":"Replay:BlueRogue","floor":9,"turns":5},{"damage":18,"enemies":"Lagavulin","floor":13,"turns":5},{"damage":26,"enemies":"Gremlin Nob","floor":15,"turns":4},{"damage":22,"enemies":"The Guardian","floor":18,"turns":9},{"damage":34,"enemies":"2 Thieves","floor":20,"turns":4},{"damage":9,"enemies":"Shell Parasite","floor":23,"turns":4},{"damage":27,"enemies":"Chosen and Byrds","floor":24,"turns":5},{"damage":24,"enemies":"theDuelist:KaibaA2","floor":25,"turns":4}],"seed_played":"-5596283140452581560","potions_obtained":[{"floor":1,"key":"theDuelist:LavaBottle"},{"floor":9,"key":"theDuelist:TokenPotion"},{"floor":13,"key":"Fruit Juice"},{"floor":18,"key":"theDuelist:WhiteBottle"},{"floor":20,"key":"bronze:BurnAndBuffPotion"}],"is_trial":false,"path_per_floor":["M","M","M","M","PTL","PTL","M","R","E","$","T","?","E","$","E","?","R","B",null,"M","?","?","M","M","E"],"character_chosen":"THE_DUELIST","items_purchased":["MerchantsRug","theDuelist:NaturiaParadizo"],"campfire_rested":1,"item_purchase_floors":[10,14],"current_hp_per_floor":[80,80,80,68,68,68,53,53,44,44,44,44,31,31,5,5,30,8,85,51,51,51,42,15,0,0],"gold":412,"neow_bonus":"THREE_ENEMY_KILL","is_daily":false,"chose_seed":false,"campfire_upgraded":1,"win_rate":0.0,"timestamp":1613245841,"path_taken":["M","M","M","M","PTL","PTL","M","R","E","$","T","?","E","$","E","?","R","BOSS","M","?","?","M","M","E"],"items_purchased_type":["Relic","Card"],"build_version":"2020-12-22","purchased_purges":0,"victory":false,"max_hp_per_floor":[80,80,80,80,80,80,80,80,80,80,80,80,85,85,85,85,85,85,85,85,85,85,85,85,85,85],"card_choices":[{"not_picked":["theDuelist:NaturiaEggplant","theDuelist:NaturiaAntjaw","theDuelist:SummoningSwarm","theDuelist:NaturiaMantis"],"picked":"theDuelist:NaturiaRosewhip","floor":1},{"not_picked":["theDuelist:NaturiaHydrangea","theDuelist:NaturiaEggplant","theDuelist:NaturiaDragonfly","theDuelist:NaturiaCliff"],"picked":"theDuelist:NaturiaGuardian","floor":2},{"not_picked":["theDuelist:Sangan","theDuelist:HeavyStorm","theDuelist:BlockGolem","theDuelist:PotAvarice","theDuelist:RockSunrise"],"picked":"SKIP","floor":3},{"not_picked":["theDuelist:NaturiaGuardian","theDuelist:NaturiaHorneedle"],"picked":"theDuelist:NaturiaRosewhip","floor":4},{"not_picked":["theDuelist:NaturiaHydrangea","theDuelist:NaturiaMarron","theDuelist:FossilDig","theDuelist:NaturiaSunflower"],"picked":"theDuelist:NaturiaStinkbug","floor":7},{"not_picked":["theDuelist:SeismicShockwave","theDuelist:NaturiaVein","theDuelist:NaturiaBarkion","theDuelist:HuntingInstinct"],"picked":"theDuelist:ClosedForest","floor":9},{"not_picked":[],"picked":"theDuelist:ClosedForest","floor":13},{"not_picked":["theDuelist:NaturiaGuardian","theDuelist:NaturiaHorneedle","theDuelist:NaturiaStinkbug","theDuelist:NaturiaParadizo"],"picked":"theDuelist:NaturiaRosewhip","floor":15},{"not_picked":["theDuelist:NaturiaForest","theDuelist:NaturiaBarkion","theDuelist:HuntingInstinct","theDuelist:HeartUnderdog"],"picked":"theDuelist:MultiplicationOfAnts","floor":18},{"not_picked":["theDuelist:Fissure+1","theDuelist:WingedKuriboh","theDuelist:DestroyerGolem","theDuelist:MudragonSwamp"],"picked":"theDuelist:MudGolem","floor":20},{"not_picked":["theDuelist:NaturiaStinkbug","theDuelist:NaturiaAntjaw","theDuelist:NaturiaMarron+1","theDuelist:ConvulsionNature"],"picked":"theDuelist:NaturiaDragonfly+1","floor":23},{"not_picked":["theDuelist:NaturiaDragonfly+1","theDuelist:NaturiaBeans","theDuelist:BarkionBark","theDuelist:NaturiaStrawberry"],"picked":"theDuelist:NaturiaRagweed","floor":24}],"player_experience":92529,"relics_obtained":[{"floor":9,"key":"Mercury Hourglass"},{"floor":13,"key":"Pet Ghost"},{"floor":15,"key":"Whetstone"}],"event_choices":[{"damage_healed":0,"gold_gain":0,"player_choice":"Leave","duelist":true,"damage_taken":0,"max_hp_gain":0,"max_hp_loss":0,"event_name":"Relic Duplicator","floor":12,"gold_loss":0},{"damage_healed":0,"gold_gain":0,"player_choice":"Rummage","damage_taken":0,"relics_obtained":["WarpedTongs"],"max_hp_gain":0,"max_hp_loss":0,"event_name":"Accursed Blacksmith","floor":16,"gold_loss":0,"cards_obtained":["Pain"]},{"damage_healed":0,"gold_gain":99,"player_choice":"Stole From Cult","damage_taken":0,"max_hp_gain":0,"max_hp_loss":0,"event_name":"Nest","floor":21,"gold_loss":0},{"damage_healed":0,"gold_gain":0,"player_choice":"Traded Naturia Beast+ for Naturia Hydrangea","duelist":true,"damage_taken":0,"max_hp_gain":0,"max_hp_loss":0,"event_name":"Card Trader","floor":22,"gold_loss":0}],"is_beta":false,"boss_relics":[{"not_picked":["Snecko Scales","aspiration:IroncladSkillbook"],"picked":"Inserter"}],"items_purged_floors":[],"is_endless":false,"potions_floor_spawned":[1,9,13,18,20],"killed_by":"theDuelist:KaibaA2","ascension_level":3}}