{"host":"jwbw4f4imxd0v0b0","time":1613249864,"event":{"mods":["BaseMod","Colored Map","Downfall","Highlight Path","Minty Spire (QoL Compilation)","Relic Stats","StSLib"],"gold_per_floor":[99,114,130,130,142,207,207,226,226,240,6,38,56,74,89,192,192,192,208,225,14,29,29,29,60,60,74,174,209,159,171,184,184,184,184],"floor_reached":33,"language":"ENG","playtime":2704,"items_purged":["Guardian:Strike_Guardian"],"score":368,"play_id":"1c357132-b909-4082-9d60-3e6985505df0","local_time":"20210213145744","is_ascension_mode":false,"campfire_choices":[{"data":"Guardian:TwinSlam","floor":1.0,"key":"SMITH"},{"data":"Guardian:RollAttack","floor":9.0,"key":"SMITH"},{"data":"Guardian:StasisStrike","floor":18.0,"key":"SMITH"}],"circlet_count":0,"master_deck":["Guardian:Defend_Guardian","Guardian:Defend_Guardian","Guardian:Defend_Guardian","Guardian:Defend_Guardian","Guardian:CurlUp","Guardian:TwinSlam+1","Guardian:SentryBeam","Guardian:VentSteam","Guardian:WalkerClaw","Guardian:RollAttack+1","Guardian:Preprogram","Guardian:TimeBomb","Guardian:StasisStrike+1","Guardian:CrystalBeam","Guardian:BronzeArmor","Guardian:AncientConstruct+1","Guardian:DecasProtection","Guardian:ChargeCore+1","Guardian:ChargeCore","expansioncontent:PrepareCrush","Guardian:ShieldSpikes+1","Ghostly","Ghostly","Ghostly","Ghostly","Ghostly","Guardian:DonusPower","Writhe","J.A.X.","Guardian:Gem_Cyan","Guardian:RevengeProtocol+1","Guardian:ShieldCharger","Guardian:Gem_Lightblue","Guardian:Gem_Crimson","Guardian:Gem_Yellow","Guardian:Gem_Green","Guardian:Gem_Orange","Guardian:SpikerProtocol+1","Guardian:TimeCapacitor+1"],"relics":["Guardian:ModeShifter","Sundial","Centennial Puzzle","Frozen Egg 2","Philosopher\u0027s Stone","Membership Card","White Beast Statue","Toy Ornithopter","Bag of Preparation","MutagenicStrength","Guardian:SackOfGems"],"acts_visited":["Exordium","TheCity"],"potions_floor_usage":[],"damage_taken":[{"damage":0.0,"enemies":"2 Louse","floor":2.0,"turns":2.0},{"damage":1.0,"enemies":"Jaw Worm","floor":3.0,"turns":4.0},{"damage":0.0,"enemies":"Small Slimes","floor":5.0,"turns":4.0},{"damage":19.0,"enemies":"3 Sentries","floor":6.0,"turns":9.0},{"damage":7.0,"enemies":"Blue Slaver","floor":8.0,"turns":3.0},{"damage":5.0,"enemies":"downfall:LooterAlt","floor":10.0,"turns":2.0},{"damage":0.0,"enemies":"downfall:FleeingMerchant","floor":11.0,"turns":4.0},{"damage":0.0,"enemies":"Gremlin Nob","floor":12.0,"turns":3.0},{"damage":2.0,"enemies":"Large Slime","floor":13.0,"turns":4.0},{"damage":2.0,"enemies":"Blue Slaver","floor":14.0,"turns":3.0},{"damage":3.0,"enemies":"2 Fungi Beasts","floor":15.0,"turns":3.0},{"damage":17.0,"enemies":"DF_ARCHETYPE_STREAMLINE","floor":16.0,"turns":9.0},{"damage":6.0,"enemies":"Spheric Guardian","floor":19.0,"turns":4.0},{"damage":3.0,"enemies":"downfall:LooterAlt2","floor":20.0,"turns":3.0},{"damage":15.0,"enemies":"downfall:FleeingMerchant","floor":21.0,"turns":4.0},{"damage":13,"enemies":"Cultist and Chosen","floor":22,"turns":5},{"damage":5,"enemies":"Book of Stabbing","floor":25,"turns":7},{"damage":1,"enemies":"Snecko","floor":27,"turns":6},{"damage":2,"enemies":"downfall:Augmenter","floor":28,"turns":5},{"damage":7,"enemies":"Slavers","floor":29,"turns":5},{"damage":8,"enemies":"3 Cultists","floor":31,"turns":6},{"damage":1,"enemies":"Snake Plant","floor":32,"turns":3},{"damage":35,"enemies":"SI_MIRROR_ARCHETYPE","floor":33,"turns":4}],"seed_played":"4307055579252442155","potions_obtained":[{"floor":2.0,"key":"GamblersBrew"},{"floor":6.0,"key":"Explosive Potion"},{"floor":8.0,"key":"LiquidMemories"},{"floor":10.0,"key":"EntropicBrew"},{"floor":13.0,"key":"BlessingOfTheForge"},{"floor":15.0,"key":"Slimebound:ThreeZeroPotion"},{"floor":22,"key":"bronze:BurnAndBuffPotion"},{"floor":25,"key":"SkillPotion"},{"floor":28,"key":"Strength Potion"},{"floor":31,"key":"Strength Potion"}],"is_trial":false,"path_per_floor":["R","M","M","?","M","?","T","M","R","M","$","E","M","M","M","B",null,"R","M","M","$","M","?","T","E","?","M","?","E","?","M","M","B"],"character_chosen":"GUARDIAN","items_purchased":["Centennial Puzzle","Membership Card","expansioncontent:PrepareCrush"],"campfire_rested":0,"item_purchase_floors":[11,21,21],"current_hp_per_floor":[88,88,87,87,87,68,68,61,61,56,56,56,54,52,49,32,88,88,82,79,64,51,44,44,39,39,38,36,29,44,36,35,0,0,0],"gold":184,"neow_bonus":"TEN_PERCENT_HP_BONUS","is_daily":false,"chose_seed":false,"campfire_upgraded":3,"win_rate":0.0,"timestamp":1613249864,"path_taken":["R","M","M","?","M","?","T","M","R","M","?","E","M","M","M","BOSS","R","M","M","$","M","?","T","E","?","M","?","E","?","M","M","BOSS"],"items_purchased_type":["Relic","Relic","Card"],"build_version":"2020-12-22","purchased_purges":1,"victory":false,"max_hp_per_floor":[88,88,88,88,88,88,88,88,88,88,88,88,88,88,88,88,88,88,88,88,88,88,44,44,44,44,44,44,44,44,44,44,44,44,44],"relic_stats":{"Centennial Puzzle":[45],"counters":[23,101],"Sundial":[12],"Bag of Preparation":[12],"obtain_stats":[{"Centennial Puzzle":11,"Sundial":7,"MutagenicStrength":28,"Guardian:ModeShifter":0,"Philosopher\u0027s Stone":17,"Guardian:SackOfGems":29,"Bag of Preparation":26,"Membership Card":21,"Frozen Egg 2":12,"White Beast Statue":24,"Toy Ornithopter":25},{"Centennial Puzzle":7,"Sundial":4,"MutagenicStrength":19,"Guardian:ModeShifter":0,"Philosopher\u0027s Stone":12,"Guardian:SackOfGems":20,"Bag of Preparation":17,"Membership Card":15,"Frozen Egg 2":8,"White Beast Statue":16,"Toy Ornithopter":17},{"Centennial Puzzle":28,"Sundial":19,"MutagenicStrength":83,"Guardian:ModeShifter":0,"Philosopher\u0027s Stone":50,"Guardian:SackOfGems":88,"Bag of Preparation":72,"Membership Card":60,"Frozen Egg 2":31,"White Beast Statue":65,"Toy Ornithopter":72}],"Toy Ornithopter":0},"card_choices":[{"not_picked":["Guardian:Gem_Fragmented","Guardian:PrimingBeam"],"picked":"Guardian:SentryBeam","floor":2.0},{"not_picked":["Guardian:Reroute","Guardian:PrismaticBarrier"],"picked":"Guardian:VentSteam","floor":3.0},{"not_picked":["Guardian:Recover","Guardian:Suspension"],"picked":"Guardian:WalkerClaw","floor":5.0},{"not_picked":["Guardian:ChargeCore","Guardian:VentSteam"],"picked":"Guardian:Gem_White","floor":6.0},{"not_picked":["Guardian:Harden","Guardian:Planning"],"picked":"Guardian:RollAttack","floor":8.0},{"not_picked":["Guardian:Planning","Guardian:MultiBeam"],"picked":"Guardian:Preprogram","floor":10.0},{"not_picked":["Guardian:FastForward","Guardian:Repulse"],"picked":"Guardian:TimeBomb","floor":11.0},{"not_picked":["Guardian:RollAttack","Guardian:Emergency"],"picked":"Guardian:Gem_Lightblue","floor":12.0},{"not_picked":["Guardian:VentSteam","Guardian:Emergency"],"picked":"Guardian:StasisStrike","floor":13.0},{"not_picked":["Guardian:PiercingHide","Guardian:Gem_White"],"picked":"Guardian:CrystalBeam","floor":14.0},{"not_picked":["Guardian:PiercingHide","Guardian:Repulse+1"],"picked":"Guardian:BronzeArmor","floor":15.0},{"not_picked":["Guardian:HyperBeam_Guardian","Guardian:Gem_Synthetic"],"picked":"Guardian:AncientConstruct+1","floor":16.0},{"not_picked":["Guardian:ShieldCharger","Guardian:WalkerClaw+1"],"picked":"Guardian:DecasProtection","floor":19.0},{"not_picked":["Guardian:Gem_Purple","Guardian:PrimingBeam"],"picked":"Guardian:ChargeCore+1","floor":20.0},{"not_picked":["Guardian:PolyBeam","Guardian:Gem_White"],"picked":"Guardian:ChargeCore","floor":21},{"not_picked":["Guardian:PrismaticBarrier","Guardian:Gem_Fragmented"],"picked":"Guardian:ShieldSpikes+1","floor":22},{"not_picked":["Guardian:StasisStrike","Guardian:VentSteam"],"picked":"Guardian:DonusPower","floor":25},{"not_picked":["Guardian:Gem_Lightblue","Guardian:WalkerClaw","Guardian:Recover"],"picked":"SKIP","floor":27},{"not_picked":[],"picked":"J.A.X.","floor":28},{"not_picked":["Guardian:PrimingBeam","Guardian:Gem_White"],"picked":"Guardian:ShieldCharger","floor":28},{"not_picked":["Guardian:RollAttack","Guardian:Planning","Guardian:VentSteam"],"picked":"SKIP","floor":29},{"not_picked":["Guardian:CrystalBeam+1","Guardian:Gem_Cyan"],"picked":"Guardian:SpikerProtocol+1","floor":31},{"not_picked":["Guardian:Clone+1","Guardian:Gem_Cyan"],"picked":"Guardian:TimeCapacitor+1","floor":32}],"player_experience":1274742,"relics_obtained":[{"floor":7.0,"key":"Sundial"},{"floor":12.0,"key":"Frozen Egg 2"},{"floor":24,"key":"White Beast Statue"},{"floor":25,"key":"Toy Ornithopter"},{"floor":28,"key":"MutagenicStrength"},{"floor":29,"key":"Guardian:SackOfGems"}],"event_choices":[{"damage_healed":0,"gold_gain":0,"player_choice":"Became a Ghost","damage_taken":0,"max_hp_gain":0,"max_hp_loss":44,"event_name":"Ghosts","floor":23,"gold_loss":0,"cards_obtained":["Ghostly","Ghostly","Ghostly","Ghostly","Ghostly"]}],"is_beta":false,"boss_relics":[{"not_picked":["Sozu","Busted Crown"],"picked":"Philosopher\u0027s Stone"}],"items_purged_floors":[11],"is_endless":false,"potions_floor_spawned":[2,6,8,10,13,15,22,25,27,28,29,31,32],"killed_by":"SI_MIRROR_ARCHETYPE","ascension_level":0}}