{"host":"gacp3itcxvh3u2x7","time":1613212965,"event":{"mods":["ATMod(阿瑾Mod)","BaseMod","Downfall","GungeonMod","Lobotomy","LobotomyExtend","Minty Spire (QoL Compilation)","Replay The Spire","SOS（斯巴达之子）","StSLib","The Cursed","【遗物卡牌】REMEMod"],"gold_per_floor":[99,139,155,155,68,68,115,183,198,198,217,217,217,217,217],"floor_reached":1,"language":"ZHS","playtime":778,"items_purged":[],"score":15,"play_id":"29a038c8-0de3-4988-a816-a5e42006ea85","local_time":"20210213184245","is_ascension_mode":false,"campfire_choices":[{"floor":1.0,"key":"RECALL"},{"data":"Slimebound:Schlurp","floor":6,"key":"SMITH"},{"data":"Slimebound:Gluttony","floor":10,"key":"SMITH"},{"data":"AT_KingSlayer","floor":12,"key":"SMITH"}],"circlet_count":0,"master_deck":["Slimebound:Strike_Slimebound","Slimebound:Strike_Slimebound","Slimebound:Strike_Slimebound","Slimebound:Tackle","Slimebound:Defend_Slimebound","Slimebound:Defend_Slimebound","Slimebound:Defend_Slimebound","Slimebound:Defend_Slimebound","Slimebound:Split","Slimebound:CorrosiveSpit","Wish","AT_KingSlayer+1","Slimebound:Grow","Slimebound:Schlurp","Slimebound:Schlurp+1","Wish","Spreading Infection","Slimebound:Equalize","Slimebound:Gluttony+1","Slimebound:LivingWall"],"relics":["Slimebound:AbsorbEndCombat","REME_ComplimentaryCards","AT_ATBox","DemoMod:GlassGuonStoneRelic"],"acts_visited":["Exordium"],"potions_floor_usage":[],"damage_taken":[{"damage":10.0,"enemies":"2 Louse","floor":2.0,"turns":4.0},{"damage":13.0,"enemies":"Cultist","floor":3.0,"turns":4.0},{"damage":1,"enemies":"downfall:FleeingMerchant","floor":5,"turns":4},{"damage":20,"enemies":"Jaw Worm","floor":8,"turns":6},{"damage":4,"enemies":"Red Slaver","floor":9,"turns":4},{"damage":0,"enemies":"2 Fungi Beasts","floor":11,"turns":3}],"seed_played":"-5561082262099799163","potions_obtained":[{"floor":3.0,"key":"FearPotion"},{"floor":8,"key":"Fire Potion"}],"is_trial":false,"path_per_floor":["R","M","M","?","$","R","T","M","M","R","M","R","M","R"],"character_chosen":"SLIMEBOUND","items_purchased":["Slimebound:Gluttony"],"campfire_rested":0,"item_purchase_floors":[5],"current_hp_per_floor":[71,63,52,52,55,55,55,45,53,53,67,67,1,1,1],"gold":217,"neow_bonus":"TEN_PERCENT_HP_BONUS","is_daily":false,"chose_seed":false,"campfire_upgraded":3,"win_rate":0.0,"timestamp":1613212965,"path_taken":["R","M","M","?","$","R","T","M","M","R","M","R","M","R"],"items_purchased_type":["Card"],"build_version":"2020-12-22","purchased_purges":0,"victory":false,"max_hp_per_floor":[71,71,71,71,71,71,71,71,71,71,71,71,1,1,1],"card_choices":[{"not_picked":["Slimebound:LeechingTouch","Slimebound:RollThrough"],"picked":"Slimebound:Grow","floor":2.0},{"not_picked":["Slimebound:SpikyOuterGoop","Slimebound:SamplingLick"],"picked":"Slimebound:Schlurp","floor":3.0},{"not_picked":["Slimebound:LeadByExample","Slimebound:Repurpose"],"picked":"Slimebound:Equalize","floor":5},{"not_picked":["Slimebound:LeechingTouch","Slimebound:ForwardTackle"],"picked":"Slimebound:LivingWall","floor":8},{"not_picked":["Slimebound:RollThrough","Slimebound:SlimeBarrage","Slimebound:LevelUp"],"picked":"SKIP","floor":9},{"not_picked":["Slimebound:ItLooksTasty","Slimebound:FinishingTackle","Slimebound:SlimeSpikes"],"picked":"SKIP","floor":11}],"player_experience":423687,"relics_obtained":[{"floor":2.0,"key":"LetterFromLob"}],"event_choices":[],"is_beta":false,"boss_relics":[],"items_purged_floors":[],"is_endless":false,"potions_floor_spawned":[3,8],"ascension_level":0}}