{"host":"92wx9z21c4p52du4","time":1613255787,"event":{"mods":["Act Like it!","Arknights","Bard","BaseMod","ChefMod","Elementarium","Evolution","Hallownest","Infinite Spire","Lobotomy","Minty Spire (QoL Compilation)","QueenMod","Relic Stats","Reliquary","Robot Space Explorer","StSLib","SuperFastMode","The Blue Laboratory","The Bug Knight","The Disciple","The Hierophant","The Runesmith","TheSurvivalist"],"gold_per_floor":[114,134,234,245,263,263,289,289,289,57,7,7,107,117,117,213,213,224,244,244,18,94,125,125,140,221,237,262,276,310,310,310,414,414,424,424,441,461,461,461,461,461],"floor_reached":41,"language":"ENG","playtime":2711,"items_purged":["Strike_P"],"score":413,"play_id":"c038f013-f516-47c9-bbc5-2057fda1a147","local_time":"20210213163627","is_ascension_mode":false,"campfire_choices":[{"data":"CrushJoints","floor":6,"key":"SMITH"},{"data":"Eruption","floor":8,"key":"SMITH"},{"data":"ThirdEye","floor":15,"key":"SMITH"},{"data":"GreenStem","floor":32,"key":"SMITH"},{"data":"infinitespire:Collect","floor":40,"key":"SMITH"}],"circlet_count":0,"master_deck":["Strike_P","Strike_P","Defend_P","Defend_P","Defend_P","Defend_P","Eruption+1","Vigilance","Weave","Protect","CrushJoints+1","BattleHymn","TalkToTheHand","ThirdEye+1","DevaForm+1","Meditate","FearNoEvil","GreenStem+1","HollowMod:CloakDash","Gash","Sword Boomerang","Phantasmal Killer","Enlightenment+1","infinitespire:Collect+1","Gash"],"relics":["Hallownest:SoulVesselRelic","WristBlade","hierophant:DonationBoxRelic","Thread and Needle","Regal Pillow","PrismaticShard","InkBottle","infinitespire:Chaos","Runesmith:Nanobots","Art of War","Odd Mushroom","reliquary:PorcupineQuills","SacredBark"],"acts_visited":["Exordium","Elementarium:Elementarium"],"potions_floor_usage":[14,16,23,27,28,30,35,41],"damage_taken":[{"damage":0.0,"enemies":"Jaw Worm","floor":1.0,"turns":1.0},{"damage":0.0,"enemies":"Cultist","floor":2.0,"turns":1.0},{"damage":0.0,"enemies":"Small Slimes","floor":4.0,"turns":1.0},{"damage":0.0,"enemies":"Exordium Wildlife","floor":5.0,"turns":3.0},{"damage":0,"enemies":"Lagavulin","floor":7,"turns":4},{"damage":2,"enemies":"Looter","floor":14,"turns":3},{"damage":23,"enemies":"Slime Boss","floor":16,"turns":6},{"damage":5,"enemies":"infinitespire:Voidling","floor":18,"turns":3},{"damage":0,"enemies":"ats:Genji","floor":19,"turns":2},{"damage":0,"enemies":"Cultist","floor":22,"turns":2},{"damage":0,"enemies":"HollowMod:MossKnight","floor":23,"turns":4},{"damage":0,"enemies":"3 Louse","floor":25,"turns":2},{"damage":0,"enemies":"2 Fungi Beasts","floor":27,"turns":2},{"damage":0,"enemies":"The Mushroom Lair","floor":28,"turns":2},{"damage":0,"enemies":"Exordium Wildlife","floor":29,"turns":3},{"damage":14,"enemies":"Nightmare","floor":30,"turns":11},{"damage":0,"enemies":"Hexaghost","floor":33,"turns":7},{"damage":3,"enemies":"Elementarium:2_ELEMENTALS","floor":35,"turns":3},{"damage":0,"enemies":"Elementarium:VoidCorruption","floor":37,"turns":7},{"damage":13,"enemies":"Elementarium:RubyGolem","floor":38,"turns":4},{"damage":54,"enemies":"Elementarium:ElementalPortal","floor":41,"turns":7}],"seed_played":"8216921101357605064","potions_obtained":[{"floor":4.0,"key":"Weak Potion"},{"floor":14,"key":"blueLaboratory:HorrorPotion"},{"floor":16,"key":"blueLaboratory:PressurePotion"},{"floor":18,"key":"blueLaboratory:Moonshine"},{"floor":22,"key":"blueLaboratory:BubblePotion"},{"floor":25,"key":"blueLaboratory:BottleOfVodka"},{"floor":27,"key":"blueLaboratory:AlphaPotion"},{"floor":33,"key":"DistilledChaos"},{"floor":38,"key":"GamblersBrew"}],"is_trial":false,"path_per_floor":["M","M","?","M","M","R","E","R","T","$","?","$","?","M","R","B",null,"M","M","?","$","M","E","?","M","T","M","?","M","NM","?","R","B",null,"M","?","M","M","?","R","E"],"character_chosen":"WATCHER","items_purchased":["ClockworkSouvenir","infinitespire:Chaos","FearNoEvil"],"campfire_rested":0,"item_purchase_floors":[10,21,21],"current_hp_per_floor":[72,72,72,72,72,72,72,72,72,72,72,72,72,70,70,47,72,71,71,71,71,71,71,59,59,59,59,59,59,45,45,45,45,72,69,51,51,38,46,46,0,0],"gold":461,"neow_bonus":"UPGRADE_CARD","is_daily":false,"chose_seed":false,"campfire_upgraded":5,"win_rate":0.0,"timestamp":1613255787,"path_taken":["M","M","?","?","M","R","E","R","T","$","?","?","?","M","R","BOSS","M","?","?","$","M","E","?","M","T","M","?","M","NM","?","R","BOSS","M","?","M","M","?","R","E"],"items_purchased_type":["Relic","Relic","Card"],"build_version":"2020-12-22","purchased_purges":1,"victory":false,"max_hp_per_floor":[72,72,72,72,72,72,72,72,72,72,72,72,72,72,72,72,72,72,72,72,72,72,72,72,72,72,72,72,72,72,72,72,72,72,72,72,72,72,80,80,80,80],"relic_stats":{"Regal Pillow":0,"counters":[17,72],"Art of War":[6],"obtain_stats":[{"Regal Pillow":21,"Runesmith:Nanobots":23,"NeowsBlessing":0,"Hallownest:SoulVesselRelic":21,"SacredBark":34,"Runesmith:Locket":20,"infinitespire:EmptyRelic":21,"Thread and Needle":21,"Odd Mushroom":28,"Question Card":7,"PrismaticShard":21,"ClockworkSouvenir":10,"reliquary:PorcupineQuills":30,"WristBlade":21,"hierophant:DonationBoxRelic":21,"Philosopher\u0027s Stone":17,"Art of War":24,"PureWater":0,"infinitespire:Chaos":21,"InkBottle":9},{"Regal Pillow":5,"Runesmith:Nanobots":7,"NeowsBlessing":0,"Hallownest:SoulVesselRelic":5,"SacredBark":13,"Runesmith:Locket":5,"infinitespire:EmptyRelic":5,"Thread and Needle":5,"Odd Mushroom":10,"Question Card":1,"PrismaticShard":5,"ClockworkSouvenir":1,"reliquary:PorcupineQuills":12,"WristBlade":5,"hierophant:DonationBoxRelic":5,"Philosopher\u0027s Stone":3,"Art of War":7,"PureWater":0,"infinitespire:Chaos":5,"InkBottle":1},{"Regal Pillow":18,"Runesmith:Nanobots":24,"NeowsBlessing":0,"Hallownest:SoulVesselRelic":18,"SacredBark":51,"Runesmith:Locket":18,"infinitespire:EmptyRelic":18,"Thread and Needle":18,"Odd Mushroom":30,"Question Card":4,"PrismaticShard":18,"ClockworkSouvenir":4,"reliquary:PorcupineQuills":44,"WristBlade":18,"hierophant:DonationBoxRelic":18,"Philosopher\u0027s Stone":13,"Art of War":24,"PureWater":0,"infinitespire:Chaos":18,"InkBottle":4}],"InkBottle":[24]},"card_choices":[{"not_picked":["FollowUp","Halt"],"picked":"Weave","floor":1.0},{"not_picked":["CrushJoints","SashWhip"],"picked":"Protect","floor":2.0},{"not_picked":["PathToVictory","BowlingBash"],"picked":"CrushJoints","floor":4.0},{"not_picked":["Worship","Adaptation"],"picked":"BattleHymn","floor":5},{"not_picked":["WreathOfFlame","Consecrate"],"picked":"TalkToTheHand","floor":7},{"not_picked":["SashWhip","BowlingBash","ForeignInfluence"],"picked":"ThirdEye","floor":14},{"not_picked":["SpiritShield","Alpha","Vault"],"picked":"DevaForm","floor":16},{"not_picked":["BowlingBash","SashWhip","FlurryOfBlows","Prostrate"],"picked":"SKIP","floor":18},{"not_picked":["InnerPeace","BowlingBash","Swivel"],"picked":"Meditate","floor":19},{"not_picked":["HollowMod:AbyssShriek","Caltrops","Offering"],"picked":"SKIP","floor":22},{"not_picked":["survmod:VersatileDefense","True Grit","BiteCommand"],"picked":"SKIP","floor":23},{"not_picked":["Choke","BiteCommand"],"picked":"GreenStem","floor":25},{"not_picked":["Doppelganger","ats:Blood Oath"],"picked":"HollowMod:CloakDash","floor":27},{"not_picked":["survmod:TwinShot","hierophant:FlamingChariot"],"picked":"Gash","floor":28},{"not_picked":["ScreamingWedge","ats:Support Order","RobotSpaceExplorer:GlueSpray"],"picked":"SKIP","floor":29},{"not_picked":["HollowMod:DescendingDark","chefmod:Escargot"],"picked":"Sword Boomerang","floor":30},{"not_picked":["Echonomics","chefmod:TwoForOne"],"picked":"Phantasmal Killer","floor":33},{"not_picked":["Lantern","Streamline"],"picked":"Enlightenment+1","floor":35},{"not_picked":["infinitespire:TheBestDefense","infinitespire:Menacing"],"picked":"infinitespire:Collect","floor":36},{"not_picked":["Keepsakes+1","chefmod:Leftovers"],"picked":"Gash","floor":37},{"not_picked":["Turbo","Flex","Barrage+1"],"picked":"SKIP","floor":38}],"player_experience":268670,"relics_obtained":[{"floor":7,"key":"Question Card"},{"floor":9,"key":"InkBottle"},{"floor":20,"key":"Runesmith:Locket"},{"floor":23,"key":"Runesmith:Nanobots"},{"floor":28,"key":"Odd Mushroom"},{"floor":30,"key":"reliquary:PorcupineQuills"}],"event_choices":[{"damage_healed":0.0,"max_hp_gain":0.0,"max_hp_loss":0.0,"gold_gain":100.0,"event_name":"Golden Shrine","player_choice":"Pray","floor":3.0,"gold_loss":0.0,"damage_taken":0.0},{"cards_removed":["Strike_P"],"damage_healed":0,"gold_gain":0,"player_choice":"Card Removal","damage_taken":0,"max_hp_gain":0,"max_hp_loss":0,"event_name":"The Cleric","floor":11,"gold_loss":50},{"damage_healed":0,"gold_gain":100,"player_choice":"Pray","damage_taken":0,"max_hp_gain":0,"max_hp_loss":0,"event_name":"Golden Shrine","floor":13,"gold_loss":0},{"damage_healed":0,"gold_gain":0,"player_choice":"Success","damage_taken":12,"relics_obtained":["Art of War"],"max_hp_gain":0,"max_hp_loss":0,"event_name":"Scrap Ooze","floor":24,"gold_loss":0},{"damage_healed":0,"gold_gain":0,"player_choice":"Fought Mushrooms","damage_taken":0,"max_hp_gain":0,"max_hp_loss":0,"event_name":"Mushrooms","floor":28,"gold_loss":0},{"damage_healed":0,"gold_gain":0,"player_choice":"Ignored","damage_taken":0,"max_hp_gain":0,"max_hp_loss":0,"event_name":"Liars Game","floor":31,"gold_loss":0},{"damage_healed":0,"gold_gain":0,"player_choice":"Graft","damage_taken":0,"max_hp_gain":8,"max_hp_loss":0,"event_name":"Elementarium:SculptureGarden","floor":39,"gold_loss":0}],"is_beta":false,"boss_relics":[{"not_picked":["Runic Pyramid","Cursed Key"],"picked":"Philosopher\u0027s Stone"},{"not_picked":["reliquary:KinkedSpring","Cursed Key"],"picked":"SacredBark"}],"items_purged_floors":[10],"is_endless":false,"potions_floor_spawned":[4,14,16,18,22,25,27,33,38],"killed_by":"Elementarium:ElementalPortal","ascension_level":0}}