{"host":"ve5hox67eka4rdnb","time":1613223643,"event":{"mods":["ATMod(∞¢Ë™Mod)","AchievementEnabler","Act Like it!","BaseMod","Downfall","Gensokyo","Hermit","Lobotomy","LobotomyExtend","Marisa£®ÏF”Í°°ƒß¿Ì…≥£©","Minty Spire (QoL Compilation)","Quick Restart","Remilia£®¿Ÿ√◊¿Ú—«£©","Replay The Spire","Shop Mod","StSLib"],"gold_per_floor":[115,125,225,96,96,121,137,147,219,245,259,294,306,61,61,166,166,179,193,193,193,118,146,146,146,146],"floor_reached":25,"language":"ZHS","playtime":1164,"items_purged":["Defend_P","Defend_P"],"score":306,"play_id":"69051d9b-c48b-4a91-b96a-315d917601f5","local_time":"20210213214043","is_ascension_mode":true,"campfire_choices":[{"floor":15.0,"key":"REST"},{"data":"Eruption","floor":24.0,"key":"SMITH"}],"circlet_count":0,"master_deck":["Strike_P","Strike_P","Eruption+1","Vigilance","AT_ShrugMaster","Devotion","FollowUp","FlurryOfBlows","Wireheading","Nirvana","Replay:Hum","ThirdEye","Replay:ManipulateFuture","Vault","Weave","Meditate","Replay:Hum"],"relics":["PureWater","AT_ATBox","LetterFromLob","Ginger","Blue Candle","Happy Flower","Replay:PocketPolymizer","Toy Ornithopter","VioletLotus","AT_BellDemon"],"acts_visited":["Exordium","TheCity"],"potions_floor_usage":[],"damage_taken":[{"damage":0.0,"enemies":"Small Slimes","floor":1.0,"turns":4.0},{"damage":0.0,"enemies":"Cultist","floor":2.0,"turns":2.0},{"damage":19.0,"enemies":"3 Sentries","floor":6.0,"turns":5.0},{"damage":7.0,"enemies":"Jaw Worm","floor":7.0,"turns":3.0},{"damage":15.0,"enemies":"Lots of Slimes","floor":8.0,"turns":3.0},{"damage":1.0,"enemies":"Lagavulin","floor":10.0,"turns":5.0},{"damage":9.0,"enemies":"Looter","floor":11.0,"turns":3.0},{"damage":0.0,"enemies":"Gremlin Nob","floor":12.0,"turns":2.0},{"damage":12.0,"enemies":"3 Louse","floor":13.0,"turns":2.0},{"damage":2.0,"enemies":"The Guardian","floor":16.0,"turns":9.0},{"damage":4.0,"enemies":"Chosen","floor":18.0,"turns":5.0},{"damage":30.0,"enemies":"2 Thieves","floor":19.0,"turns":6.0},{"damage":26.0,"enemies":"Gremlin Leader","floor":23.0,"turns":8.0},{"damage":44,"enemies":"Book of Stabbing","floor":25,"turns":5}],"seed_played":"-5007578035901297440","potions_obtained":[{"floor":1.0,"key":"Adrenaline Potion"},{"floor":7.0,"key":"Strength Potion"},{"floor":8.0,"key":"Slimebound:ThreeZeroPotion"},{"floor":12.0,"key":"BottledMiracle"},{"floor":13.0,"key":"Fruit Juice"},{"floor":16.0,"key":"Fire Potion"},{"floor":19.0,"key":"Fruit Juice"},{"floor":23.0,"key":"LifebloodPotion"}],"is_trial":false,"path_per_floor":["M","M","?","$","?","E","M","M","T","E","M","E","M","$","R","B",null,"M","M","M","?","?","E","R","E"],"character_chosen":"WATCHER","items_purchased":["FlurryOfBlows","Toy Ornithopter"],"campfire_rested":1,"item_purchase_floors":[4,14],"current_hp_per_floor":[72,72,72,72,72,53,46,31,31,30,21,21,14,14,37,35,77,73,48,48,48,48,32,32,0,0],"gold":146,"neow_bonus":"ONE_RANDOM_RARE_CARD","is_daily":false,"chose_seed":false,"campfire_upgraded":1,"win_rate":0.0,"timestamp":1613223643,"path_taken":["M","M","?","?","?","E","M","?","T","E","M","E","M","$","R","BOSS","M","M","M","?","?","E","R","E"],"items_purchased_type":["Card","Relic"],"build_version":"2020-12-22","purchased_purges":2,"victory":false,"max_hp_per_floor":[72,72,72,72,72,72,72,72,72,72,72,72,77,77,77,77,77,77,77,77,77,77,82,82,82,82],"card_choices":[{"not_picked":["WreathOfFlame","EmptyMind"],"picked":"FollowUp","floor":1.0},{"not_picked":["PathToVictory","Evaluate","CutThroughFate"],"picked":"SKIP","floor":2.0},{"not_picked":["WindmillStrike","ThirdEye"],"picked":"Wireheading","floor":6.0},{"not_picked":["ThirdEye","CutThroughFate"],"picked":"Nirvana","floor":7.0},{"not_picked":["Consecrate","AT_DivineConfetti","Collect"],"picked":"SKIP","floor":8.0},{"not_picked":["Blasphemy","Collect"],"picked":"Replay:Hum","floor":10.0},{"not_picked":["WreathOfFlame","EmptyMind","CrushJoints"],"picked":"SKIP","floor":11.0},{"not_picked":["Prostrate","EmptyFist","Replay:ManipulateFuture"],"picked":"SKIP","floor":12.0},{"not_picked":["CutThroughFate","Replay:Anticipation"],"picked":"ThirdEye","floor":13.0},{"not_picked":["Blasphemy","DevaForm"],"picked":"Vault","floor":16.0},{"not_picked":["CrushJoints","BowlingBash+1","SignatureMove+1"],"picked":"SKIP","floor":18.0},{"not_picked":["FlyingSleeves","PathToVictory"],"picked":"Weave","floor":19.0},{"not_picked":["PathToVictory","Replay:Battleflow"],"picked":"Meditate","floor":23.0}],"player_experience":217935,"relics_obtained":[{"floor":1.0,"key":"LetterFromLob"},{"floor":6.0,"key":"Ginger"},{"floor":9.0,"key":"Blue Candle"},{"floor":10.0,"key":"Happy Flower"},{"floor":12.0,"key":"Replay:PocketPolymizer"},{"floor":23.0,"key":"AT_BellDemon"}],"event_choices":[{"damage_healed":0.0,"max_hp_gain":0.0,"max_hp_loss":0.0,"gold_gain":100.0,"event_name":"Golden Shrine","player_choice":"Pray","floor":3.0,"gold_loss":0.0,"damage_taken":0.0},{"cards_removed":["Defend_P"],"damage_healed":0.0,"max_hp_gain":0.0,"max_hp_loss":0.0,"gold_gain":0.0,"event_name":"Purifier","player_choice":"Purged","floor":5.0,"gold_loss":0.0,"damage_taken":0.0},{"cards_removed":["Defend_P"],"damage_healed":0.0,"max_hp_gain":0.0,"max_hp_loss":0.0,"gold_gain":0.0,"event_name":"Beggar","player_choice":"Gave Gold","floor":22.0,"gold_loss":75.0,"damage_taken":0.0}],"is_beta":false,"boss_relics":[{"not_picked":["Velvet Choker","Cursed Key"],"picked":"VioletLotus"}],"items_purged_floors":[4,14],"is_endless":false,"potions_floor_spawned":[1,7,8,12,13,16,19,23],"killed_by":"Book of Stabbing","ascension_level":3}}