{"host":"clf2hd4adhiiw0zf","time":1613203624,"event":{"mods":["AchievementEnabler","BaseMod","Beaked The Cultist","Bestiary","Dark Map","Downfall","Gremlin Mod","Hermit","Jorbs\u0027s Wanderer Trilogy","Marisa????????","Minty Spire (QoL Compilation)","Shop Mod","StSLib","The Cursed","The Servant 0.9.4","Wide Potions"],"gold_per_floor":[99,116,128,148,160,260,311,322,122,157,168,318,318,318,337,441,441,341,351,351,110,121,106,106,106,121,150,162,262,272,290,290,290,290],"floor_reached":32,"language":"ENG","playtime":1255,"items_purged":["downfall:Malfunctioning"],"score":399,"play_id":"d794c5fa-254e-4f17-a1d8-566aff58d350","local_time":"20210213010704","is_ascension_mode":true,"campfire_choices":[{"floor":1.0,"key":"RECALL"},{"floor":9.0,"key":"REST"},{"data":"champ:SteelEdge","floor":18.0,"key":"SMITH"}],"circlet_count":0,"master_deck":["AscendersBane","champ:Strike","champ:Strike+1","champ:Strike","champ:Strike","champ:Defend","champ:Defend","champ:Defend","champ:Defend+1","champ:Execute","champ:Taunt","champ:PerfectedStrike","champ:BladeFlurry","champ:FaceSlap+1","champ:TornadoPunch","champ:StrikeOfGenius","champ:AdrenalArmor","champ:GladiatorStyle","champ:DefensiveStyle","downfall:Icky","champ:RageSigil","champ:SteelEdge+1","champ:FlashCut+1","champ:BerserkerStyle","champ:FanOfKnives","downfall:Haunted","RitualDagger+1","champ:PreciseThrust+1","champ:ShieldSlam","champ:CrookedStrike+1","champ:GutPunch+1"],"relics":["expansioncontent:StudyCardRelic","Champion Belt","downfall:HeartBlessingBlue","downfall:HeartBlessingRed","MealTicket","StoneCalendar","Cursed Key","downfall:HeartBlessingGreen","Potion Belt","HornCleat","Lantern","champ:BlackKnightHelmet","Ornamental Fan"],"acts_visited":["Exordium","TheCity"],"potions_floor_usage":[29],"damage_taken":[{"damage":10.0,"enemies":"Cultist","floor":2.0,"turns":2.0},{"damage":10.0,"enemies":"Small Slimes","floor":3.0,"turns":2.0},{"damage":22.0,"enemies":"Jaw Worm","floor":4.0,"turns":2.0},{"damage":22.0,"enemies":"2 Fungi Beasts","floor":5.0,"turns":3.0},{"damage":38.0,"enemies":"2 Fungi Beasts","floor":6.0,"turns":4.0},{"damage":12.0,"enemies":"Exordium Wildlife","floor":8.0,"turns":2.0},{"damage":15.0,"enemies":"3 Sentries","floor":10.0,"turns":5.0},{"damage":10.0,"enemies":"Large Slime","floor":11.0,"turns":4.0},{"damage":0.0,"enemies":"2 Fungi Beasts","floor":15.0,"turns":3.0},{"damage":36.0,"enemies":"SI_SHIV_ARCHETYPE","floor":16.0,"turns":7.0},{"damage":8.0,"enemies":"Shell Parasite","floor":19.0,"turns":3.0},{"damage":10.0,"enemies":"downfall:FleeingMerchant","floor":21.0,"turns":4.0},{"damage":0.0,"enemies":"Chosen","floor":22.0,"turns":3.0},{"damage":55.0,"enemies":"downfall:FleeingMerchant","floor":23.0,"turns":4.0},{"damage":49.0,"enemies":"Centurion and Healer","floor":26.0,"turns":4.0},{"damage":24.0,"enemies":"Book of Stabbing","floor":27.0,"turns":3.0},{"damage":33.0,"enemies":"Snake Plant","floor":28.0,"turns":4.0},{"damage":30,"enemies":"Snake Plant","floor":29,"turns":4},{"damage":8,"enemies":"Sentry and Sphere","floor":30,"turns":5},{"damage":8,"enemies":"Snecko","floor":31,"turns":4},{"damage":9,"enemies":"Snake Plant","floor":32,"turns":1}],"seed_played":"-7246023180947118284","potions_obtained":[{"floor":3.0,"key":"Strength Potion"},{"floor":4.0,"key":"Energy Potion"},{"floor":11.0,"key":"Explosive Potion"},{"floor":22.0,"key":"ColorlessPotion"},{"floor":25.0,"key":"CultistPotion"},{"floor":26.0,"key":"PowerPotion"},{"floor":27.0,"key":"champ:TechniquePotion"}],"is_trial":false,"path_per_floor":["R","M","M","M","M","?","T","M","R","E","M","?","T","?","M","B",null,"R","M","?","$","M","$","T","?","M","E","M","?","M","M","M"],"character_chosen":"THE_CHAMP","items_purchased":["Potion Belt"],"campfire_rested":1,"item_purchase_floors":[21],"current_hp_per_floor":[81,81,81,69,57,29,29,17,57,42,42,42,42,42,42,21,80,80,72,72,87,87,94,94,94,65,41,29,9,9,9,0,0,0],"gold":290,"neow_bonus":"BOSS_RELIC","is_daily":false,"chose_seed":false,"campfire_upgraded":1,"win_rate":0.0,"timestamp":1613203624,"path_taken":["R","M","M","M","M","?","T","M","R","E","M","?","?","?","M","BOSS","R","M","?","$","M","$","T","?","M","E","M","?","M","M","M"],"items_purchased_type":["Relic"],"build_version":"2020-12-22","purchased_purges":1,"victory":false,"max_hp_per_floor":[90,90,90,90,90,90,90,90,100,100,100,100,100,100,100,100,100,100,100,100,100,100,100,100,100,100,100,100,100,100,100,100,100,100],"card_choices":[{"not_picked":["champ:EnragedBash","champ:PreemptiveStrike"],"picked":"champ:PerfectedStrike","floor":2.0},{"not_picked":["champ:Backstep","champ:BerserkersShout"],"picked":"champ:BladeFlurry","floor":3.0},{"not_picked":["champ:Shatter","champ:Haymaker"],"picked":"champ:FaceSlap","floor":4.0},{"not_picked":["champ:Circumvent","champ:PreciseThrust"],"picked":"champ:TornadoPunch","floor":5.0},{"not_picked":["champ:Backstep","champ:StanceDance"],"picked":"champ:StrikeOfGenius","floor":6.0},{"not_picked":["champ:BringItOn","champ:Circumvent"],"picked":"champ:AdrenalArmor","floor":8.0},{"not_picked":["champ:CrownThrow","champ:FlashCut"],"picked":"champ:GladiatorStyle","floor":10.0},{"not_picked":["champ:Circumvent","champ:ShieldSigil"],"picked":"champ:DefensiveStyle","floor":11.0},{"not_picked":["champ:TornadoPunch","champ:AdrenalArmor"],"picked":"champ:RageSigil","floor":15.0},{"not_picked":["champ:VampiricStrike","champ:TripleStrike"],"picked":"champ:SteelEdge","floor":16.0},{"not_picked":["champ:Circumvent+1","champ:ShieldSigil","champ:AdrenalArmor"],"picked":"SKIP","floor":19.0},{"not_picked":["champ:ViciousMockery","champ:ArenaPreparation"],"picked":"champ:FlashCut+1","floor":21.0},{"not_picked":["champ:EnGarde","champ:CrownThrow"],"picked":"champ:BerserkerStyle","floor":22.0},{"not_picked":["champ:GutPunch","champ:BringItOn"],"picked":"champ:FanOfKnives","floor":23.0},{"not_picked":["champ:BringItOn","champ:BladeFlurry"],"picked":"champ:PreciseThrust+1","floor":26.0},{"not_picked":["champ:Devastate","champ:PreciseThrust"],"picked":"champ:ShieldSlam","floor":27.0},{"not_picked":["champ:ViciousMockery","champ:FocusedBerserking"],"picked":"champ:CrookedStrike+1","floor":28.0},{"not_picked":["champ:CrownThrow","champ:EnGarde+1"],"picked":"champ:GutPunch+1","floor":30},{"not_picked":["champ:Backstep","champ:Shatter","champ:FalseCounter"],"picked":"SKIP","floor":31}],"player_experience":273459,"relics_obtained":[{"floor":6.0,"key":"Champion Belt"},{"floor":10.0,"key":"MealTicket"},{"floor":13.0,"key":"StoneCalendar"},{"floor":24.0,"key":"HornCleat"},{"floor":27.0,"key":"Lantern"},{"floor":29,"key":"champ:BlackKnightHelmet"},{"floor":29,"key":"Ornamental Fan"}],"event_choices":[],"is_beta":false,"boss_relics":[{"not_picked":["Astrolabe","Snecko Eye"],"picked":"Cursed Key"}],"items_purged_floors":[21],"is_endless":false,"potions_floor_spawned":[3,4,11,22,26,27],"killed_by":"Snake Plant","ascension_level":10}}