{"host":"3ovdp3kj1t94ivgi","time":1613227583,"event":{"mods":["BaseMod","Downfall","Luminous","Minty Spire (QoL Compilation)","Shade Mod","StSLib","The Necromancer"],"gold_per_floor":[99,113,113,22,22,97,97,97,97],"floor_reached":8,"language":"ENG","playtime":365,"items_purged":[],"score":46,"play_id":"50ce76b0-a91b-41b6-a19b-3029584d3da4","local_time":"20210213224623","is_ascension_mode":true,"campfire_choices":[{"floor":1,"key":"RECALL"}],"circlet_count":0,"master_deck":["Luminous:Light_Flash_Shower","Luminous:Light_Flash_Shower+1","Luminous:Light_Flash_Shower","Luminous:Dark_Abyssal_Drop","Luminous:Dark_Abyssal_Drop","Luminous:Dark_Abyssal_Drop","Luminous:Defend_Luminous","Luminous:Defend_Luminous","Luminous:Defend_Luminous","Luminous:Defend_Luminous","Luminous:Switch_Luminous","Luminous:Mana_Well_Luminous","Injury","Luminous:Dark_Arcane_Pitch+1","Luminous:Erosion_Luminous"],"relics":["Luminous:MirrorRelic","Golden Idol","Kunai"],"acts_visited":["Exordium"],"potions_floor_usage":[8],"damage_taken":[{"damage":7,"enemies":"Small Slimes","floor":2,"turns":4},{"damage":2,"enemies":"downfall:FleeingMerchant","floor":4,"turns":4},{"damage":51,"enemies":"3 Sentries","floor":8,"turns":8}],"seed_played":"-1283580258403986079","potions_obtained":[{"floor":2,"key":"PowerPotion"}],"is_trial":false,"path_per_floor":["R","M","?","$","?","?","T","E"],"character_chosen":"LuminousClass","items_purchased":["Luminous:Erosion_Luminous"],"campfire_rested":0,"item_purchase_floors":[4],"current_hp_per_floor":[82,75,75,73,57,46,46,0,0],"gold":97,"neow_bonus":"TEN_PERCENT_HP_BONUS","is_daily":false,"chose_seed":false,"campfire_upgraded":0,"win_rate":0.0,"timestamp":1613227583,"path_taken":["R","M","?","$","?","?","T","E"],"items_purchased_type":["Card"],"build_version":"2020-12-13","purchased_purges":0,"victory":false,"max_hp_per_floor":[82,82,82,82,82,82,82,82,82],"card_choices":[{"not_picked":["Luminous:Dark_Extract","Luminous:Light_Sylvan_Lance"],"picked":"Luminous:Mana_Well_Luminous","floor":2},{"not_picked":["Luminous:Accumulation_Luminous","Luminous:Light_Reflection"],"picked":"Luminous:Dark_Arcane_Pitch","floor":4}],"player_experience":61872,"relics_obtained":[{"floor":7,"key":"Kunai"}],"event_choices":[{"damage_healed":0,"gold_gain":0,"player_choice":"Take Wound","damage_taken":0,"relics_obtained":["Golden Idol"],"max_hp_gain":0,"max_hp_loss":0,"event_name":"Golden Idol","floor":3,"gold_loss":0,"cards_obtained":["Injury"]},{"damage_healed":0,"gold_gain":0,"player_choice":"Entered Light","damage_taken":16,"max_hp_gain":0,"max_hp_loss":0,"event_name":"Shining Light","floor":5,"gold_loss":0,"cards_upgraded":["Luminous:Light_Flash_Shower","Luminous:Dark_Arcane_Pitch"]},{"damage_healed":0,"gold_gain":75,"player_choice":"Gather Gold","damage_taken":11,"max_hp_gain":0,"max_hp_loss":0,"event_name":"World of Goop","floor":6,"gold_loss":0}],"is_beta":false,"boss_relics":[],"items_purged_floors":[],"is_endless":false,"potions_floor_spawned":[2],"killed_by":"3 Sentries","ascension_level":2}}