{"host":"ypphcgdomtfqpc2w","time":1613225661,"event":{"mods":["BaseMod","Minty Spire (QoL Compilation)","StSLib"],"gold_per_floor":[363,28,39,39,58,58,78,78,105,105,118,144,159,488,488,488,488],"floor_reached":16,"language":"ENG","playtime":959,"items_purged":["Defend_G"],"score":274,"play_id":"dc5c9aa1-3193-4b88-ad2f-25de0bf741d7","local_time":"20210213231421","is_ascension_mode":true,"campfire_choices":[{"data":"Poisoned Stab","floor":6,"key":"SMITH"},{"data":"Bane","floor":8,"key":"SMITH"},{"floor":10,"key":"REST"},{"data":"Dash","floor":15,"key":"SMITH"}],"circlet_count":0,"master_deck":["AscendersBane","Strike_G","Strike_G","Strike_G","Strike_G","Strike_G","Defend_G","Defend_G","Defend_G","Defend_G","Survivor","Neutralize","Leg Sweep","Blur","Slice","Poisoned Stab+1","Bane+1","Cloak And Dagger","Dash+1","PiercingWail","PiercingWail","Bullet Time"],"relics":["Ring of the Snake","Sling","Potion Belt","Juzu Bracelet","Old Coin"],"acts_visited":["Exordium"],"potions_floor_usage":[14,16],"damage_taken":[{"damage":14,"enemies":"Jaw Worm","floor":1,"turns":7},{"damage":0,"enemies":"Cultist","floor":3,"turns":4},{"damage":5,"enemies":"2 Louse","floor":5,"turns":4},{"damage":6,"enemies":"Red Slaver","floor":7,"turns":4},{"damage":4,"enemies":"3 Louse","floor":11,"turns":4},{"damage":9,"enemies":"Lagavulin","floor":12,"turns":5},{"damage":4,"enemies":"Blue Slaver","floor":13,"turns":4},{"damage":0,"enemies":"Gremlin Nob","floor":14,"turns":3},{"damage":36,"enemies":"Slime Boss","floor":16,"turns":8}],"seed_played":"-904222065647337863","potions_obtained":[{"floor":1,"key":"Weak Potion"},{"floor":11,"key":"AttackPotion"}],"is_trial":false,"path_per_floor":["M","$","M","?","M","R","M","R","T","R","M","E","M","E","R","B"],"character_chosen":"THE_SILENT","items_purchased":["Sling","Blur","Slice"],"campfire_rested":1,"item_purchase_floors":[2,2,2],"current_hp_per_floor":[45,45,45,45,40,40,34,34,34,52,48,39,35,35,35,0,0],"gold":488,"neow_bonus":"TWO_FIFTY_GOLD","is_daily":false,"chose_seed":false,"campfire_upgraded":3,"win_rate":0.0,"timestamp":1613225661,"path_taken":["M","$","M","?","M","R","M","R","T","R","M","E","M","E","R","BOSS"],"items_purchased_type":["Relic","Card","Card"],"build_version":"2020-12-22","purchased_purges":1,"victory":false,"max_hp_per_floor":[60,60,60,60,60,60,60,60,60,60,60,60,60,60,60,60,60],"card_choices":[{"not_picked":["Quick Slash","Bane"],"picked":"Leg Sweep","floor":1},{"not_picked":["Flying Knee","Finisher"],"picked":"Poisoned Stab","floor":3},{"not_picked":["Cloak And Dagger","Prepared"],"picked":"Bane","floor":5},{"not_picked":["PiercingWail","Flechettes"],"picked":"Cloak And Dagger","floor":7},{"not_picked":["Sucker Punch","PiercingWail"],"picked":"Dash","floor":11},{"not_picked":["Dodge and Roll","Unload"],"picked":"PiercingWail","floor":12},{"not_picked":["Quick Slash","Choke"],"picked":"PiercingWail","floor":13},{"not_picked":["Flying Knee","Backflip"],"picked":"Bullet Time","floor":14}],"player_experience":2177057,"relics_obtained":[{"floor":9,"key":"Potion Belt"},{"floor":12,"key":"Juzu Bracelet"},{"floor":14,"key":"Old Coin"}],"event_choices":[{"damage_healed":0,"gold_gain":0,"player_choice":"Ignored","damage_taken":0,"max_hp_gain":0,"max_hp_loss":0,"event_name":"Liars Game","floor":4,"gold_loss":0}],"is_beta":false,"boss_relics":[],"items_purged_floors":[2],"is_endless":false,"potions_floor_spawned":[1,11],"killed_by":"Slime Boss","ascension_level":20}}