{"host":"677pyieivi7bw41p","time":1613260805,"event":{"mods":["BaseMod","Minty Spire (QoL Compilation)"],"gold_per_floor":[359,51,51,51,51,84,100,56,56,80,28,53,3,46,46,175,175,200,244,264,278,299,330,345,345,345,376,376,399,30,50,50,178,178,198,11,26,45,61,61,61,61,88,188,211,211,234,249,249,249],"floor_reached":51,"language":"ENG","playtime":3731,"items_purged":["Doubt","Strike_G"],"score":826,"play_id":"d1bb3296-fb30-4053-b77b-2aa780ae59ae","local_time":"20210213180005","is_ascension_mode":false,"campfire_choices":[{"floor":15.0,"key":"REST"},{"data":"Footwork","floor":25,"key":"SMITH"},{"data":"Finisher","floor":32,"key":"SMITH"},{"data":"Accuracy","floor":40,"key":"SMITH"},{"data":"Infinite Blades","floor":42,"key":"SMITH"},{"data":"Well Laid Plans","floor":46,"key":"SMITH"},{"data":"Choke","floor":49,"key":"SMITH"}],"circlet_count":0,"master_deck":["Strike_G+1","Defend_G","Defend_G","Defend_G","Defend_G","Defend_G","Survivor","Neutralize+1","Finisher+1","Blade Dance+1","Dodge and Roll+1","Dodge and Roll+1","Burst+1","Blade Dance+1","Blade Dance+1","Doppelganger+1","Flechettes+1","Blade Dance+1","Footwork+1","Prepared+1","Choke+1","Deflect+1","Dodge and Roll+1","J.A.X.+1","Burst+1","Cloak And Dagger+1","Phantasmal Killer+1","Accuracy+1","Backflip+1","Infinite Blades+1","PiercingWail+1","Quick Slash+1","Dagger Throw+1","Well Laid Plans+1","Infinite Blades"],"relics":["Ring of the Snake","Toxic Egg 2","Golden Idol","Letter Opener","Lantern","Happy Flower","Cursed Key","Red Mask","Whetstone","Gremlin Horn","Kunai","DollysMirror","Omamori","Calling Bell","Art of War","Molten Egg 2","Du-Vu Doll","Centennial Puzzle"],"acts_visited":["Exordium","TheCity","TheBeyond"],"potions_floor_usage":[38],"damage_taken":[{"damage":7.0,"enemies":"Small Slimes","floor":1.0,"turns":4.0},{"damage":24.0,"enemies":"Gremlin Nob","floor":6.0,"turns":4.0},{"damage":0.0,"enemies":"2 Louse","floor":7.0,"turns":1.0},{"damage":0.0,"enemies":"Jaw Worm","floor":10.0,"turns":5.0},{"damage":0.0,"enemies":"2 Fungi Beasts","floor":12.0,"turns":2.0},{"damage":0.0,"enemies":"Lagavulin","floor":14.0,"turns":6.0},{"damage":7,"enemies":"Slime Boss","floor":16,"turns":8},{"damage":0,"enemies":"3 Byrds","floor":18,"turns":3},{"damage":0,"enemies":"Masked Bandits","floor":19,"turns":3},{"damage":0,"enemies":"2 Thieves","floor":20,"turns":4},{"damage":3,"enemies":"Snecko","floor":21,"turns":3},{"damage":0,"enemies":"3 Cultists","floor":22,"turns":3},{"damage":0,"enemies":"Gremlin Leader","floor":23,"turns":5},{"damage":0,"enemies":"Chosen and Byrds","floor":24,"turns":3},{"damage":0,"enemies":"Slavers","floor":27,"turns":3},{"damage":0,"enemies":"Cultist and Chosen","floor":29,"turns":6},{"damage":0,"enemies":"Snecko","floor":31,"turns":2},{"damage":11,"enemies":"Collector","floor":33,"turns":5},{"damage":0,"enemies":"Orb Walker","floor":35,"turns":2},{"damage":3,"enemies":"3 Shapes","floor":37,"turns":1},{"damage":19,"enemies":"Transient","floor":38,"turns":5},{"damage":0,"enemies":"3 Darklings","floor":39,"turns":3},{"damage":0,"enemies":"4 Shapes","floor":45,"turns":2},{"damage":0,"enemies":"Maw","floor":47,"turns":4},{"damage":0,"enemies":"Sphere and 2 Shapes","floor":48,"turns":3},{"damage":9,"enemies":"Time Eater","floor":50,"turns":5}],"seed_played":"2512185792706669039","potions_obtained":[{"floor":1.0,"key":"PowerPotion"},{"floor":7.0,"key":"Explosive Potion"},{"floor":16,"key":"AttackPotion"},{"floor":21,"key":"GhostInAJar"},{"floor":27,"key":"SpeedPotion"},{"floor":39,"key":"SmokeBomb"}],"is_trial":false,"path_per_floor":["M","$","?","?","?","E","M","?","T","M","$","M","?","E","R","B",null,"M","?","M","M","M","E","M","R","T","E","?","M","$","M","R","B",null,"M","$","M","M","M","R","?","R","T","?","M","R","M","M","R","B",null],"character_chosen":"THE_SILENT","items_purchased":["Toxic Egg 2","Blade Dance+1","Block Potion","DollysMirror","Omamori","Backflip+1","Infinite Blades"],"campfire_rested":1,"item_purchase_floors":[2,2,11,30,30,36,36],"current_hp_per_floor":[63,63,46,46,39,15,15,15,15,15,15,15,15,15,36,29,70,70,70,70,67,67,67,67,67,67,67,67,67,67,67,67,56,70,70,70,67,48,48,48,48,48,48,48,48,48,48,48,48,39],"gold":249,"neow_bonus":"TWO_FIFTY_GOLD","is_daily":false,"chose_seed":false,"campfire_upgraded":6,"win_rate":0.0,"timestamp":1613260805,"path_taken":["M","$","?","?","?","E","M","?","T","?","$","M","?","E","R","BOSS","M","?","M","M","M","E","M","R","T","E","?","M","$","M","R","BOSS","M","$","M","M","M","R","?","R","T","?","M","R","M","M","R","BOSS"],"items_purchased_type":["Relic","Card","Potion","Relic","Relic","Card","Card"],"build_version":"2020-12-22","purchased_purges":2,"victory":true,"max_hp_per_floor":[70,70,70,70,70,70,70,70,70,70,70,70,70,70,70,70,70,70,70,70,70,70,70,70,70,70,70,70,70,70,70,70,70,70,70,70,70,70,70,70,70,70,70,70,70,70,70,70,70,70],"card_choices":[{"not_picked":["Outmaneuver","Backflip"],"picked":"Finisher","floor":1.0},{"not_picked":["Bouncing Flask+1","Deadly Poison+1"],"picked":"Dodge and Roll+1","floor":6.0},{"not_picked":["Deflect+1","Heel Hook"],"picked":"Dodge and Roll+1","floor":7.0},{"not_picked":["Masterful Stab","Noxious Fumes"],"picked":"Burst+1","floor":10.0},{"not_picked":["Heel Hook","Quick Slash"],"picked":"Blade Dance+1","floor":12.0},{"not_picked":["Setup+1","Slice"],"picked":"Blade Dance+1","floor":14.0},{"not_picked":["Phantasmal Killer+1","Bullet Time+1"],"picked":"Doppelganger+1","floor":16},{"not_picked":["Riddle With Holes+1","Concentrate+1"],"picked":"Flechettes+1","floor":18},{"not_picked":["Poisoned Stab+1","Caltrops"],"picked":"Blade Dance+1","floor":19},{"not_picked":["Quick Slash","Cloak And Dagger+1"],"picked":"Footwork","floor":20},{"not_picked":["Reflex+1","Blade Dance+1"],"picked":"Prepared+1","floor":21},{"not_picked":["Outmaneuver+1","Flying Knee"],"picked":"Choke","floor":22},{"not_picked":["Blade Dance+1","Bullet Time+1"],"picked":"Deflect+1","floor":23},{"not_picked":["Poisoned Stab","Heel Hook+1","Distraction+1"],"picked":"SKIP","floor":24},{"not_picked":["Backflip+1","Flying Knee"],"picked":"Dodge and Roll+1","floor":27},{"not_picked":["Eviscerate","Predator","Backflip+1"],"picked":"SKIP","floor":29},{"not_picked":["Crippling Poison+1","Sucker Punch"],"picked":"Cloak And Dagger+1","floor":31},{"not_picked":["Tools of the Trade","Wraith Form v2"],"picked":"Phantasmal Killer+1","floor":33},{"not_picked":["Sucker Punch+1","Distraction+1"],"picked":"Accuracy","floor":35},{"not_picked":["Riddle With Holes+1","Outmaneuver+1","PiercingWail+1"],"picked":"SKIP","floor":37},{"not_picked":["Riddle With Holes+1","Outmaneuver+1"],"picked":"PiercingWail+1","floor":37},{"not_picked":["Deadly Poison+1","Bane+1"],"picked":"Quick Slash+1","floor":38},{"not_picked":["Poisoned Stab+1","Eviscerate+1"],"picked":"Dagger Throw+1","floor":39},{"not_picked":["Deadly Poison+1","Deflect+1"],"picked":"Well Laid Plans","floor":45},{"not_picked":["PiercingWail+1","Dagger Spray+1"],"picked":"Infinite Blades","floor":47},{"not_picked":["Poisoned Stab+1","Setup+1","Flying Knee+1"],"picked":"SKIP","floor":48}],"player_experience":12289,"relics_obtained":[{"floor":6.0,"key":"Letter Opener"},{"floor":9.0,"key":"Lantern"},{"floor":14.0,"key":"Happy Flower"},{"floor":19,"key":"Red Mask"},{"floor":23,"key":"Whetstone"},{"floor":26,"key":"Gremlin Horn"},{"floor":27,"key":"Kunai"},{"floor":34,"key":"Art of War"},{"floor":34,"key":"Molten Egg 2"},{"floor":34,"key":"Du-Vu Doll"},{"floor":43,"key":"Centennial Puzzle"}],"event_choices":[{"damage_healed":0.0,"max_hp_gain":0.0,"max_hp_loss":0.0,"gold_gain":0.0,"event_name":"Golden Idol","player_choice":"Take Damage","floor":3.0,"gold_loss":0.0,"damage_taken":17.0,"relics_obtained":["Golden Idol"]},{"cards_removed":["Clumsy"],"damage_healed":0.0,"max_hp_gain":0.0,"max_hp_loss":0.0,"gold_gain":0.0,"event_name":"Living Wall","player_choice":"Forget","floor":4.0,"gold_loss":0.0,"damage_taken":0.0},{"cards_removed":["Strike_G"],"damage_healed":0.0,"max_hp_gain":0.0,"max_hp_loss":0.0,"gold_gain":0.0,"event_name":"Golden Wing","player_choice":"Card Removal","floor":5.0,"gold_loss":0.0,"damage_taken":7.0},{"damage_healed":0.0,"max_hp_gain":0.0,"max_hp_loss":0.0,"gold_gain":0.0,"event_name":"World of Goop","player_choice":"Left Gold","floor":8.0,"gold_loss":44.0,"damage_taken":0.0},{"cards_removed":["Strike_G"],"damage_healed":0.0,"max_hp_gain":0.0,"max_hp_loss":0.0,"gold_gain":0.0,"event_name":"The Cleric","player_choice":"Card Removal","floor":13.0,"gold_loss":50.0,"damage_taken":0.0},{"damage_healed":0,"gold_gain":0,"player_choice":"Fought Bandits","damage_taken":0,"max_hp_gain":0,"max_hp_loss":0,"event_name":"Masked Bandits","floor":19,"gold_loss":0},{"damage_healed":0,"gold_gain":0,"player_choice":"Obtain J.A.X.","damage_taken":0,"max_hp_gain":0,"max_hp_loss":0,"event_name":"Drug Dealer","floor":28,"gold_loss":0,"cards_obtained":["J.A.X."]},{"cards_removed":["Strike_G"],"damage_healed":0,"gold_gain":0,"player_choice":"Removed Attack","damage_taken":0,"max_hp_gain":0,"max_hp_loss":0,"event_name":"Falling","floor":41,"gold_loss":0},{"damage_healed":0,"gold_gain":100,"player_choice":"Pray","damage_taken":0,"max_hp_gain":0,"max_hp_loss":0,"event_name":"Golden Shrine","floor":44,"gold_loss":0}],"is_beta":false,"boss_relics":[{"not_picked":["SacredBark","Black Star"],"picked":"Cursed Key"},{"not_picked":["HoveringKite","Snecko Eye"],"picked":"Calling Bell"}],"items_purged_floors":[30,36],"is_endless":false,"potions_floor_spawned":[1,7,16,21,23,27,31,39,45,47],"ascension_level":0}}