{"host":"cnq91ghfhf6lz0gv","time":1613184944,"event":{"mods":["BaseMod","Clockwork Mod","Colored Map","Colored Powertips","Conspire","Downfall","Googly Eyes","Hermit","Highlight Path","Minty Spire (QoL Compilation)","Morshu Shopkeeper - ENHANCED","Reliquary","Replay The Spire","StSLib","SuperFastMode","The IronCluck","The Showman","slay the spire mod where everything is the same but ironclad has a cowboy hat"],"gold_per_floor":[118,118,134,134,154,74,103,133,187,206,223,223,268,285,285,292,292],"floor_reached":16,"language":"ENG","playtime":879,"items_purged":[],"score":102,"play_id":"39f58b4d-d330-454f-961f-7fd7d9c9b94b","local_time":"20210212215544","is_ascension_mode":false,"campfire_choices":[{"data":"hermit:Quickdraw","floor":12,"key":"SMITH"}],"circlet_count":0,"master_deck":["hermit:Strike_Hermit","hermit:Strike_Hermit","hermit:Strike_Hermit","hermit:Strike_Hermit","hermit:Defend_Hermit","hermit:Defend_Hermit","hermit:Defend_Hermit","hermit:Defend_Hermit","hermit:Snapshot","hermit:Covet","hermit:Enervate","hermit:GoldenBullet","hermit:WideOpen","hermit:Quickdraw+1","hermit:ShadowCloak+1","hermit:Scavenge+1","hermit:EyeOfTheStorm+1"],"relics":["hermit:Momento","NeowsBlessing","Centennial Puzzle","Replay:Wax Seal","Toxic Egg 2","reliquary:Stiletto","Replay:Ringing Soul"],"acts_visited":["Exordium"],"potions_floor_usage":[7,16,16],"damage_taken":[{"damage":0.0,"enemies":"conspire:RoseBush","floor":1.0,"turns":1.0},{"damage":0.0,"enemies":"Cultist","floor":3.0,"turns":1.0},{"damage":0.0,"enemies":"2 Louse","floor":5.0,"turns":4.0},{"damage":17,"enemies":"3 Sentries","floor":7,"turns":7},{"damage":0,"enemies":"Looter","floor":10,"turns":1},{"damage":0,"enemies":"Large Slime","floor":11,"turns":4},{"damage":26,"enemies":"conspire:MimicChest","floor":13,"turns":7},{"damage":4,"enemies":"Blue Slaver","floor":14,"turns":2},{"damage":41,"enemies":"Slime Boss","floor":16,"turns":11}],"seed_played":"8323788395880474652","potions_obtained":[{"floor":1.0,"key":"AttackPotion"},{"floor":2.0,"key":"Explosive Potion"},{"floor":2.0,"key":"Venom Potion"},{"floor":11,"key":"ColorlessPotion"}],"is_trial":false,"path_per_floor":["M","?","M","?","M","$","E","?","T","M","M","R","?","M","R_BF","B"],"character_chosen":"HERMIT","items_purchased":["Replay:Wax Seal"],"campfire_rested":0,"item_purchase_floors":[6],"current_hp_per_floor":[75,75,75,50,50,50,33,33,33,33,33,33,10,9,33,0,0],"gold":292,"neow_bonus":"THREE_ENEMY_KILL","is_daily":false,"chose_seed":false,"campfire_upgraded":1,"win_rate":0.0,"timestamp":1613184944,"path_taken":["M","?","?","?","M","$","E","?","T","M","M","R","?","M","R_BF","BOSS"],"items_purchased_type":["Relic"],"build_version":"2020-12-22","purchased_purges":0,"victory":false,"max_hp_per_floor":[75,75,75,75,75,75,75,75,75,75,75,75,78,81,81,81,81],"card_choices":[{"not_picked":["hermit:Ricochet","hermit:WideOpen"],"picked":"hermit:Enervate","floor":1.0},{"not_picked":["hermit:Determination","hermit:Shortfuse"],"picked":"hermit:GoldenBullet","floor":3.0},{"not_picked":["hermit:Vantage","hermit:Shortfuse"],"picked":"hermit:WideOpen","floor":5.0},{"not_picked":["hermit:Cheat+1","hermit:Purgatory"],"picked":"hermit:Quickdraw","floor":7},{"not_picked":["hermit:Desperado","hermit:Headshot","hermit:CalledShot"],"picked":"SKIP","floor":10},{"not_picked":["hermit:CursedWeapon","hermit:Malice"],"picked":"hermit:ShadowCloak","floor":11},{"not_picked":["hermit:Malice","hermit:TrackingShot"],"picked":"hermit:Scavenge+1","floor":13},{"not_picked":["hermit:ItchyTrigger","hermit:Coalescence+1"],"picked":"hermit:EyeOfTheStorm+1","floor":14}],"player_experience":232212,"relics_obtained":[{"floor":7,"key":"Toxic Egg 2"},{"floor":9,"key":"reliquary:Stiletto"},{"floor":13,"key":"Replay:Ringing Soul"}],"event_choices":[{"damage_healed":0.0,"max_hp_gain":0.0,"max_hp_loss":0.0,"gold_gain":0.0,"event_name":"Lab","player_choice":"Got Potions","floor":2.0,"gold_loss":0.0,"damage_taken":0.0},{"damage_healed":0.0,"max_hp_gain":0.0,"max_hp_loss":0.0,"gold_gain":0.0,"event_name":"Scrap Ooze","player_choice":"Success","floor":4.0,"gold_loss":0.0,"damage_taken":25.0,"relics_obtained":["Centennial Puzzle"]},{"damage_healed":0,"gold_gain":30,"player_choice":"Searched \u00272\u0027 times","damage_taken":0,"max_hp_gain":0,"max_hp_loss":0,"event_name":"Dead Adventurer","floor":8,"gold_loss":0}],"is_beta":false,"boss_relics":[],"items_purged_floors":[],"is_endless":false,"potions_floor_spawned":[1,11,13],"killed_by":"Slime Boss","ascension_level":0}}