{"host":"gnzlh62i2jn8yl8d","time":1613199657,"event":{"mods":["AchievementEnabler","BaseMod","Marisa£¨Ùöéë¡¡Øª×âÞÞ£©","Minty Spire (QoL Compilation)","SuperFastMode","everything is the same but u backflip on backflip"],"gold_per_floor":[112,112,21,35,58,69,98,98],"floor_reached":7,"language":"KOR","playtime":446,"items_purged":[],"score":51,"play_id":"cdf633a9-3061-4eb7-a000-63c034330b63","local_time":"20210213160057","is_ascension_mode":false,"campfire_choices":[],"circlet_count":0,"master_deck":["Strike_MRS","Strike_MRS","Strike_MRS","Strike_MRS","Defend_MRS","Defend_MRS","Defend_MRS","Defend_MRS","MasterSpark","UpSweep","DoubleSpark+1","Acceleration","EnergyFlow","EnergyFlow","AsteroidBelt"],"relics":["MiniHakkero","NeowsBlessing","Tiny Chest","HornCleat"],"acts_visited":["Exordium"],"potions_floor_usage":[],"damage_taken":[{"damage":0,"enemies":"Small Slimes","floor":1,"turns":1},{"damage":0,"enemies":"Cultist","floor":4,"turns":1},{"damage":0,"enemies":"Jaw Worm","floor":6,"turns":1},{"damage":18,"enemies":"3 Sentries","floor":7,"turns":8}],"seed_played":"-4347310884587088790","potions_obtained":[],"is_trial":false,"path_per_floor":["M","?","$","M","T","M","E"],"character_chosen":"MARISA","items_purchased":["Acceleration","EnergyFlow"],"campfire_rested":0,"item_purchase_floors":[3,3],"current_hp_per_floor":[75,75,75,75,75,75,57,57],"gold":98,"neow_bonus":"THREE_ENEMY_KILL","is_daily":false,"chose_seed":false,"campfire_upgraded":0,"win_rate":0.0,"timestamp":1613199657,"path_taken":["M","?","$","?","?","M","E"],"items_purchased_type":["Card","Card"],"build_version":"2020-12-22","purchased_purges":0,"victory":false,"max_hp_per_floor":[75,75,75,75,75,75,75,75],"card_choices":[{"not_picked":["WitchOfGreed","IllusionStar"],"picked":"DoubleSpark","floor":1},{"not_picked":["Occultation","GravityBeat"],"picked":"EnergyFlow","floor":4},{"not_picked":["WitchOfGreed","Orbital"],"picked":"AsteroidBelt","floor":6},{"not_picked":["EventHorizon","CasketOfStar","WitchOfGreed"],"picked":"SKIP","floor":7}],"player_experience":139034,"relics_obtained":[{"floor":5,"key":"Tiny Chest"},{"floor":7,"key":"HornCleat"}],"event_choices":[{"damage_healed":0,"gold_gain":0,"player_choice":"Forge","damage_taken":0,"max_hp_gain":0,"max_hp_loss":0,"event_name":"Accursed Blacksmith","floor":2,"gold_loss":0,"cards_upgraded":["DoubleSpark"]}],"is_beta":false,"boss_relics":[],"items_purged_floors":[],"is_endless":false,"potions_floor_spawned":[],"killed_by":"3 Sentries","ascension_level":0}}