{"host":"q8mjpf3krl0t4p3x","time":1613194475,"event":{"mods":["BaseMod","Colored Map","Colored Powertips","Googly Eyes","Minty Spire (QoL Compilation)","Quick Restart","StSLib","everything is the same but u backflip on backflip","slay the spire mod where everything is the same but ironclad has a cowboy hat"],"gold_per_floor":[117,66,66,66,66,92,117,129,141,168,215,227,259,283,295,307,307],"floor_reached":16,"language":"ENG","playtime":350,"items_purged":[],"score":184,"play_id":"1b2dd377-b099-4640-8a9c-9bcbd386b65f","local_time":"20210212213435","is_ascension_mode":true,"campfire_choices":[{"data":"Hemokinesis","floor":8,"key":"SMITH"},{"data":"Headbutt","floor":12,"key":"SMITH"},{"data":"Wild Strike","floor":15,"key":"SMITH"}],"circlet_count":0,"master_deck":["AscendersBane","Strike_R","Strike_R","Strike_R","Strike_R","Strike_R","Defend_R","Defend_R","Defend_R","Defend_R","Bash","Hemokinesis+1","Flex","Shrug It Off","Headbutt+1","Wild Strike+1"],"relics":["Burning Blood","Orichalcum","Matryoshka","MawBank","Regal Pillow","Lantern","Pen Nib","Ginger"],"acts_visited":["Exordium"],"potions_floor_usage":[16],"damage_taken":[{"damage":5,"enemies":"Small Slimes","floor":1,"turns":4},{"damage":22,"enemies":"Gremlin Nob","floor":6,"turns":4},{"damage":1,"enemies":"2 Louse","floor":10,"turns":3},{"damage":24,"enemies":"3 Sentries","floor":11,"turns":7},{"damage":4,"enemies":"Jaw Worm","floor":13,"turns":2},{"damage":7,"enemies":"Blue Slaver","floor":14,"turns":2},{"damage":29,"enemies":"Slime Boss","floor":16,"turns":8}],"seed_played":"-8370752134379333352","potions_obtained":[{"floor":6,"key":"ElixirPotion"},{"floor":13,"key":"AttackPotion"},{"floor":14,"key":"PowerPotion"}],"is_trial":false,"path_per_floor":["M","$","?","?","?","E","T","R","T","M","E","R","M","M","R","B"],"character_chosen":"IRONCLAD","items_purchased":["Flex"],"campfire_rested":0,"item_purchase_floors":[2],"current_hp_per_floor":[76,76,81,81,74,58,58,58,58,63,45,45,47,46,46,17,17],"gold":307,"neow_bonus":"TEN_PERCENT_HP_BONUS","is_daily":false,"chose_seed":false,"campfire_upgraded":3,"win_rate":0.0,"timestamp":1613194475,"path_taken":["M","$","?","?","?","E","?","R","T","M","E","R","M","?","R","BOSS"],"items_purchased_type":["Card"],"build_version":"2020-12-22","purchased_purges":0,"victory":false,"max_hp_per_floor":[82,82,87,87,87,87,87,87,87,87,87,87,87,87,87,87,87],"card_choices":[{"not_picked":["Sword Boomerang","Feel No Pain"],"picked":"Hemokinesis","floor":1},{"not_picked":["Searing Blow","Evolve"],"picked":"Shrug It Off","floor":6},{"not_picked":["Havoc","Power Through"],"picked":"Headbutt","floor":10},{"not_picked":["Disarm","Thunderclap","Entrench"],"picked":"SKIP","floor":11},{"not_picked":["Fire Breathing","Spot Weakness"],"picked":"Wild Strike","floor":13},{"not_picked":["Second Wind","Fire Breathing","Body Slam"],"picked":"SKIP","floor":14}],"player_experience":348009,"relics_obtained":[{"floor":6,"key":"Matryoshka"},{"floor":7,"key":"MawBank"},{"floor":7,"key":"Regal Pillow"},{"floor":9,"key":"Lantern"},{"floor":9,"key":"Pen Nib"},{"floor":11,"key":"Ginger"}],"event_choices":[{"damage_healed":0,"gold_gain":0,"player_choice":"Donut","damage_taken":0,"max_hp_gain":5,"max_hp_loss":0,"event_name":"Big Fish","floor":3,"gold_loss":0},{"damage_healed":0,"gold_gain":0,"player_choice":"Ignored","damage_taken":0,"max_hp_gain":0,"max_hp_loss":0,"event_name":"Golden Idol","floor":4,"gold_loss":0},{"damage_healed":0,"gold_gain":0,"player_choice":"Success","damage_taken":7,"relics_obtained":["Orichalcum"],"max_hp_gain":0,"max_hp_loss":0,"event_name":"Scrap Ooze","floor":5,"gold_loss":0}],"is_beta":false,"boss_relics":[],"items_purged_floors":[],"is_endless":false,"potions_floor_spawned":[6,13,14],"killed_by":"Slime Boss","ascension_level":14}}