{"host":"1w6a2rjjfnt8te8e","time":1613216344,"event":{"mods":["AchievementEnabler","BaseMod","Colored Powertips","Googly Eyes","Highlight Path","Minty Spire (QoL Compilation)","Quick Restart","Relic Stats","StSLib"],"gold_per_floor":[111,111,111,12,12,12,43,43,120,16,31,31,46,71,71,147,147,167,184,184,99,28,28,28],"floor_reached":23,"language":"ENG","playtime":693,"items_purged":["Strike_G"],"score":385,"play_id":"889085bd-b065-4d71-b877-0ea2ff0eec70","local_time":"20210213193904","is_ascension_mode":true,"campfire_choices":[{"data":"Quick Slash","floor":6.0,"key":"SMITH"},{"data":"Neutralize","floor":12.0,"key":"SMITH"},{"data":"Bullet Time","floor":15,"key":"SMITH"}],"circlet_count":0,"master_deck":["AscendersBane","Strike_G","Strike_G","Strike_G","Defend_G","Defend_G","Defend_G","Defend_G","Defend_G","Survivor","Neutralize+1","Dagger Throw","Bullet Time+1","Quick Slash+1","Deadly Poison","Acrobatics","Backflip","Poisoned Stab","Calculated Gamble","Adrenaline","Deflect","Terror","Necronomicurse","Noxious Fumes"],"relics":["Ring of the Snake","NeowsBlessing","Torii","FossilizedHelix","Eternal Feather","InkBottle","Runic Pyramid","Necronomicon","Boot"],"acts_visited":["Exordium","TheCity"],"potions_floor_usage":[16,23],"damage_taken":[{"damage":0.0,"enemies":"Jaw Worm","floor":1.0,"turns":1.0},{"damage":0.0,"enemies":"Gremlin Nob","floor":7.0,"turns":1.0},{"damage":0.0,"enemies":"Small Slimes","floor":11.0,"turns":1.0},{"damage":0.0,"enemies":"2 Louse","floor":13.0,"turns":2.0},{"damage":20,"enemies":"Lagavulin","floor":14,"turns":6},{"damage":18,"enemies":"Slime Boss","floor":16,"turns":11},{"damage":9,"enemies":"3 Byrds","floor":18,"turns":7},{"damage":0,"enemies":"2 Thieves","floor":19,"turns":4},{"damage":81,"enemies":"Gremlin Leader","floor":23,"turns":8}],"seed_played":"-3882247658566740806","potions_obtained":[{"floor":1.0,"key":"AttackPotion"},{"floor":13.0,"key":"FairyPotion"},{"floor":16,"key":"Block Potion"},{"floor":18,"key":"Fruit Juice"}],"is_trial":false,"path_per_floor":["M","?","?","$","?","R","E","$","T","$","M","R","M","E","R","B",null,"M","M","?","?","$","E"],"character_chosen":"THE_SILENT","items_purchased":["Quick Slash","Acrobatics","Backflip","Noxious Fumes"],"campfire_rested":0,"item_purchase_floors":[4,10,10,22],"current_hp_per_floor":[59,59,64,64,46,46,46,46,46,46,46,55,55,35,44,26,60,51,51,30,30,30,0,0],"gold":28,"neow_bonus":"THREE_ENEMY_KILL","is_daily":false,"chose_seed":false,"campfire_upgraded":3,"win_rate":0.0,"timestamp":1613216344,"path_taken":["M","?","?","?","?","R","E","$","T","$","M","R","M","E","R","BOSS","M","M","?","?","$","E"],"items_purchased_type":["Card","Card","Card","Card"],"build_version":"2020-12-22","purchased_purges":1,"victory":false,"max_hp_per_floor":[66,66,71,71,71,71,71,71,71,71,71,71,71,71,71,71,71,71,71,71,71,71,76,76],"relic_stats":{"Torii":10,"counters":[9,41],"Eternal Feather":18,"Necronomicon":[0],"Boot":[0],"obtain_stats":[{"NeowsBlessing":0,"Torii":5,"Eternal Feather":9,"Necronomicon":20,"Boot":21,"FossilizedHelix":7,"InkBottle":14,"Ring of the Snake":0,"Runic Pyramid":17},{"NeowsBlessing":0,"Torii":1,"Eternal Feather":2,"Necronomicon":8,"Boot":8,"FossilizedHelix":2,"InkBottle":5,"Ring of the Snake":0,"Runic Pyramid":6},{"NeowsBlessing":0,"Torii":1,"Eternal Feather":2,"Necronomicon":33,"Boot":33,"FossilizedHelix":2,"InkBottle":11,"Ring of the Snake":0,"Runic Pyramid":22}],"InkBottle":[10],"Ring of the Snake":[18]},"card_choices":[{"not_picked":["Caltrops","Flying Knee"],"picked":"Dagger Throw","floor":1.0},{"not_picked":["Riddle With Holes","Dagger Spray"],"picked":"Deadly Poison","floor":7.0},{"not_picked":["Distraction","Reflex"],"picked":"Poisoned Stab","floor":11.0},{"not_picked":["Masterful Stab","Poisoned Stab","Quick Slash"],"picked":"SKIP","floor":13.0},{"not_picked":["Acrobatics","Setup"],"picked":"Calculated Gamble","floor":14},{"not_picked":["Tools of the Trade","Malaise"],"picked":"Adrenaline","floor":16},{"not_picked":["Dagger Spray","Eviscerate"],"picked":"Deflect","floor":18},{"not_picked":["Dagger Spray","Sucker Punch"],"picked":"Terror","floor":19}],"player_experience":325372,"relics_obtained":[{"floor":7.0,"key":"FossilizedHelix"},{"floor":9.0,"key":"Eternal Feather"},{"floor":14,"key":"InkBottle"},{"floor":20,"key":"Necronomicon"}],"event_choices":[{"damage_healed":0.0,"max_hp_gain":0.0,"max_hp_loss":0.0,"gold_gain":0.0,"cards_transformed":["Strike_G"],"event_name":"Living Wall","player_choice":"Change","floor":2.0,"gold_loss":0.0,"damage_taken":0.0,"cards_obtained":["Bullet Time"]},{"damage_healed":0.0,"max_hp_gain":5.0,"max_hp_loss":0.0,"gold_gain":0.0,"event_name":"Big Fish","player_choice":"Donut","floor":3.0,"gold_loss":0.0,"damage_taken":0.0},{"damage_healed":0.0,"max_hp_gain":0.0,"max_hp_loss":0.0,"gold_gain":0.0,"event_name":"Scrap Ooze","player_choice":"Success","floor":5.0,"gold_loss":0.0,"damage_taken":18.0,"relics_obtained":["Torii"]},{"damage_healed":0,"gold_gain":0,"player_choice":"Obtained Book","damage_taken":21,"max_hp_gain":0,"max_hp_loss":0,"event_name":"Cursed Tome","floor":20,"gold_loss":0},{"damage_healed":0,"gold_gain":0,"player_choice":"Obtained Relic","damage_taken":0,"relics_obtained":["Boot"],"max_hp_gain":0,"max_hp_loss":0,"event_name":"Addict","floor":21,"gold_loss":85}],"is_beta":false,"boss_relics":[{"not_picked":["Cursed Key","Tiny House"],"picked":"Runic Pyramid"}],"items_purged_floors":[4],"is_endless":false,"potions_floor_spawned":[1,13,16,18],"killed_by":"Gremlin Leader","ascension_level":15}}