{"host":"0unxf5n5bucfuoy7","time":1613237278,"event":{"mods":["Act Like it!","Aspiration","Astrologer","BaseMod","Better Altar","Better Match","Better Note","Better Sensory Stone","Better Third Choice","Better Vampires","Conspire","DeckTracker","Downfall","Elementarium","Friendly Minions","GifTheSpireLib","Hallownest","Hubris","Minty Spire (QoL Compilation)","Permanent Neow","Potionbrewer","Quick Restart","Random Character Button","Replay The Spire","Spikes Relics","StSLib","The Bug Knight","The Death Knight","The Exalted","The Hierophant","The Spell Scribe","Transform Curses","Virulent Crown","Wandering Minibosses"],"gold_per_floor":[109,122,47,47,60,60,70,90,117,163,163,88,131,174,174,289,289,324,358,358,385,135,135,175,175,202,230,236,236],"floor_reached":28,"language":"ENG","playtime":1960,"items_purged":[],"score":261,"play_id":"e05f55d2-3717-4d12-8730-5fca1b55d784","local_time":"20210213122758","is_ascension_mode":true,"campfire_choices":[{"data":"HollowMod:Weaversong","floor":6.0,"key":"SMITH"},{"data":"HollowMod:PerfectDash","floor":15.0,"key":"SMITH"},{"data":"HollowMod:GoodIntentions","floor":23.0,"key":"SMITH"}],"circlet_count":0,"master_deck":["HollowMod:NailStrikeStart","HollowMod:NailStrikeStart","HollowMod:NailStrikeStart","HollowMod:QuickDashStart","HollowMod:QuickDashStart","HollowMod:QuickDashStart","HollowMod:QuickDashStart","HollowMod:FocusHealStart","HollowMod:PogoStrike","HollowMod:Hiveblood","HollowMod:PerfectDash+1","HollowMod:AbyssShriek","HollowMod:GreatSlash+1","HollowMod:Weaversong+1","HollowMod:GoodIntentions+1","HollowMod:SiblingsShadow","Hallownest:skillGreenpathMap","HollowMod:CornifersMapStart","HollowMod:DungDefenderAura","HollowMod:HornetsHelp","HollowMod:SoulSplash","HollowMod:SharpenedShadows","HollowMod:BlackTendrils+1","HollowMod:HeavyBlow","HollowMod:NewJinnsSoul"],"relics":["HollowMod:KingsSoulRelic","Hallownest:DreamNailRelic","Replay:Bandana","potionbrewer:ToyAutogyro","hubris:CrystalStatue","Hallownest:UnbreakableCardRelic","Bag of Preparation","DeathKnight:PutricidesVial"],"acts_visited":["Exordium","Hallownest:Greenpath"],"potions_floor_usage":[27],"damage_taken":[{"damage":11.0,"enemies":"Hallownest:2_Baldur","floor":1.0,"turns":5.0},{"damage":10.0,"enemies":"Hallownest:2_MossCreeps","floor":2.0,"turns":6.0},{"damage":2.0,"enemies":"2_ Uuma","floor":5.0,"turns":2.0},{"damage":30.0,"enemies":"Hallownest:1_Baldur_1_Crawlid_1_Warrior","floor":7.0,"turns":5.0},{"damage":16.0,"enemies":"Hallownest:monsterMossCharger","floor":8.0,"turns":7.0},{"damage":23.0,"enemies":"Hallownest:eliteMossKnight","floor":10.0,"turns":8.0},{"damage":20.0,"enemies":"Hallownest:eliteCrystalGuardian","floor":13.0,"turns":4.0},{"damage":7.0,"enemies":"Hallownest:1_Ooma_and_2_Uuma","floor":14.0,"turns":5.0},{"damage":19.0,"enemies":"Hallownest:BossFalseKnight","floor":16.0,"turns":9.0},{"damage":33.0,"enemies":"Hallownest:2_Mistakes","floor":18.0,"turns":7.0},{"damage":3.0,"enemies":"Hallownest:3_Youths","floor":19.0,"turns":7.0},{"damage":17.0,"enemies":"Hallownest:Master_and_Novice","floor":21.0,"turns":4.0},{"damage":57.0,"enemies":"Hallownest:eliteSoulWarrior","floor":24.0,"turns":13.0},{"damage":16,"enemies":"Hallownest:monsterMisterMushroom","floor":27,"turns":7},{"damage":16,"enemies":"Hallownest:2_Husk_Sentries","floor":28,"turns":3}],"seed_played":"2011888246553700470","potions_obtained":[{"floor":1.0,"key":"potionbrewer:AcidPotion"},{"floor":5.0,"key":"Elixir"},{"floor":7.0,"key":"SpeedPotion"},{"floor":19.0,"key":"DeathKnight:BottledBloodEchoes"},{"floor":24.0,"key":"sneckomod:MuddlingPotion"}],"is_trial":false,"path_per_floor":["M","M","?","?","M","R","M","M","T","E","?","?","E","M","R","B",null,"M","M","?","M","?","R","E","?","T","M","M"],"character_chosen":"THE_BUGKNIGHT","items_purchased":[],"campfire_rested":0,"item_purchase_floors":[],"current_hp_per_floor":[75,75,75,75,73,73,61,66,66,68,77,77,62,61,61,48,84,71,68,76,62,62,62,18,18,18,9,0,0],"gold":236,"neow_bonus":"TRANSFORM_CARD","is_daily":false,"chose_seed":false,"campfire_upgraded":3,"win_rate":0.0,"timestamp":1613237278,"path_taken":["M","M","?","?","M","R","M","M","T","E","?","?","E","M","R","BOSS","M","M","?","?","?","R","E","?","T","M","M"],"items_purchased_type":[],"build_version":"2020-12-22","purchased_purges":0,"victory":false,"max_hp_per_floor":[75,75,75,75,75,75,75,75,75,75,84,84,84,84,84,84,84,84,84,84,84,84,84,84,84,84,84,84,84],"card_choices":[{"not_picked":["HollowMod:TaintedHusks","HollowMod:VengefulVoid"],"picked":"HollowMod:PerfectDash","floor":1.0},{"not_picked":["HollowMod:VengefulSpirit","HollowMod:CycloneSlash"],"picked":"HollowMod:AbyssShriek","floor":2.0},{"not_picked":["HollowMod:ShapeofUnn+1","HollowMod:PureNailStrike+1"],"picked":"HollowMod:GreatSlash+1","floor":3.0},{"not_picked":["HollowMod:MonarchWings","HollowMod:WraithStrike"],"picked":"HollowMod:Weaversong","floor":5.0},{"not_picked":["HollowMod:SoulStrike","HollowMod:LifebloodCocoon"],"picked":"HollowMod:GoodIntentions","floor":7.0},{"not_picked":["HollowMod:NewJinnsSoul","HollowMod:SoulStrike"],"picked":"HollowMod:SiblingsShadow","floor":8.0},{"not_picked":["HollowMod:Hiveblood","HollowMod:SoulStrike"],"picked":"HollowMod:BlackTendrils","floor":10.0},{"not_picked":["HollowMod:SoulStrike","HollowMod:SharpenedNail"],"picked":"HollowMod:CornifersMapStart","floor":13.0},{"not_picked":["HollowMod:NewJinnsSoul","HollowMod:QuirrelsAssistance"],"picked":"HollowMod:DungDefenderAura","floor":14.0},{"not_picked":["HollowMod:ElderbugsWisdom","HollowMod:MidwifesHunger"],"picked":"HollowMod:HornetsHelp","floor":16.0},{"not_picked":["HollowMod:ChannelNail","HollowMod:InfectedCysts+1"],"picked":"HollowMod:SoulSplash","floor":18.0},{"not_picked":["HollowMod:CornifersMapStart","HollowMod:NewGlowingWomb"],"picked":"HollowMod:SharpenedShadows","floor":19.0},{"not_picked":["HollowMod:PureNailStrike","HollowMod:NewLittleFool+1"],"picked":"HollowMod:BlackTendrils+1","floor":21.0},{"not_picked":["HollowMod:DungDefenderAura","HollowMod:InfectedCysts"],"picked":"HollowMod:HeavyBlow","floor":24.0},{"not_picked":["HollowMod:SoulEater","HollowMod:NewLittleFool"],"picked":"HollowMod:NewJinnsSoul","floor":27}],"player_experience":115146,"relics_obtained":[{"floor":9.0,"key":"Replay:Bandana"},{"floor":10.0,"key":"potionbrewer:ToyAutogyro"},{"floor":13.0,"key":"hubris:CrystalStatue"},{"floor":24.0,"key":"Bag of Preparation"},{"floor":26.0,"key":"DeathKnight:PutricidesVial"}],"event_choices":[{"damage_healed":0.0,"max_hp_gain":0.0,"max_hp_loss":0.0,"gold_gain":0.0,"event_name":"betterMatch:BetterMatch","player_choice":"2","floor":3.0,"gold_loss":0.0,"damage_taken":0.0,"cards_obtained":["betterMatch:UncommonCard"]}],"is_beta":false,"boss_relics":[{"not_picked":["Philosopher\u0027s Stone","Runic Pyramid"],"picked":"HollowMod:KingsSoulRelic"}],"items_purged_floors":[],"is_endless":false,"potions_floor_spawned":[1,5,7,19,24],"killed_by":"Hallownest:2_Husk_Sentries","ascension_level":1}}