{"host":"4h8o09gisu0rxdvb","time":1613244710,"event":{"mods":["Act Like it!","BaseMod","Better Third Choice","Downfall","Elementarium","Hermit","Menagerie","Minty Spire (QoL Compilation)","Reliquary","StSLib","The Hierophant","The Runesmith"],"gold_per_floor":[99,119,132,432,432,432,432,12,12,39,53,64,64,83,101,200,200,200,217,236,336,286,297,320,348,367,367,384,417,434,468,485,585,585,485,497,510,526,541,262,262,296,296,323,423,423,87,103,114,114],"floor_reached":51,"language":"ENG","playtime":4924,"items_purged":["downfall:Icky","downfall:Icky"],"score":793,"play_id":"6c9e0e78-b2a5-4970-b026-8fa91f2859f1","local_time":"20210213143150","is_ascension_mode":false,"campfire_choices":[{"data":"champ:Execute","floor":1,"key":"SMITH"},{"data":"champ:Taunt","floor":6,"key":"SMITH"},{"data":"champ:IronFortress","floor":9,"key":"SMITH"},{"data":"1","floor":13,"key":"LIFT"},{"data":"2","floor":18,"key":"LIFT"},{"data":"3","floor":35,"key":"LIFT"},{"floor":46,"key":"REST"}],"circlet_count":0,"master_deck":["champ:Execute+1","champ:Taunt+1","champ:FocusedBerserking","champ:FocusedDefense","champ:BringItOn+1","champ:IronFortress+1","champ:PreciseThrust+1","champ:Devastate+1","champ:RecklessLeap+1","champ:Backstep","champ:IronFortress","champ:ShieldThrow+1","champ:EnGarde","J.A.X.","champ:Shatter+1","champ:CrookedStrike+1","champ:AdrenalArmor+1","champ:ShieldSlam","champ:CheapShot+1","champ:FaceSlap+1","champ:DeathBlow+1","champ:FaceSlap+1","champ:StrikeOfGenius","champ:TripleStrike+1","champ:SwordThrow+1","champ:LastStand","champ:HeartStrike+1","champ:FalseCounter","champ:VampiricStrike+1","champ:CrownThrow+1","champ:Lariat+1","champ:Duel+1","champ:IronFortress+1","expansioncontent:DashGenerateEvil+1","champ:ShieldWall+1","expansioncontent:Hexaburn","expansioncontent:AwakenDeath","champ:CalledShot+1","expansioncontent:StudyTheSpire","champ:Duel+1"],"relics":["champ:ChampionCrown","champ:LiftRelic","Runesmith:Nanobots","Molten Egg 2","Girya","reliquary:KinkedSpring","MutagenicStrength","Pocketwatch","reliquary:OuijaBoard","Centennial Puzzle","Pandora\u0027s Box","downfall:HeartBlessingGreen","Incense Burner","reliquary:WeakTea","reliquary:PorcupineQuills","Potion Belt","White Beast Statue","Strange Spoon"],"acts_visited":["Exordium","TheCity","TheBeyond"],"potions_floor_usage":[16,19,21,25,33,33,50,50,50,50],"damage_taken":[{"damage":13,"enemies":"2 Louse","floor":2,"turns":3},{"damage":15,"enemies":"Small Slimes","floor":3,"turns":3},{"damage":25,"enemies":"downfall:FleeingMerchant","floor":8,"turns":4},{"damage":27,"enemies":"3 Sentries","floor":10,"turns":9},{"damage":14,"enemies":"Jaw Worm","floor":11,"turns":3},{"damage":25,"enemies":"Large Slime","floor":12,"turns":5},{"damage":32,"enemies":"Exordium Thugs","floor":14,"turns":5},{"damage":5,"enemies":"3 Louse","floor":15,"turns":4},{"damage":54,"enemies":"WA_ARCHETYPE_RETAIN","floor":16,"turns":6},{"damage":25,"enemies":"3 Byrds","floor":19,"turns":5},{"damage":26,"enemies":"Shell Parasite","floor":20,"turns":4},{"damage":29,"enemies":"downfall:Augmenter","floor":21,"turns":7},{"damage":13,"enemies":"Snake Plant","floor":23,"turns":4},{"damage":67,"enemies":"Gremlin Leader","floor":25,"turns":6},{"damage":20,"enemies":"Snecko","floor":26,"turns":2},{"damage":25,"enemies":"3 Cultists","floor":28,"turns":3},{"damage":25,"enemies":"Book of Stabbing","floor":29,"turns":3},{"damage":0,"enemies":"Cultist and Chosen","floor":30,"turns":5},{"damage":30,"enemies":"Gremlin Leader","floor":31,"turns":4},{"damage":15,"enemies":"Chosen and Byrds","floor":32,"turns":3},{"damage":48,"enemies":"DF_ARCHETYPE_CLAW","floor":33,"turns":4},{"damage":44,"enemies":"3 Shapes","floor":36,"turns":3},{"damage":0,"enemies":"Orb Walker","floor":37,"turns":2},{"damage":72,"enemies":"Maw","floor":38,"turns":7},{"damage":15,"enemies":"Jaw Worm Horde","floor":39,"turns":2},{"damage":18,"enemies":"downfall:FleeingMerchant","floor":40,"turns":4},{"damage":45,"enemies":"Reptomancer","floor":42,"turns":4},{"damage":20,"enemies":"downfall:LadyInBlue","floor":45,"turns":3},{"damage":20,"enemies":"Sphere and 2 Shapes","floor":48,"turns":2},{"damage":20,"enemies":"Spire Growth","floor":49,"turns":2},{"damage":65,"enemies":"IC_BLOCK_ARCHETYPE","floor":50,"turns":7}],"seed_played":"3850891048221273129","potions_obtained":[{"floor":2,"key":"champ:TechniquePotion"},{"floor":12,"key":"Explosive Potion"},{"floor":14,"key":"Block Potion"},{"floor":19,"key":"Guardian:BlockOnCardUsePotion"},{"floor":21,"key":"ColorlessPotion"},{"floor":23,"key":"Energy Potion"},{"floor":26,"key":"SmokeBomb"},{"floor":30,"key":"LiquidMemories"},{"floor":31,"key":"Block Potion"},{"floor":37,"key":"SpeedPotion"},{"floor":38,"key":"LiquidBronze"},{"floor":45,"key":"bronze:BurnAndBuffPotion"},{"floor":45,"key":"LiquidMemories"},{"floor":45,"key":"AttackPotion"},{"floor":48,"key":"Block Potion"}],"is_trial":false,"path_per_floor":["R","M","M","?","?","R","T","$","R","E","M","M","R","M","M","B",null,"R","M","M","?","?","M","T","E","M","?","M","E","M","E","M","B",null,"R","M","M","M","M","$","T","E","?","?","?","R","$","M","M","B",null],"character_chosen":"THE_CHAMP","items_purchased":["Molten Egg 2","champ:IronFortress","champ:PreciseThrust+1","Incense Burner","expansioncontent:DashGenerateEvil","Strange Spoon","expansioncontent:StudyTheSpire"],"campfire_rested":1,"item_purchase_floors":[8,8,8,40,40,47,47],"current_hp_per_floor":[99,96,96,96,96,96,96,96,96,84,80,70,70,58,53,39,99,99,94,88,69,99,96,96,69,69,69,69,54,54,54,54,46,99,99,85,85,48,48,45,45,45,40,40,40,69,69,69,69,69],"gold":114,"neow_bonus":"TEN_PERCENT_HP_BONUS","is_daily":false,"chose_seed":false,"campfire_upgraded":3,"win_rate":0.0,"timestamp":1613244710,"path_taken":["R","M","M","?","?","R","T","$","R","E","M","M","R","M","M","BOSS","R","M","M","?","?","M","T","E","M","?","?","E","M","E","M","BOSS","R","M","M","M","M","$","T","E","?","?","?","R","$","M","M","BOSS"],"items_purchased_type":["Relic","Card","Card","Relic","Card","Relic","Card"],"build_version":"2020-12-22","purchased_purges":2,"victory":true,"max_hp_per_floor":[99,99,99,99,99,99,99,99,99,99,99,99,99,99,99,99,99,99,99,99,99,99,99,99,99,99,99,99,99,99,99,99,99,99,99,99,99,99,99,99,99,99,99,99,99,99,99,99,99,99],"card_choices":[{"not_picked":["champ:CrownThrow","champ:FanOfKnives"],"picked":"champ:FocusedBerserking","floor":2},{"not_picked":["champ:FlashCut","champ:Parry"],"picked":"champ:FocusedDefense","floor":3},{"not_picked":["champ:FlashCut","champ:Shatter"],"picked":"champ:BringItOn","floor":8},{"not_picked":["champ:AdrenalArmor","champ:DeathBlow+1"],"picked":"champ:Devastate+1","floor":10},{"not_picked":["champ:FancyFootwork","champ:DefensiveShout","champ:EndlessRage"],"picked":"SKIP","floor":11},{"not_picked":["champ:BringItOn","champ:FalseCounter"],"picked":"champ:RecklessLeap+1","floor":12},{"not_picked":["champ:FocusedBerserking","champ:DefensiveShout"],"picked":"champ:Backstep","floor":14},{"not_picked":["champ:Haymaker+1","champ:FancyFootwork"],"picked":"champ:IronFortress","floor":15},{"not_picked":["champ:CheapShot+1","champ:HeavySlash+1"],"picked":"champ:ShieldThrow+1","floor":16},{"not_picked":["champ:Backstep","champ:Haymaker+1","champ:DefensiveShout"],"picked":"SKIP","floor":19},{"not_picked":["champ:PreciseThrust+1","champ:CalledShot"],"picked":"champ:EnGarde","floor":20},{"not_picked":[],"picked":"J.A.X.","floor":21},{"not_picked":["champ:GladiatorStyle+1","champ:FocusedBerserking+1"],"picked":"champ:AdrenalArmor+1","floor":21},{"not_picked":["champ:Haymaker+1","champ:BerserkersShout"],"picked":"champ:ShieldSlam","floor":23},{"not_picked":["champ:Encircle+1","champ:CrookedStrike+1"],"picked":"champ:CheapShot+1","floor":25},{"not_picked":["champ:PreemptiveStrike+1","champ:IronFortress","champ:Haymaker+1"],"picked":"SKIP","floor":26},{"not_picked":["champ:PerfectedStrike+1","champ:ShieldWall"],"picked":"champ:FaceSlap+1","floor":28},{"not_picked":["champ:Shatter+1","champ:EnGarde"],"picked":"champ:DeathBlow+1","floor":29},{"not_picked":["champ:FocusedDefense+1","champ:PerfectedStrike+1"],"picked":"champ:FaceSlap+1","floor":30},{"not_picked":["champ:Duel+1","champ:Circumvent"],"picked":"champ:StrikeOfGenius","floor":31},{"not_picked":["champ:EnGarde","champ:StanceDance","champ:FlashCut+1"],"picked":"SKIP","floor":32},{"not_picked":["champ:SwordThrow+1","champ:CheapShot+1"],"picked":"champ:TripleStrike+1","floor":33},{"not_picked":["champ:AdrenalArmor+1","champ:DefensiveShout","champ:CrookedStrike+1"],"picked":"SKIP","floor":36},{"not_picked":["champ:FalseCounter+1","champ:SetATrap"],"picked":"champ:Lariat+1","floor":37},{"not_picked":["champ:CrownThrow+1","champ:GladiatorStyle+1"],"picked":"champ:Duel+1","floor":38},{"not_picked":["champ:StanceDance","champ:HeartStrike+1"],"picked":"champ:IronFortress+1","floor":39},{"not_picked":["champ:Parry+1","champ:Lariat","champ:EnGarde"],"picked":"SKIP","floor":40},{"not_picked":["champ:BerserkersShout","champ:FancyFootwork+1"],"picked":"champ:ShieldWall+1","floor":42},{"not_picked":["expansioncontent:PrepareCrush","expansioncontent:Chronoboost"],"picked":"expansioncontent:Hexaburn","floor":43},{"not_picked":["expansioncontent:GuardianWhirl","expansioncontent:Hexaburn"],"picked":"expansioncontent:AwakenDeath","floor":43},{"not_picked":["champ:BladeFlurry+1","champ:SwordThrow+1"],"picked":"champ:CalledShot+1","floor":45},{"not_picked":["champ:Circumvent+1","champ:PreemptiveStrike+1","champ:EnGarde+1"],"picked":"SKIP","floor":48},{"not_picked":["champ:GutPunch+1","champ:Lariat"],"picked":"champ:Duel+1","floor":49}],"player_experience":503995,"relics_obtained":[{"floor":7,"key":"Runesmith:Nanobots"},{"floor":10,"key":"Girya"},{"floor":21,"key":"MutagenicStrength"},{"floor":25,"key":"Pocketwatch"},{"floor":29,"key":"reliquary:OuijaBoard"},{"floor":31,"key":"Centennial Puzzle"},{"floor":41,"key":"reliquary:WeakTea"},{"floor":42,"key":"reliquary:PorcupineQuills"},{"floor":44,"key":"Potion Belt"},{"floor":45,"key":"White Beast Statue"}],"event_choices":[{"damage_healed":0,"gold_gain":0,"player_choice":"Forge","damage_taken":0,"max_hp_gain":0,"max_hp_loss":0,"event_name":"Accursed Blacksmith","floor":27,"gold_loss":0,"cards_upgraded":["champ:BringItOn"]}],"is_beta":false,"boss_relics":[{"not_picked":["reliquary:Ember","Busted Crown"],"picked":"reliquary:KinkedSpring"},{"not_picked":["Tiny House","Astrolabe"],"picked":"Pandora\u0027s Box"}],"items_purged_floors":[8,40],"is_endless":false,"potions_floor_spawned":[2,12,14,15,19,21,23,26,30,31,37,38,39,48,49],"ascension_level":0}}