{"host":"5z7rhcocprldured","time":1613236236,"event":{"mods":["2.2 Compatiblity","AchievementEnabler","AlwaysNeverKeys","BaseMod","Best Route Mod","Better Altar","Better Match","Better Note","Better Sensory Stone","Better Skull","Better Third Choice","BetterRewards","Block Reminder","Colored Map","Colored Powertips","Emptier Cage","Energized Spire","Infinite Spire","Marisa????????","Minty Spire (QoL Compilation)","Permanent Neow","Rare Cards Sparkle","Replay The Spire","SacredBarkPlus","Spicy Shops","StSLib","Synergy Search","The Bug Knight","Unceasing Turn Reminder"],"gold_per_floor":[111,125,0,16,16,16,28,48,48,48,48,48,82,82,82,193,193,224,224,232,275,298,298,298,328,377,415,2,2,2,42,42,50,50],"floor_reached":33,"language":"ENG","playtime":1583,"items_purged":["Strike_P"],"score":422,"play_id":"7fdeeea7-28a7-420e-9bb1-8b761f64a1b3","local_time":"20210213171036","is_ascension_mode":false,"campfire_choices":[{"data":"Eruption","floor":6.0,"key":"SMITH"},{"data":"Wallop","floor":10.0,"key":"SMITH"},{"data":"SignatureMove","floor":12.0,"key":"SMITH"},{"data":"Echo Form","floor":23,"key":"SMITH"},{"floor":30,"key":"REST"}],"circlet_count":0,"master_deck":["Strike_P","Strike_P","Strike_P","Defend_P","Defend_P","Defend_P","Eruption+1","Vigilance","SignatureMove+1","ClearTheMind","Wallop+1","Crescendo","ReachHeaven","Brilliance","EmptyBody","ThirdEye+1","Establishment","Perseverance","Echo Form+1","CarveReality","Replay:BluntJabs","SashWhip+1","Fasting2+1","Protect","Blasphemy"],"relics":["PureWater","Vajra","Eternal Feather","StrikeDummy","HollowMod:StagPassRelic","Replay:Bandana","energizedSpire:NeverEndingSparkler","Red Mask","MawBank","Calipers","Damaru","Juzu Bracelet","Replay:Bottled Snecko"],"acts_visited":["Exordium","TheCity"],"potions_floor_usage":[20,13025,25,31],"damage_taken":[{"damage":0.0,"enemies":"Cultist","floor":1.0,"turns":2.0},{"damage":0.0,"enemies":"Jaw Worm","floor":2.0,"turns":1.0},{"damage":0.0,"enemies":"2 Louse","floor":4.0,"turns":1.0},{"damage":0.0,"enemies":"Lots of Slimes","floor":7.0,"turns":1.0},{"damage":0.0,"enemies":"3 Louse","floor":8.0,"turns":2.0},{"damage":0.0,"enemies":"Gremlin Nob","floor":13.0,"turns":2.0},{"damage":0.0,"enemies":"Slime Boss","floor":16.0,"turns":5.0},{"damage":5,"enemies":"Chosen","floor":18,"turns":3},{"damage":22,"enemies":"3 Byrds","floor":20,"turns":4},{"damage":33,"enemies":"Masked Bandits","floor":21,"turns":4},{"damage":0,"enemies":"Snake Plant","floor":22,"turns":2},{"damage":1,"enemies":"Chosen and Byrds","floor":25,"turns":3},{"damage":8,"enemies":"Snecko","floor":27,"turns":4},{"damage":36,"enemies":"Centurion and Healer","floor":31,"turns":8},{"damage":99,"enemies":"Automaton","floor":33,"turns":6}],"seed_played":"466890039790583884","potions_obtained":[{"floor":2.0,"key":"DistilledChaos"},{"floor":4.0,"key":"Explosive Potion"},{"floor":13.0,"key":"SmokeBomb"},{"floor":21,"key":"Strength Potion"},{"floor":27,"key":"Reflective Coating"},{"floor":31,"key":"Toxic Potion"}],"is_trial":false,"path_per_floor":["M","M","$","M","?","R","M","M","T","R","$","R","E","?","R_BF","B",null,"M","?","M","?","M","R","?","M","T","M","$","?","R","M","R_BF","B"],"character_chosen":"WATCHER","items_purchased":["Vajra","Eternal Feather","StrikeDummy","SignatureMove","Explosive Potion","Crescendo","Calipers","Damaru","Juzu Bracelet","Fasting2"],"campfire_rested":1,"item_purchase_floors":[0,0,0,0,0,3,28,28,28,28],"current_hp_per_floor":[72,72,72,72,65,71,71,71,71,72,72,72,72,72,72,72,72,67,67,45,12,12,24,7,25,25,17,17,17,50,14,29,0,0],"gold":50,"neow_bonus":"","is_daily":false,"chose_seed":false,"campfire_upgraded":4,"win_rate":0.0,"timestamp":1613236236,"path_taken":["M","M","?","M","?","R","M","M","T","R","?","R","E","?","R_BF","BOSS","M","?","M","?","M","R","?","M","T","M","$","?","R","M","R_BF","BOSS"],"items_purchased_type":["Relic","Relic","Relic","Card","Potion","Card","Relic","Relic","Relic","Card"],"build_version":"2020-12-22","purchased_purges":1,"victory":false,"max_hp_per_floor":[72,72,72,72,72,72,72,72,72,72,72,72,72,72,72,72,72,72,72,72,72,72,72,72,72,72,72,72,72,72,72,72,72,72],"card_choices":[{"not_picked":["Prostrate","Fasting2"],"picked":"ClearTheMind","floor":1.0},{"not_picked":["CrushJoints","Halt"],"picked":"Wallop","floor":2.0},{"not_picked":["Consecrate","Fasting2"],"picked":"ReachHeaven","floor":4.0},{"not_picked":["CrushJoints","Study"],"picked":"Brilliance","floor":7.0},{"not_picked":["Crescendo","Nirvana"],"picked":"EmptyBody","floor":8.0},{"not_picked":["InnerPeace","ClearTheMind"],"picked":"ThirdEye","floor":13.0},{"not_picked":["Replay:AllIn","Replay:LoomingThreat"],"picked":"Establishment","floor":16.0},{"not_picked":["CutThroughFate+1","ClearTheMind+1"],"picked":"Perseverance","floor":18},{"not_picked":["Prostrate","EmptyFist"],"picked":"CarveReality","floor":21},{"not_picked":["Consecrate","ThirdEye"],"picked":"Replay:BluntJabs","floor":22},{"not_picked":["Consecrate","Replay:Battleflow+1"],"picked":"SashWhip+1","floor":25},{"not_picked":["Evaluate","SashWhip"],"picked":"ConjureBlade","floor":27},{"not_picked":["EmptyBody+1","ForeignInfluence"],"picked":"Protect","floor":31}],"player_experience":182367,"relics_obtained":[{"floor":9.0,"key":"HollowMod:StagPassRelic"},{"floor":13.0,"key":"Replay:Bandana"},{"floor":21,"key":"Red Mask"},{"floor":26,"key":"MawBank"}],"event_choices":[{"cards_removed":["Defend_P"],"damage_healed":0.0,"max_hp_gain":0.0,"max_hp_loss":0.0,"gold_gain":0.0,"event_name":"Golden Wing","player_choice":"Card Removal","floor":5.0,"gold_loss":0.0,"damage_taken":7.0},{"damage_healed":0.0,"max_hp_gain":0.0,"max_hp_loss":0.0,"gold_gain":0.0,"event_name":"betterThird:BetterSerpent","player_choice":"Ignored","floor":14.0,"gold_loss":0.0,"damage_taken":82.0},{"cards_removed":["SignatureMove"],"damage_healed":0,"gold_gain":0,"player_choice":"Take \u0026 Give","damage_taken":0,"max_hp_gain":0,"max_hp_loss":0,"event_name":"betterNote:BetterNote","floor":19,"gold_loss":0,"cards_obtained":["Echo Form"]},{"damage_healed":0,"gold_gain":0,"player_choice":"Fought Bandits","damage_taken":0,"max_hp_gain":0,"max_hp_loss":0,"event_name":"Masked Bandits","floor":21,"gold_loss":0},{"damage_healed":0,"gold_gain":0,"player_choice":" Potion ","damage_taken":17,"relics_obtained":[],"max_hp_gain":24,"max_hp_loss":7,"event_name":"betterAltar:BetterAltar","floor":24,"potions_obtained":["betterAltar:AltarPotion"],"relics_lost":[],"gold_loss":0},{"damage_healed":0,"gold_gain":0,"player_choice":"Gave Potion","damage_taken":0,"relics_obtained":["Replay:Bottled Snecko"],"max_hp_gain":0,"max_hp_loss":0,"event_name":"WeMeetAgain","floor":29,"gold_loss":0}],"is_beta":false,"boss_relics":[{"not_picked":["HolyWater","Replay:Bronze Core"],"picked":"energizedSpire:NeverEndingSparkler"}],"items_purged_floors":[3],"is_endless":false,"potions_floor_spawned":[2,4,13,20,21,27,31],"killed_by":"Automaton","ascension_level":0}}