{"host":"ypzb5vvnu9f3ii1t","time":1613204299,"event":{"mods":["AchievementEnabler","BaseMod","Colored Map","DeckTracker","Keyboard Shortcuts","Minty Spire (QoL Compilation)","Permanent Neow","Quick Restart","SuperFastMode"],"gold_per_floor":[109,109,71,81,99,133,149,149,172,172,347,33,33,74,74,179,179,191,24,24,96,56,56,72,141,194,244,244],"floor_reached":27,"language":"KOR","playtime":1021,"items_purged":["Doubt"],"score":320,"play_id":"b43992f4-70b5-40a5-a694-d53560e9aeab","local_time":"20210213171819","is_ascension_mode":true,"campfire_choices":[{"floor":8.0,"key":"REST"},{"floor":10.0,"key":"REST"},{"floor":15.0,"key":"REST"},{"floor":23,"key":"REST"}],"circlet_count":0,"master_deck":["Strike_G","Strike_G","Strike_G","Strike_G","Defend_G","Defend_G","Defend_G","Defend_G","Defend_G","Survivor","Neutralize+1","Venomology","Poisoned Stab","Poisoned Stab","Bouncing Flask","Deadly Poison+1","Apotheosis","Crippling Poison","Envenom","Footwork","Deadly Poison+1"],"relics":["Ring of the Snake","Bronze Scales","Pen Nib","CeramicFish","Snecko Eye","SsserpentHead","Art of War"],"acts_visited":["Exordium","TheCity"],"potions_floor_usage":[16,18,19,24,24],"damage_taken":[{"damage":0.0,"enemies":"Small Slimes","floor":1.0,"turns":6.0},{"damage":0.0,"enemies":"Cultist","floor":4.0,"turns":3.0},{"damage":0.0,"enemies":"2 Louse","floor":5.0,"turns":2.0},{"damage":19.0,"enemies":"3 Sentries","floor":6.0,"turns":5.0},{"damage":6.0,"enemies":"Looter","floor":7.0,"turns":3.0},{"damage":22.0,"enemies":"Gremlin Nob","floor":14.0,"turns":3.0},{"damage":45,"enemies":"Slime Boss","floor":16,"turns":12},{"damage":13,"enemies":"Spheric Guardian","floor":18,"turns":4},{"damage":20,"enemies":"Shell Parasite","floor":21,"turns":3},{"damage":31,"enemies":"Centurion and Healer","floor":24,"turns":4},{"damage":16,"enemies":"Sentry and Sphere","floor":25,"turns":4}],"seed_played":"4672755241553211767","potions_obtained":[{"floor":1.0,"key":"AttackPotion"},{"floor":7.0,"key":"Dexterity Potion"}],"is_trial":false,"path_per_floor":["M","?","$","M","M","E","M","R","T","R","?","$","?","E","R","B",null,"M","$","?","M","?","R","M","M","T","?"],"character_chosen":"THE_SILENT","items_purchased":["Bouncing Flask","Deadly Poison","Apotheosis","Footwork","Fruit Juice"],"campfire_rested":4,"item_purchase_floors":[3,12,12,19,19],"current_hp_per_floor":[45,45,45,45,45,26,20,41,41,62,62,62,48,26,47,2,53,40,45,45,25,25,47,30,14,14,0,0],"gold":244,"neow_bonus":"THREE_RARE_CARDS","is_daily":false,"chose_seed":false,"campfire_upgraded":0,"win_rate":0.0,"timestamp":1613204299,"path_taken":["M","?","$","?","M","E","M","R","T","R","?","$","?","E","R","BOSS","M","$","?","?","?","R","M","?","T","?"],"items_purchased_type":["Card","Card","Card","Card","Potion"],"build_version":"2020-12-22","purchased_purges":1,"victory":false,"max_hp_per_floor":[70,70,70,70,70,70,70,70,70,70,70,70,70,70,70,70,70,70,75,75,75,75,75,75,75,75,75,75],"card_choices":[{"not_picked":["Tools of the Trade","Envenom"],"picked":"Venomology","floor":0.0},{"not_picked":["Deadly Poison","Prepared"],"picked":"Poisoned Stab","floor":1.0},{"not_picked":["Deadly Poison","Prepared"],"picked":"Poisoned Stab","floor":1.0},{"not_picked":["Sucker Punch","Blade Dance","Choke"],"picked":"SKIP","floor":4.0},{"not_picked":["Endless Agony","Bouncing Flask","Cloak And Dagger"],"picked":"SKIP","floor":5.0},{"not_picked":["Flying Knee","Cloak And Dagger","Expertise"],"picked":"SKIP","floor":6.0},{"not_picked":["Sucker Punch","Flying Knee"],"picked":"Escape Plan","floor":7.0},{"not_picked":["Dodge and Roll","Blade Dance"],"picked":"Crippling Poison","floor":14.0},{"not_picked":["Tools of the Trade","Doppelganger"],"picked":"Envenom","floor":16},{"not_picked":["Calculated Gamble+1","Terror+1","Infinite Blades"],"picked":"SKIP","floor":18},{"not_picked":["Flying Knee","Expertise"],"picked":"Deadly Poison+1","floor":21},{"not_picked":["Distraction","Flying Knee+1","Deflect+1"],"picked":"SKIP","floor":24},{"not_picked":["Underhanded Strike","Flechettes+1","Backstab"],"picked":"SKIP","floor":25}],"player_experience":207450,"relics_obtained":[{"floor":6.0,"key":"Bronze Scales"},{"floor":9.0,"key":"Pen Nib"},{"floor":14.0,"key":"CeramicFish"},{"floor":26,"key":"Art of War"}],"event_choices":[{"cards_removed":["Strike_G"],"damage_healed":0.0,"max_hp_gain":0.0,"max_hp_loss":0.0,"gold_gain":0.0,"event_name":"Purifier","player_choice":"Purged","floor":2.0,"gold_loss":0.0,"damage_taken":0.0},{"damage_healed":0.0,"max_hp_gain":0.0,"max_hp_loss":0.0,"gold_gain":175.0,"event_name":"Liars Game","player_choice":"AGREE","floor":11.0,"gold_loss":0.0,"damage_taken":0.0,"cards_obtained":["Doubt"]},{"damage_healed":0.0,"max_hp_gain":0.0,"max_hp_loss":0.0,"gold_gain":0.0,"event_name":"Shining Light","player_choice":"Entered Light","floor":13.0,"gold_loss":0.0,"damage_taken":14.0,"cards_upgraded":["Escape Plan","Deadly Poison"]},{"damage_healed":0,"gold_gain":0,"player_choice":"Trade","damage_taken":0,"relics_obtained":["SsserpentHead"],"max_hp_gain":0,"max_hp_loss":0,"event_name":"FaceTrader","floor":20,"gold_loss":0},{"cards_removed":["Escape Plan"],"damage_healed":0,"gold_gain":0,"player_choice":"Upgrade and Remove","damage_taken":0,"max_hp_gain":0,"max_hp_loss":0,"event_name":"Designer","floor":22,"gold_loss":90,"cards_upgraded":["Neutralize"]},{"damage_healed":0,"gold_gain":0,"player_choice":"Obtained Book","damage_taken":16,"max_hp_gain":0,"max_hp_loss":0,"event_name":"Cursed Tome","floor":27,"gold_loss":0}],"is_beta":false,"boss_relics":[{"not_picked":["Ring of the Serpent","Ectoplasm"],"picked":"Snecko Eye"}],"items_purged_floors":[12],"is_endless":false,"potions_floor_spawned":[1,5,7],"ascension_level":9}}