{"host":"syozzdlzcqop4jia","time":1613185934,"event":{"mods":["AchievementEnabler","BaseMod","Colored Map","Colored Powertips","Minty Spire (QoL Compilation)","Quick Restart"],"gold_per_floor":[110,121,136,154,10,24,24,99,126,138,138,138],"floor_reached":11,"language":"ENG","playtime":622,"items_purged":[],"score":67,"play_id":"ed6c8217-253d-4c7d-aeb0-7af4c62bb937","local_time":"20210213041214","is_ascension_mode":false,"campfire_choices":[],"circlet_count":0,"master_deck":["Strike_B","Strike_B","Strike_B","Strike_B","Defend_B","Defend_B","Defend_B","Defend_B","Zap","Dualcast","Genetic Algorithm","Rebound","Leap","White Noise","Loop","Rip and Tear","Steam","Loop"],"relics":["Cracked Core","Ancient Tea Set"],"acts_visited":["Exordium"],"potions_floor_usage":[11,11,11],"damage_taken":[{"damage":0,"enemies":"Cultist","floor":1,"turns":3},{"damage":1,"enemies":"2 Louse","floor":2,"turns":3},{"damage":3,"enemies":"Small Slimes","floor":3,"turns":4},{"damage":8,"enemies":"Red Slaver","floor":4,"turns":4},{"damage":21,"enemies":"Large Slime","floor":6,"turns":6},{"damage":3,"enemies":"Looter","floor":10,"turns":4},{"damage":21,"enemies":"Lagavulin","floor":11,"turns":5}],"seed_played":"-7725598418404920336","potions_obtained":[{"floor":1,"key":"Strength Potion"},{"floor":2,"key":"BlessingOfTheForge"},{"floor":6,"key":"FearPotion"}],"is_trial":false,"path_per_floor":["M","M","M","M","$","M","$","?","T","M","E"],"character_chosen":"DEFECT","items_purchased":["Loop","Rip and Tear"],"campfire_rested":0,"item_purchase_floors":[5,5],"current_hp_per_floor":[75,74,71,63,63,42,42,31,31,28,7,7],"gold":138,"neow_bonus":"RANDOM_COMMON_RELIC","is_daily":false,"chose_seed":false,"campfire_upgraded":0,"win_rate":0.0,"timestamp":1613185934,"path_taken":["M","M","M","M","$","?","$","?","T","M","E"],"items_purchased_type":["Card","Card"],"build_version":"2020-12-22","purchased_purges":0,"victory":false,"max_hp_per_floor":[75,75,75,75,75,75,75,75,75,75,75,75],"card_choices":[{"not_picked":["Compile Driver","Leap"],"picked":"Genetic Algorithm","floor":1},{"not_picked":["Aggregate","Streamline"],"picked":"Rebound","floor":2},{"not_picked":["Beam Cell","Steam"],"picked":"Leap","floor":3},{"not_picked":["Rebound","Barrage"],"picked":"White Noise","floor":4},{"not_picked":["Auto Shields","Reprogram"],"picked":"Steam","floor":6},{"not_picked":["Turbo","Fusion"],"picked":"Loop","floor":10}],"player_experience":712827,"relics_obtained":[],"event_choices":[{"damage_healed":0,"gold_gain":75,"player_choice":"Gather Gold","damage_taken":11,"max_hp_gain":0,"max_hp_loss":0,"event_name":"World of Goop","floor":8,"gold_loss":0}],"is_beta":false,"boss_relics":[],"items_purged_floors":[],"is_endless":false,"potions_floor_spawned":[1,2,6,10],"killed_by":"Lagavulin","ascension_level":0}}