{"host":"egwexuw5uvnxf11j","time":1613196171,"event":{"mods":["2.2 Compatiblity","Aspiration","BaseMod","Better Note","Better Sensory Stone","Better Third Choice","Displayed Cursed Tome","Downfall","Hermit","Key Reminder","Koishi","Marisa????????","Minty Spire (QoL Compilation)","Quick Restart","Shade Mod","Spicy Shops","StSLib","The Construct","The Cursed","The Runesmith","The Senshi","The Servant 0.9.4","Transform Curses"],"gold_per_floor":[114,131,151,3,15,15,31,44,44,219,219,219,262,53,53,172,172,191,191,77,91,112,112,112,112],"floor_reached":24,"language":"ENG","playtime":947,"items_purged":["Injury"],"score":208,"play_id":"b40d9f80-f21d-45a9-9d5b-48aac0310624","local_time":"20210213010251","is_ascension_mode":true,"campfire_choices":[{"floor":6,"key":"REST"},{"floor":11,"key":"REST"},{"floor":15,"key":"REST"},{"floor":23,"key":"REST"}],"circlet_count":0,"master_deck":["hermit:Strike_Hermit","hermit:Strike_Hermit","hermit:Strike_Hermit","hermit:Strike_Hermit","hermit:Defend_Hermit","hermit:Defend_Hermit","hermit:Defend_Hermit","hermit:Defend_Hermit","hermit:Snapshot","hermit:Covet","Panacea","hermit:Determination","hermit:HoleUp","hermit:Brawl","hermit:RoundhouseKick","hermit:Snipe","hermit:Coalescence","Doubt","hermit:Headshot+1","hermit:Brawl+1","hermit:Feint","hermit:FinalCanter+1","hermit:Snipe","hermit:Enervate+1","hermit:TakeAim","hermit:SprayPray+1","hermit:ShadowCloak+1"],"relics":["hermit:Momento","Lantern","Molten Egg 2","Golden Idol","Incense Burner","keyreminder:keyreminder","theSenshi:MoonKaleidoScopeRelic"],"acts_visited":["Exordium","TheCity"],"potions_floor_usage":[8,8,16,16,22,22],"damage_taken":[{"damage":2,"enemies":"2 Louse","floor":1,"turns":3},{"damage":15,"enemies":"Jaw Worm","floor":2,"turns":4},{"damage":5,"enemies":"Small Slimes","floor":3,"turns":5},{"damage":27,"enemies":"Gremlin Gang","floor":5,"turns":6},{"damage":7,"enemies":"Looter","floor":7,"turns":4},{"damage":4,"enemies":"3 Louse","floor":8,"turns":2},{"damage":24,"enemies":"Lagavulin","floor":13,"turns":7},{"damage":25,"enemies":"Slime Boss","floor":16,"turns":9},{"damage":11,"enemies":"Shell Parasite","floor":18,"turns":6},{"damage":7,"enemies":"2 Thieves","floor":21,"turns":4},{"damage":21,"enemies":"3 Cultists","floor":22,"turns":6},{"damage":58,"enemies":"Gremlin Leader","floor":24,"turns":6}],"seed_played":"-4032043583440692987","potions_obtained":[{"floor":2,"key":"EssenceOfSteel"},{"floor":3,"key":"EntropicBrew"},{"floor":8,"key":"hermit:Tonic"},{"floor":18,"key":"construct:ShiftPotion"},{"floor":21,"key":"champ:CounterPotion"}],"is_trial":false,"path_per_floor":["M","M","M","$","M","R","M","M","T","?","R","?","E","$","R","B",null,"M","?","$","M","M","R","E"],"character_chosen":"HERMIT","items_purchased":["Lantern","hermit:Brawl","hermit:Feint","hermit:Enervate+1","hermit:TakeAim"],"campfire_rested":4,"item_purchase_floors":[4,14,14,20,20],"current_hp_per_floor":[73,58,53,53,26,48,41,37,37,37,59,59,35,35,57,32,75,64,64,64,57,36,58,0,0],"gold":112,"neow_bonus":"RANDOM_COLORLESS","is_daily":false,"chose_seed":false,"campfire_upgraded":0,"win_rate":0.0,"timestamp":1613196171,"path_taken":["M","M","M","$","M","R","M","M","T","?","R","?","E","?","R","BOSS","M","?","$","?","?","R","E"],"items_purchased_type":["Relic","Card","Card","Card","Card"],"build_version":"2020-12-22","purchased_purges":1,"victory":false,"max_hp_per_floor":[75,75,75,75,75,75,75,75,75,75,75,75,75,75,75,75,75,75,75,75,75,75,75,75,75],"card_choices":[{"not_picked":["Forethought","Swift Strike"],"picked":"Panacea","floor":0},{"not_picked":["hermit:Vantage","hermit:Misfire"],"picked":"hermit:Determination","floor":1},{"not_picked":["hermit:Shortfuse","hermit:Feint"],"picked":"hermit:HoleUp","floor":2},{"not_picked":["hermit:LowProfile","hermit:Spite"],"picked":"hermit:Brawl","floor":3},{"not_picked":["hermit:HighCaliber","hermit:Shortfuse"],"picked":"hermit:RoundhouseKick","floor":5},{"not_picked":["hermit:Quickdraw","hermit:Coalescence"],"picked":"hermit:Snipe","floor":7},{"not_picked":["hermit:HoleUp","hermit:Manifest"],"picked":"hermit:Coalescence","floor":8},{"not_picked":["hermit:EternalForm","hermit:HoleUp"],"picked":"hermit:Headshot+1","floor":13},{"not_picked":["hermit:RoundhouseKick+1","hermit:DeadOrAlive+1"],"picked":"hermit:FinalCanter+1","floor":16},{"not_picked":["hermit:BodyArmor","hermit:ItchyTrigger+1"],"picked":"hermit:Snipe","floor":18},{"not_picked":["hermit:ItchyTrigger+1","hermit:Manifest"],"picked":"hermit:SprayPray+1","floor":21},{"not_picked":["hermit:Manifest+1","hermit:GoldenBullet+1"],"picked":"hermit:ShadowCloak+1","floor":22}],"player_experience":2071534,"relics_obtained":[{"floor":9,"key":"Molten Egg 2"},{"floor":13,"key":"Incense Burner"}],"event_choices":[{"damage_healed":0,"gold_gain":175,"player_choice":"AGREE","damage_taken":44,"max_hp_gain":0,"max_hp_loss":0,"event_name":"betterThird:BetterSerpent","floor":10,"gold_loss":0},{"damage_healed":0,"gold_gain":0,"player_choice":"Take Wound","damage_taken":0,"relics_obtained":["Golden Idol"],"max_hp_gain":0,"max_hp_loss":0,"event_name":"Golden Idol","floor":12,"gold_loss":0,"cards_obtained":["Injury"]},{"damage_healed":0,"gold_gain":0,"player_choice":"Upgraded","damage_taken":0,"max_hp_gain":0,"max_hp_loss":0,"event_name":"Upgrade Shrine","floor":19,"gold_loss":0,"cards_upgraded":["hermit:Brawl"]}],"is_beta":false,"boss_relics":[{"not_picked":["Fusion Hammer","Empty Cage"],"picked":"theSenshi:MoonKaleidoScopeRelic"}],"items_purged_floors":[14],"is_endless":false,"potions_floor_spawned":[2,3,8,18,21],"killed_by":"Gremlin Leader","ascension_level":1}}