{"host":"zmnaju399zpax9sm","time":1613206894,"event":{"mods":["BaseMod","Hermit","Minty Spire (QoL Compilation)","StSLib","The Cursed","The Poker Player","The Runesmith"],"gold_per_floor":[19,319,337,357,372,372,400,400,400,456,456,500,500,540,540,663,663,677,156,172,205,59,59,99,99,177,190,190,190,234,249,249,368,368,383,231,249,305,405,436,461,461,488,507,541,541,565,578,578,578,578,578,211,244,244],"floor_reached":56,"language":"KOR","playtime":3531,"items_purged":["hermit:FromBeyond+1"],"score":1490,"play_id":"6af786e3-17ee-454f-b7de-8c6a6ee7e415","local_time":"20210213180134","is_ascension_mode":true,"campfire_choices":[{"data":"hermit:FlashPowder","floor":6.0,"key":"SMITH"},{"data":"Transmutation","floor":11.0,"key":"SMITH"},{"data":"hermit:FromBeyond","floor":15.0,"key":"SMITH"},{"data":"hermit:Maintenance","floor":23.0,"key":"SMITH"},{"data":"hermit:EternalForm","floor":25.0,"key":"SMITH"},{"data":"hermit:Maintenance","floor":32.0,"key":"SMITH"},{"floor":42.0,"key":"RECALL"},{"data":"hermit:Shortfuse+1","floor":46.0,"key":"PURGE"},{"floor":49,"key":"REST"},{"data":"Transmutation+1","floor":52,"key":"PURGE"}],"circlet_count":0,"master_deck":["hermit:Strike_Hermit+1","hermit:Strike_Hermit+1","hermit:Strike_Hermit+1","hermit:Strike_Hermit+1","hermit:Defend_Hermit+1","hermit:Defend_Hermit+1","hermit:Defend_Hermit+1","hermit:Defend_Hermit+1","hermit:Snapshot","hermit:Covet","hermit:Malice","hermit:FlashPowder+1","hermit:GhostlyPresence","hermit:EternalForm+1","hermit:HighNoon","hermit:Maintenance+1","hermit:Maintenance+1","hermit:Roughhouse","CurseOfTheBell"],"relics":["hermit:Momento","Old Coin","Ginger","Golden Idol","Peace Pipe","MealTicket","Letter Opener","hermit:BartenderGlass","Torii","Red Mask","Happy Flower","Unceasing Top","InkBottle","Turnip","Calling Bell","Orichalcum","Singing Bowl","Mango","HandDrill","Incense Burner","hermit:Spyglass","Calipers","Medical Kit","Toy Ornithopter","Anchor"],"acts_visited":["Exordium","TheCity","TheBeyond","TheEnding"],"potions_floor_usage":[47,47,50,54,54,55,55,55,55],"damage_taken":[{"damage":0.0,"enemies":"2 Louse","floor":1.0,"turns":2.0},{"damage":6.0,"enemies":"Cultist","floor":3.0,"turns":4.0},{"damage":5.0,"enemies":"Jaw Worm","floor":4.0,"turns":4.0},{"damage":0.0,"enemies":"3 Louse","floor":5.0,"turns":3.0},{"damage":9.0,"enemies":"3 Sentries","floor":7.0,"turns":4.0},{"damage":16.0,"enemies":"Lagavulin","floor":12.0,"turns":9.0},{"damage":28.0,"enemies":"3 Sentries","floor":14.0,"turns":10.0},{"damage":0.0,"enemies":"Slime Boss","floor":16.0,"turns":5.0},{"damage":0.0,"enemies":"3 Byrds","floor":18.0,"turns":4.0},{"damage":0.0,"enemies":"Spheric Guardian","floor":20.0,"turns":3.0},{"damage":10.0,"enemies":"Masked Bandits","floor":21.0,"turns":5.0},{"damage":10.0,"enemies":"Gremlin Leader","floor":24.0,"turns":6.0},{"damage":0.0,"enemies":"Cultist and Chosen","floor":27.0,"turns":5.0},{"damage":8.0,"enemies":"Slavers","floor":30.0,"turns":5.0},{"damage":6.0,"enemies":"Centurion and Healer","floor":31.0,"turns":6.0},{"damage":24.0,"enemies":"Collector","floor":33.0,"turns":8.0},{"damage":13.0,"enemies":"3 Darklings","floor":35.0,"turns":4.0},{"damage":0.0,"enemies":"3 Shapes","floor":37.0,"turns":6.0},{"damage":31.0,"enemies":"2 Orb Walkers","floor":38.0,"turns":5.0},{"damage":0.0,"enemies":"Giant Head","floor":40.0,"turns":9.0},{"damage":2.0,"enemies":"Jaw Worm Horde","floor":41.0,"turns":5.0},{"damage":7.0,"enemies":"4 Shapes","floor":44.0,"turns":7.0},{"damage":14.0,"enemies":"Nemesis","floor":45.0,"turns":9.0},{"damage":7,"enemies":"Spire Growth","floor":47,"turns":7},{"damage":8,"enemies":"3 Darklings","floor":48,"turns":5},{"damage":50,"enemies":"Time Eater","floor":50,"turns":12},{"damage":3,"enemies":"Shield and Spear","floor":54,"turns":9},{"damage":11,"enemies":"The Heart","floor":55,"turns":14}],"seed_played":"-7250077077057008826","potions_obtained":[{"floor":1.0,"key":"Explosive Potion"},{"floor":5.0,"key":"DistilledChaos"},{"floor":7.0,"key":"DistilledChaos"},{"floor":16.0,"key":"PowerPotion"},{"floor":20.0,"key":"Fire Potion"},{"floor":21.0,"key":"Energy Potion"},{"floor":24.0,"key":"BlessingOfTheForge"},{"floor":35.0,"key":"DuplicationPotion"},{"floor":47,"key":"SmokeBomb"},{"floor":54,"key":"LiquidMemories"}],"is_trial":false,"path_per_floor":["M","?","M","M","M","R","E","?","T","?","R","E","?","E","R","B",null,"M","$","M","?","$","R","E","R","T","M","?","?","E","M","R","B",null,"M","$","M","?","?","E","M","R","T","M","E","R","M","M","R","B",null,"R","$","E","B",null],"character_chosen":"HERMIT","items_purchased":["Torii","hermit:HighNoon","hermit:Tonic","Happy Flower","HandDrill","Medical Kit","Toy Ornithopter"],"campfire_rested":1,"item_purchase_floors":[19,19,19,22,36,53,53],"current_hp_per_floor":[75,75,69,64,64,64,55,55,55,55,55,39,39,11,11,11,75,75,75,75,65,75,75,65,65,65,65,65,65,57,51,51,27,89,78,91,93,64,64,66,66,66,66,61,49,49,44,38,70,20,107,107,107,106,102],"gold":244,"neow_bonus":"RANDOM_COLORLESS_2","is_daily":false,"chose_seed":false,"campfire_upgraded":6,"win_rate":0.0,"timestamp":1613206894,"path_taken":["M","?","M","?","M","R","E","?","T","?","R","E","?","E","R","BOSS","M","$","M","?","$","R","E","R","T","M","?","?","E","M","R","BOSS","M","$","M","?","?","E","M","R","T","M","E","R","M","M","R","BOSS","R","$","E","BOSS"],"items_purchased_type":["Relic","Card","Potion","Relic","Relic","Relic","Relic"],"build_version":"2020-12-22","purchased_purges":1,"victory":true,"max_hp_per_floor":[75,75,75,75,75,75,75,75,75,75,75,75,75,75,75,75,75,75,75,75,75,75,75,75,75,75,75,75,75,75,75,75,75,89,91,91,93,95,95,97,99,99,99,101,103,103,105,107,107,107,107,107,107,109,109],"card_choices":[{"not_picked":["Sadistic Nature","Metamorphosis"],"picked":"Transmutation","floor":0.0},{"not_picked":["hermit:Coalescence","hermit:Enervate"],"picked":"hermit:Malice","floor":1.0},{"not_picked":["hermit:Vantage","hermit:Feint","hermit:BigShot"],"picked":"SKIP","floor":3.0},{"not_picked":["hermit:Vantage","hermit:Feint","hermit:BigShot"],"picked":"SKIP","floor":3.0},{"not_picked":["hermit:ItchyTrigger","hermit:HighCaliber"],"picked":"hermit:FlashPowder","floor":4.0},{"not_picked":["hermit:HoleUp","hermit:Coalescence"],"picked":"hermit:GhostlyPresence","floor":5.0},{"not_picked":["hermit:CursedWeapon","hermit:ItchyTrigger","hermit:TakeAim"],"picked":"SKIP","floor":7.0},{"not_picked":["hermit:BodyArmor","hermit:ItchyTrigger"],"picked":"hermit:FromBeyond","floor":12.0},{"not_picked":["hermit:Vantage","hermit:Brawl","hermit:PistolWhip"],"picked":"SKIP","floor":14.0},{"not_picked":["hermit:Purgatory","hermit:Gambit"],"picked":"hermit:EternalForm","floor":16.0},{"not_picked":["hermit:CalledShot+1","hermit:LowProfile","hermit:Combo"],"picked":"SKIP","floor":18.0},{"not_picked":["hermit:Snipe+1","hermit:FlashPowder"],"picked":"hermit:Shortfuse+1","floor":20.0},{"not_picked":["hermit:Feint","hermit:CursedWeapon"],"picked":"hermit:Maintenance","floor":21.0},{"not_picked":["hermit:Deadeye","hermit:Misfire","hermit:Headshot"],"picked":"SKIP","floor":24.0},{"not_picked":["hermit:LoneWolf","hermit:WideOpen","hermit:Headshot"],"picked":"SKIP","floor":27.0},{"not_picked":["hermit:ItchyTrigger+1","hermit:EyeOfTheStorm"],"picked":"hermit:Maintenance","floor":30.0},{"not_picked":["hermit:Virtue","hermit:TrackingShot","hermit:Manifest"],"picked":"SKIP","floor":31.0},{"not_picked":["hermit:Purgatory","hermit:FinalCanter"],"picked":"hermit:Roughhouse","floor":33.0},{"not_picked":["hermit:Cheat+1","hermit:Shortfuse+1","hermit:HoleUp"],"picked":"Singing Bowl","floor":35.0},{"not_picked":["hermit:TrackingShot","hermit:Desperado","hermit:Misfire"],"picked":"Singing Bowl","floor":37.0},{"not_picked":["hermit:PistolWhip+1","hermit:CalledShot+1","hermit:Quickdraw"],"picked":"Singing Bowl","floor":38.0},{"not_picked":["hermit:BodyArmor","hermit:Scavenge+1","hermit:Manifest+1"],"picked":"Singing Bowl","floor":40.0},{"not_picked":["hermit:NoHoldsBarred+1","hermit:Feint+1","hermit:GoldenBullet+1"],"picked":"Singing Bowl","floor":41.0},{"not_picked":["hermit:LowProfile+1","hermit:NoHoldsBarred","hermit:Ricochet"],"picked":"Singing Bowl","floor":44.0},{"not_picked":["hermit:Maintenance","hermit:Virtue","hermit:FlashPowder"],"picked":"Singing Bowl","floor":45.0},{"not_picked":["hermit:Enervate+1","hermit:Quickdraw+1","hermit:Coalescence"],"picked":"Singing Bowl","floor":47},{"not_picked":["hermit:ItchyTrigger","hermit:Coalescence+1","hermit:ShadowCloak+1"],"picked":"Singing Bowl","floor":48},{"not_picked":["hermit:Vantage+1","hermit:BigShot+1","hermit:CalledShot+1"],"picked":"Singing Bowl","floor":54}],"player_experience":503335,"relics_obtained":[{"floor":7.0,"key":"Ginger"},{"floor":9.0,"key":"Peace Pipe"},{"floor":12.0,"key":"MealTicket"},{"floor":14.0,"key":"Letter Opener"},{"floor":21.0,"key":"Red Mask"},{"floor":24.0,"key":"Unceasing Top"},{"floor":26.0,"key":"InkBottle"},{"floor":30.0,"key":"Turnip"},{"floor":34.0,"key":"Orichalcum"},{"floor":34.0,"key":"Singing Bowl"},{"floor":34.0,"key":"Mango"},{"floor":38.0,"key":"Incense Burner"},{"floor":40.0,"key":"hermit:Spyglass"},{"floor":45.0,"key":"Calipers"},{"floor":54,"key":"Anchor"}],"event_choices":[{"damage_healed":0.0,"max_hp_gain":0.0,"max_hp_loss":0.0,"gold_gain":0.0,"event_name":"WeMeetAgain","player_choice":"Gave Potion","floor":2.0,"gold_loss":0.0,"damage_taken":0.0,"relics_obtained":["Old Coin"]},{"damage_healed":0.0,"max_hp_gain":0.0,"max_hp_loss":0.0,"gold_gain":0.0,"event_name":"Golden Idol","player_choice":"Take Wound","floor":8.0,"gold_loss":0.0,"damage_taken":0.0,"relics_obtained":["Golden Idol"],"cards_obtained":["Injury"]},{"damage_healed":0.0,"max_hp_gain":0.0,"max_hp_loss":0.0,"gold_gain":56.0,"event_name":"Golden Wing","player_choice":"Gained Gold","floor":10.0,"gold_loss":0.0,"damage_taken":0.0},{"cards_removed":["Injury"],"damage_healed":0.0,"max_hp_gain":0.0,"max_hp_loss":0.0,"gold_gain":0.0,"event_name":"Fountain of Cleansing","player_choice":"Removed Curses","floor":13.0,"gold_loss":0.0,"damage_taken":0.0},{"damage_healed":0.0,"max_hp_gain":0.0,"max_hp_loss":0.0,"gold_gain":0.0,"event_name":"Masked Bandits","player_choice":"Fought Bandits","floor":21.0,"gold_loss":0.0,"damage_taken":0.0},{"damage_healed":0.0,"max_hp_gain":0.0,"max_hp_loss":0.0,"gold_gain":0.0,"event_name":"Back to Basics","player_choice":"Simplicity","floor":28.0,"gold_loss":0.0,"damage_taken":0.0,"cards_upgraded":["hermit:Strike_Hermit","hermit:Strike_Hermit","hermit:Strike_Hermit","hermit:Strike_Hermit","hermit:Defend_Hermit","hermit:Defend_Hermit","hermit:Defend_Hermit","hermit:Defend_Hermit"]},{"damage_healed":0.0,"max_hp_gain":0.0,"max_hp_loss":0.0,"gold_gain":0.0,"event_name":"Beggar","player_choice":"Ignored","floor":29.0,"gold_loss":0.0,"damage_taken":0.0},{"damage_healed":0.0,"max_hp_gain":0.0,"max_hp_loss":0.0,"gold_gain":0.0,"event_name":"Mysterious Sphere","player_choice":"Fight","floor":38.0,"gold_loss":0.0,"damage_taken":0.0},{"damage_healed":0.0,"max_hp_gain":0.0,"max_hp_loss":0.0,"gold_gain":100.0,"event_name":"Golden Shrine","player_choice":"Pray","floor":39.0,"gold_loss":0.0,"damage_taken":0.0}],"is_beta":false,"boss_relics":[{"not_picked":["Velvet Choker","Runic Dome"],"picked":"hermit:BartenderGlass"},{"not_picked":["Empty Cage","Snecko Eye"],"picked":"Calling Bell"}],"items_purged_floors":[53],"is_endless":false,"potions_floor_spawned":[1,5,7,16,20,21,24,35,37,44,47,54],"ascension_level":1}}