{"host":"tm3ghj8mno6gwywm","time":1613239230,"event":{"mods":["2.2 Compatiblity","AchievementEnabler","Bard","BaseMod","Beaked The Cultist","Better Third Choice","Colored Map","Colored Powertips","Conspire","Downfall","Glutton Mod","GungeonMod","Halation","Hermit","Hubris","Infinite Spire","Jorbs\u0027s Wanderer Trilogy","Mad Scientist","Marisa????????","Marked Mod","Mimic Mod","Minty Spire (QoL Compilation)","Potionbrewer","Quick Restart","Replay The Spire","Shade Mod","Shop Mod","Somnambulant","Spicy Shops","StSLib","SuperFastMode","The Bug Knight","The Construct","The Cursed","The Disciple","The Hierophant","The IronCluck","The Judge","The Jungle","The Necromancer","The Runesmith","The Servant 0.9.4","egg"],"gold_per_floor":[399,418,189,247,347,31,67,104,144,144,162,62,93,113,146,262,262,262,281,281,281,381,281,281,411,432,432,476,520,563,563,588,709,709,609,251,351,389,424,424,469,509,533,591,329,329,329,347,362,362,362,394,271,271,271,271],"floor_reached":57,"language":"ENG","playtime":2153,"items_purged":["Normality","hubris:Greed"],"score":1411,"play_id":"a7c94101-090d-4c4c-951c-98cabd3aad6f","local_time":"20210213130030","is_ascension_mode":false,"campfire_choices":[{"floor":1,"key":"RECALL"},{"data":"1","floor":10,"key":"LIFT"},{"data":"2","floor":12,"key":"LIFT"},{"data":"3","floor":18,"key":"LIFT"},{"data":"bronze:Replicate","floor":23,"key":"SMITH"},{"data":"bronze:Defend","floor":35,"key":"SMITH"},{"data":"bronze:Defend","floor":40,"key":"SMITH"},{"data":"bronze:BronzeOrb+1","floor":47,"key":"SMITH"},{"data":"bronze:BronzeOrb+2","floor":54,"key":"SMITH"}],"circlet_count":0,"master_deck":["bronze:Strike","bronze:Strike","bronze:Strike","bronze:Strike","bronze:Defend","bronze:Defend","bronze:Defend+1","bronze:Defend+1","bronze:Replicate+1","bronze:Goto+1","bronze:DelayedSlice+1","bronze:BugBarrage+1","bronze:Shield+1","bronze:FollowUp+1","bronze:BuggyMess+1","bronze:WhirlingStrike+1","bronze:MaxOutput+1","bronze:BuggyMess+1","bronze:Repair+1","bronze:BronzeOrb+3","bronze:ClassDefault+1","bronze:WhirlingStrike+1","bronze:WildBeam+1","bronze:Iterate+1","bronze:Shield+1","bronze:ThunderWave+1","bronze:Boost+1","bronze:Goto+1","bronze:WhirlingStrike+1","bronze:InfiniteBeams+1","bronze:Verify+1","Specialist+1","bronze:Separator+1","bronze:OilSpill+1","bronze:Iterate+1","bronze:Terminator+1","bronze:Break+1","bronze:BugBarrage+1","bronze:BugBarrage+1","bronze:OilSpill+1","bronze:BugBarrage+1","bronze:WildBeam+1","Magnetism+1","Good Instincts+2","ReplayUltimateDefense+1","bronze:ItsAFeature+1","bronze:Constructor+2","bronze:Shell+1"],"relics":["bronze:BronzeCore","Old Coin","WingedGreaves","Lizard Tail","Mummified Hand","Black Star","Molten Egg 2","Toxic Egg 2","Frozen Egg 2","Quantum Egg","Membership Card","Girya","hubris:CuriousFeather","Toy Ornithopter","potionbrewer:SalesContract","Slimebound:PreparedRelic","sneckomod:BlankCard","downfall:HeartBlessingRed","Golden Egg","Centennial Puzzle","downfall:RedIOU","downfall:GremlinSack","downfall:HeartBlessingGreen","infinitespire:Broken Mirror","potionbrewer:Torch","Matryoshka","downfall:HeartBlessingBlue","hubris:TenFootPole","Shuriken","construct:BoolHorns","conspire:InfiniteJournal","conspire:TopHat","Replay:Rubber Ducky","Calipers","DemoMod:GundromedaStrain","bronze:CableSpool","ReplayTheSpireMod:ShopPack","StrikeDummy","DemoMod:ResourcefulSack","War Paint","halation:LettersToHer"],"acts_visited":["Exordium","TheCity","TheBeyond","TheEnding"],"potions_floor_usage":[5,6,16,16],"damage_taken":[{"damage":0,"enemies":"Small Slimes","floor":2,"turns":3},{"damage":0,"enemies":"downfall:FleeingMerchant","floor":3,"turns":4},{"damage":23,"enemies":"Lagavulin Event","floor":4,"turns":7},{"damage":12,"enemies":"downfall:LadyInBlue","floor":5,"turns":5},{"damage":15,"enemies":"downfall:FleeingMerchant","floor":6,"turns":4},{"damage":2,"enemies":"Cultist","floor":7,"turns":4},{"damage":0,"enemies":"Cultist","floor":8,"turns":2},{"damage":2,"enemies":"conspire:RoseBush","floor":9,"turns":2},{"damage":7,"enemies":"conspire:2 RoseBushes","floor":11,"turns":2},{"damage":0,"enemies":"Replay:BlueRogue","floor":13,"turns":2},{"damage":0,"enemies":"3 Louse","floor":14,"turns":1},{"damage":0,"enemies":"Exordium Thugs","floor":15,"turns":2},{"damage":0,"enemies":"WA_ARCHETYPE_RETAIN","floor":16,"turns":3},{"damage":0,"enemies":"Shell Parasite","floor":19,"turns":2},{"damage":0,"enemies":"Shell Parasite","floor":22,"turns":2},{"damage":14,"enemies":"downfall:FleeingMerchant","floor":25,"turns":3},{"damage":0,"enemies":"Spheric Guardian","floor":26,"turns":2},{"damage":0,"enemies":"Centurion and Healer","floor":28,"turns":2},{"damage":0,"enemies":"Snake Plant","floor":29,"turns":2},{"damage":0,"enemies":"Chosen and Byrds","floor":30,"turns":2},{"damage":0,"enemies":"Shelled Parasite and Fungi","floor":32,"turns":1},{"damage":39,"enemies":"SI_MIRROR_ARCHETYPE","floor":33,"turns":6},{"damage":0,"enemies":"3 Shapes","floor":38,"turns":2},{"damage":0,"enemies":"3 Darklings","floor":39,"turns":2},{"damage":0,"enemies":"4 Shapes","floor":41,"turns":3},{"damage":0,"enemies":"4 Shapes","floor":42,"turns":2},{"damage":0,"enemies":"Spire Growth","floor":43,"turns":2},{"damage":12,"enemies":"R_Hoarder","floor":44,"turns":5},{"damage":0,"enemies":"Transient","floor":48,"turns":5},{"damage":0,"enemies":"Sphere and 2 Shapes","floor":49,"turns":2},{"damage":41,"enemies":"IC_BLOCK_ARCHETYPE","floor":50,"turns":7},{"damage":0,"enemies":"downfall:CharBossMerchant","floor":52,"turns":2},{"damage":4,"enemies":"downfall:NeowBoss","floor":55,"turns":11},{"damage":126,"enemies":"downfall:NeowBossFinal","floor":56,"turns":10}],"seed_played":"-427330042268406383","potions_obtained":[{"floor":4,"key":"Adrenaline Potion"},{"floor":5,"key":"potionbrewer:InfectionPotion"},{"floor":5,"key":"Reflective Coating"},{"floor":5,"key":"Dexterity Potion"},{"floor":5,"key":"potionbrewer:DiscountPotion"}],"is_trial":false,"path_per_floor":["R","M","$","?","?","$","MIM","M","M","R","M","R","E","M","M","B",null,"R_BF","M","?","?","?","R","T","$","M","AVR","M","M","M","?","M","B",null,"R","$","?","M","M","R","MIM","M","M","E","$","?","R","M","M","B",null,"E","$","R","B","B",null],"character_chosen":"THE_AUTOMATON","items_purchased":["bronze:Shield+1","bronze:FollowUp+1","Girya","potionbrewer:SalesContract","bronze:BuggyMess+1","bronze:Repair+1","bronze:BronzeOrb+1","bronze:ClassDefault+1","Slimebound:PreparedRelic","infinitespire:Broken Mirror","potionbrewer:Torch","hubris:TenFootPole","Shuriken","construct:BoolHorns","bronze:CableSpool","bronze:WildBeam+1","ReplayTheSpireMod:ShopPack","StrikeDummy","halation:LettersToHer"],"campfire_rested":0,"item_purchase_floors":[3,3,3,6,6,6,6,6,6,25,25,36,36,36,45,45,45,45,53],"current_hp_per_floor":[70,70,70,47,35,25,33,43,61,61,64,64,70,70,70,70,70,70,70,70,70,70,70,70,56,66,66,66,70,70,57,57,18,75,85,85,85,85,85,85,85,85,85,81,81,81,81,85,85,44,85,85,85,85,81,46],"gold":271,"neow_bonus":"UPGRADE_CARD","is_daily":false,"chose_seed":false,"campfire_upgraded":5,"win_rate":0.0,"timestamp":1613239230,"path_taken":["R","M","$","?","?","$","MIM","M","M","R","M","R","E","M","M","BOSS","R_BF","M","?","?","?","R","T","$","M","AVR","M","?","M","?","M","BOSS","R","$","?","?","M","R","MIM","M","M","E","?","?","R","M","M","BOSS","E","$","R","BOSS","BOSS"],"items_purchased_type":["Card","Card","Relic","Relic","Card","Card","Card","Card","Relic","Relic","Relic","Relic","Relic","Relic","Relic","Card","Relic","Relic","Relic"],"build_version":"2020-12-22","purchased_purges":2,"victory":true,"max_hp_per_floor":[70,70,70,70,70,70,70,70,70,70,70,70,70,70,70,70,70,70,70,70,70,70,70,70,70,70,70,70,70,70,75,75,75,75,85,85,85,85,85,85,85,85,85,85,85,85,85,85,85,85,85,85,85,85,85,85],"card_choices":[{"not_picked":["bronze:FineTuning+1","bronze:Overheat+1"],"picked":"bronze:DelayedSlice+1","floor":2},{"not_picked":["bronze:Invalidate+1","bronze:Fortify+1"],"picked":"bronze:BugBarrage+1","floor":3},{"not_picked":["bronze:NullPointer+1","bronze:Constructor+1"],"picked":"bronze:BuggyMess+1","floor":4},{"not_picked":["bronze:Constructor+1","bronze:Safeguard+1"],"picked":"bronze:WhirlingStrike+1","floor":5},{"not_picked":["bronze:Invalidate+1","bronze:Repair+1"],"picked":"bronze:MaxOutput+1","floor":6},{"not_picked":["bronze:BitShift+1","bronze:FineTuning+1"],"picked":"bronze:WhirlingStrike+1","floor":7},{"not_picked":["bronze:Deprecate+1","bronze:Optimize+1","bronze:Return+1"],"picked":"SKIP","floor":8},{"not_picked":["bronze:Fortify+1","bronze:WhirlingStrike+1","bronze:Branch+1"],"picked":"SKIP","floor":9},{"not_picked":["bronze:Overheat+1","bronze:DigitalCarnage+1","bronze:InfiniteBeams+1"],"picked":"SKIP","floor":11},{"not_picked":["bronze:ClassDefault+1","bronze:BurnOut+1"],"picked":"bronze:WildBeam+1","floor":13},{"not_picked":["bronze:ClassDefault+1","bronze:Terminator+1"],"picked":"bronze:Iterate+1","floor":14},{"not_picked":["bronze:WhirlingStrike+1","bronze:CutThrough+1"],"picked":"bronze:Shield+1","floor":15},{"not_picked":["bronze:Assembly+1","bronze:CleanCode+1"],"picked":"bronze:ThunderWave+1","floor":16},{"not_picked":["bronze:WhirlingStrike+1","bronze:Overload+1"],"picked":"bronze:Boost+1","floor":19},{"not_picked":["bronze:Backtrace+1","bronze:NullPointer+1"],"picked":"bronze:Separator+1","floor":22},{"not_picked":["bronze:FineTuning+1","bronze:Overheat+1","bronze:Shield+1"],"picked":"SKIP","floor":25},{"not_picked":["bronze:Repulsor+1","bronze:MaxOutput+1"],"picked":"bronze:OilSpill+1","floor":26},{"not_picked":["bronze:BitShift+1","bronze:FollowUp+1","bronze:Shield+1"],"picked":"SKIP","floor":28},{"not_picked":["bronze:CutThrough+1","bronze:FineTuning+1"],"picked":"bronze:Iterate+1","floor":29},{"not_picked":["bronze:BitShift+1","bronze:WildBeam+1"],"picked":"bronze:Terminator+1","floor":30},{"not_picked":["bronze:BuggyMess+1","bronze:BitShift+1","bronze:Shield+1"],"picked":"SKIP","floor":32},{"not_picked":["bronze:TinkerersToolbox+1","bronze:CleanCode+1"],"picked":"bronze:Break+1","floor":33},{"not_picked":["bronze:Frontload+1","bronze:DelayedSlice+1","bronze:Invalidate+1"],"picked":"SKIP","floor":38},{"not_picked":["bronze:Return+1","bronze:Repair+1"],"picked":"bronze:BugBarrage+1","floor":39},{"not_picked":["bronze:Overload+1","bronze:Invalidate+1"],"picked":"bronze:BugBarrage+1","floor":42},{"not_picked":["bronze:Branch+1","bronze:Invalidate+1"],"picked":"bronze:OilSpill+1","floor":43},{"not_picked":["bronze:Return+1","bronze:FineTuning+1"],"picked":"bronze:BugBarrage+1","floor":44},{"not_picked":["Metamorphosis","ReplayUltimateDefense"],"picked":"Magnetism","floor":45},{"not_picked":["Impatience","Swift Strike"],"picked":"Good Instincts","floor":45},{"not_picked":["Specialist","Forethought"],"picked":"ReplayUltimateDefense","floor":45},{"not_picked":["bronze:Branch+1","bronze:Format+1"],"picked":"bronze:ItsAFeature+1","floor":48},{"not_picked":["bronze:Turbo+1","bronze:Deprecate+1"],"picked":"bronze:Constructor+1","floor":49},{"not_picked":["bronze:Turbo+1","bronze:OilSpill+1"],"picked":"bronze:Shell+1","floor":52}],"player_experience":874363,"relics_obtained":[{"floor":5,"key":"Toy Ornithopter"},{"floor":7,"key":"sneckomod:BlankCard"},{"floor":7,"key":"DemoMod:Metronome"},{"floor":13,"key":"Golden Egg"},{"floor":13,"key":"Centennial Puzzle"},{"floor":22,"key":"downfall:GremlinSack"},{"floor":41,"key":"conspire:InfiniteJournal"},{"floor":41,"key":"conspire:TopHat"},{"floor":41,"key":"Replay:Rubber Ducky"},{"floor":44,"key":"Calipers"},{"floor":44,"key":"DemoMod:GundromedaStrain"},{"floor":52,"key":"DemoMod:ResourcefulSack"},{"floor":52,"key":"War Paint"}],"event_choices":[{"damage_healed":0,"gold_gain":0,"player_choice":"Leave","damage_taken":0,"max_hp_gain":0,"max_hp_loss":0,"event_name":"conspire:Investor","floor":21,"gold_loss":0}],"is_beta":false,"boss_relics":[{"not_picked":["Runic Dome","Runic Pyramid","Philosopher\u0027s Stone"]},{"not_picked":["Painkiller Herb","Cursed Key","hubris:TerracottaHorce"]}],"items_purged_floors":[45,53],"is_endless":false,"potions_floor_spawned":[4,5,8,9,15,16,28,29,30,33,38,39,42,44],"ascension_level":0}}