{"host":"pdq28s6637cpsst2","time":1613200304,"event":{"mods":["BaseMod","Colored Map","Highlight Path","Minty Spire (QoL Compilation)","Permanent Neow","Quick Restart"],"gold_per_floor":[119,119,69,81,5,5,5,5,28,4,23,51,62,90,90,195,195,210,125,125,3,17,32,32,32,32,48,48,75,91,91,91,196,196,214,214,233,288,300,300,132,161,188,188,223,240,290,290,290,290,290,290,165,194,194],"floor_reached":56,"language":"ENG","playtime":4946,"items_purged":["Strike_B","Defend_B","Defend_B"],"score":1337,"play_id":"5f79ebef-7c79-42d7-8ed8-1c7e77310dd7","local_time":"20210213021144","is_ascension_mode":true,"campfire_choices":[{"data":"Capacitor","floor":6.0,"key":"SMITH"},{"data":"Glacier","floor":8.0,"key":"SMITH"},{"data":"Coolheaded","floor":15.0,"key":"SMITH"},{"data":"Echo Form","floor":25.0,"key":"SMITH"},{"data":"Coolheaded","floor":28.0,"key":"SMITH"},{"data":"Blizzard","floor":32.0,"key":"SMITH"},{"data":"Machine Learning","floor":40.0,"key":"SMITH"},{"floor":44.0,"key":"REST"},{"floor":49.0,"key":"RECALL"},{"data":"Defragment","floor":52.0,"key":"SMITH"}],"circlet_count":0,"master_deck":["Dualcast+1","Cold Snap+1","Sweeping Beam+1","Melter+1","Glacier+1","Capacitor+1","Self Repair","Coolheaded+1","Ball Lightning","Barrage","Chill+1","Multi-Cast","Steam+1","Coolheaded+1","Streamline","Echo Form+1","Go for the Eyes+1","Blizzard+1","Streamline+1","Machine Learning+1","Cold Snap","Blizzard+1","Defragment+1","Defragment+1","Double Energy"],"relics":["Astrolabe","Potion Belt","Orichalcum","Bronze Scales","InkBottle","Sozu","Anchor","MealTicket","Black Star","CaptainsWheel","HornCleat","War Paint","Centennial Puzzle","Kunai","Happy Flower","Pocketwatch","Oddly Smooth Stone","Bag of Preparation"],"acts_visited":["Exordium","TheCity","TheBeyond","TheEnding"],"potions_floor_usage":[],"damage_taken":[{"damage":0.0,"enemies":"2 Louse","floor":1.0,"turns":2.0},{"damage":1.0,"enemies":"Jaw Worm","floor":4.0,"turns":3.0},{"damage":0.0,"enemies":"Cultist","floor":11.0,"turns":3.0},{"damage":6.0,"enemies":"Gremlin Nob","floor":12.0,"turns":4.0},{"damage":3.0,"enemies":"2 Fungi Beasts","floor":13.0,"turns":3.0},{"damage":2.0,"enemies":"Lagavulin","floor":14.0,"turns":8.0},{"damage":30.0,"enemies":"Hexaghost","floor":16.0,"turns":8.0},{"damage":5.0,"enemies":"Shell Parasite","floor":18.0,"turns":4.0},{"damage":0.0,"enemies":"Spheric Guardian","floor":22.0,"turns":3.0},{"damage":11.0,"enemies":"Snecko","floor":23.0,"turns":6.0},{"damage":1.0,"enemies":"Centurion and Healer","floor":27.0,"turns":5.0},{"damage":12.0,"enemies":"Gremlin Leader","floor":29.0,"turns":8.0},{"damage":0.0,"enemies":"3 Cultists","floor":30.0,"turns":5.0},{"damage":17.0,"enemies":"Collector","floor":33.0,"turns":10.0},{"damage":4.0,"enemies":"Orb Walker","floor":35.0,"turns":5.0},{"damage":8.0,"enemies":"3 Shapes","floor":37.0,"turns":3.0},{"damage":51.0,"enemies":"2 Orb Walkers","floor":38.0,"turns":6.0},{"damage":4.0,"enemies":"Spire Growth","floor":39.0,"turns":5.0},{"damage":26.0,"enemies":"Reptomancer","floor":42.0,"turns":6.0},{"damage":18.0,"enemies":"Giant Head","floor":45.0,"turns":8.0},{"damage":6.0,"enemies":"Maw","floor":46.0,"turns":7.0},{"damage":3.0,"enemies":"Mind Bloom Boss Battle","floor":47.0,"turns":6.0},{"damage":6.0,"enemies":"Donu and Deca","floor":50.0,"turns":8.0},{"damage":20.0,"enemies":"Shield and Spear","floor":54.0,"turns":6.0},{"damage":42,"enemies":"The Heart","floor":55,"turns":10}],"seed_played":"-4234181834570156194","potions_obtained":[{"floor":1.0,"key":"DuplicationPotion"},{"floor":11.0,"key":"BlessingOfTheForge"}],"is_trial":false,"path_per_floor":["M","?","?","M","$","R","T","R","T","$","M","E","M","E","R","B",null,"M","?","?","$","M","M","?","R","T","M","R","E","M","?","R","B",null,"M","?","M","?","M","R","$","E","T","R","E","M","?","?","R","B",null,"R","$","E","B",null],"character_chosen":"DEFECT","items_purchased":["Self Repair","Coolheaded","Coolheaded","Defragment"],"campfire_rested":1,"item_purchase_floors":[5,10,21,41],"current_hp_per_floor":[75,75,75,74,74,74,74,74,74,74,74,75,75,75,75,52,75,75,75,75,75,75,71,71,71,71,75,75,70,75,59,59,49,75,75,75,67,30,40,40,55,39,39,61,57,65,69,69,69,70,71,71,71,58,23],"gold":194,"neow_bonus":"BOSS_RELIC","is_daily":false,"chose_seed":false,"campfire_upgraded":8,"win_rate":0.0,"timestamp":1613200304,"path_taken":["M","?","?","M","$","R","?","R","T","?","M","E","M","E","R","BOSS","M","?","?","$","?","M","?","R","T","M","R","E","M","?","R","BOSS","M","?","?","?","M","R","$","E","T","R","E","M","?","?","R","BOSS","R","$","E","BOSS"],"items_purchased_type":["Card","Card","Card","Card"],"build_version":"2020-12-22","purchased_purges":3,"victory":true,"max_hp_per_floor":[75,75,75,75,75,75,75,75,75,75,75,75,75,75,75,75,75,75,75,75,75,75,75,75,75,75,75,75,75,75,75,75,75,75,75,75,75,75,75,75,75,75,75,75,75,75,75,71,71,71,71,71,71,71,71],"card_choices":[{"not_picked":["Heatsinks","Darkness"],"picked":"Glacier","floor":1.0},{"not_picked":["Turbo","Conserve Battery"],"picked":"Capacitor","floor":4.0},{"not_picked":["Auto Shields","Conserve Battery","Self Repair"],"picked":"SKIP","floor":11.0},{"not_picked":["Leap","Steam"],"picked":"Ball Lightning","floor":12.0},{"not_picked":["Rebound","White Noise"],"picked":"Barrage","floor":13.0},{"not_picked":["Leap","Conserve Battery"],"picked":"Chill","floor":14.0},{"not_picked":["Biased Cognition","Meteor Strike"],"picked":"Multi-Cast","floor":16.0},{"not_picked":["Redo","Conserve Battery"],"picked":"Steam","floor":18.0},{"not_picked":["Reprogram","Gash","Loop"],"picked":"SKIP","floor":22.0},{"not_picked":["Gash","Auto Shields+1"],"picked":"Streamline","floor":23.0},{"not_picked":["Redo+1","Tempest"],"picked":"Go for the Eyes+1","floor":27.0},{"not_picked":["Leap","Chill"],"picked":"Blizzard","floor":29.0},{"not_picked":["Storm","Amplify"],"picked":"Streamline+1","floor":30.0},{"not_picked":["Fission","Echo Form"],"picked":"Machine Learning","floor":33.0},{"not_picked":["Compile Driver+1","Redo+1"],"picked":"Cold Snap","floor":35.0},{"not_picked":["Leap","Melter","Redo"],"picked":"SKIP","floor":37.0},{"not_picked":["Genetic Algorithm","Capacitor+1"],"picked":"Blizzard+1","floor":39.0},{"not_picked":["Meteor Strike","Turbo+1","Leap"],"picked":"SKIP","floor":42.0},{"not_picked":["Force Field","Rebound","Barrage+1"],"picked":"SKIP","floor":45.0},{"not_picked":["Go for the Eyes","Gash+1"],"picked":"Defragment+1","floor":46.0},{"not_picked":["Cold Snap","Heatsinks+1"],"picked":"Double Energy","floor":54.0}],"player_experience":181747,"relics_obtained":[{"floor":7.0,"key":"Potion Belt"},{"floor":9.0,"key":"Orichalcum"},{"floor":12.0,"key":"Bronze Scales"},{"floor":14.0,"key":"InkBottle"},{"floor":29.0,"key":"MealTicket"},{"floor":38.0,"key":"CaptainsWheel"},{"floor":42.0,"key":"HornCleat"},{"floor":42.0,"key":"War Paint"},{"floor":43.0,"key":"Centennial Puzzle"},{"floor":45.0,"key":"Kunai"},{"floor":45.0,"key":"Happy Flower"},{"floor":47.0,"key":"Pocketwatch"},{"floor":54.0,"key":"Oddly Smooth Stone"},{"floor":54.0,"key":"Bag of Preparation"}],"event_choices":[{"cards_removed":["Strike_B"],"damage_healed":0.0,"max_hp_gain":0.0,"max_hp_loss":0.0,"gold_gain":0.0,"event_name":"Living Wall","player_choice":"Forget","floor":2.0,"gold_loss":0.0,"damage_taken":0.0},{"cards_removed":["Zap"],"damage_healed":0.0,"max_hp_gain":0.0,"max_hp_loss":0.0,"gold_gain":0.0,"event_name":"The Cleric","player_choice":"Card Removal","floor":3.0,"gold_loss":50.0,"damage_taken":0.0},{"damage_healed":0.0,"max_hp_gain":0.0,"max_hp_loss":0.0,"gold_gain":0.0,"event_name":"Addict","player_choice":"Obtained Relic","floor":19.0,"gold_loss":85.0,"damage_taken":0.0,"relics_obtained":["Anchor"]},{"damage_healed":0.0,"max_hp_gain":0.0,"max_hp_loss":0.0,"gold_gain":0.0,"event_name":"Upgrade Shrine","player_choice":"Upgraded","floor":20.0,"gold_loss":0.0,"damage_taken":0.0,"cards_upgraded":["Chill"]},{"damage_healed":0.0,"max_hp_gain":0.0,"max_hp_loss":0.0,"gold_gain":0.0,"event_name":"The Library","player_choice":"Read","floor":24.0,"gold_loss":0.0,"damage_taken":0.0,"cards_obtained":["Echo Form"]},{"damage_healed":0.0,"max_hp_gain":0.0,"max_hp_loss":0.0,"gold_gain":0.0,"event_name":"Cursed Tome","player_choice":"Obtained Book","floor":31.0,"gold_loss":0.0,"damage_taken":16.0},{"cards_removed":["Defend_B"],"damage_healed":0.0,"max_hp_gain":0.0,"max_hp_loss":0.0,"gold_gain":0.0,"event_name":"Purifier","player_choice":"Purged","floor":36.0,"gold_loss":0.0,"damage_taken":0.0},{"damage_healed":0.0,"max_hp_gain":0.0,"max_hp_loss":0.0,"gold_gain":0.0,"event_name":"Mysterious Sphere","player_choice":"Fight","floor":38.0,"gold_loss":0.0,"damage_taken":0.0},{"damage_healed":0.0,"max_hp_gain":0.0,"max_hp_loss":0.0,"gold_gain":0.0,"event_name":"MindBloom","player_choice":"Fight","floor":47.0,"gold_loss":0.0,"damage_taken":0.0},{"damage_healed":0.0,"max_hp_gain":0.0,"max_hp_loss":4.0,"gold_gain":0.0,"event_name":"Winding Halls","player_choice":"Max HP","floor":48.0,"gold_loss":0.0,"damage_taken":0.0}],"is_beta":false,"boss_relics":[{"not_picked":["Ectoplasm","Inserter"],"picked":"Sozu"},{"not_picked":["Empty Cage","Velvet Choker"],"picked":"Black Star"}],"items_purged_floors":[21,41,53],"is_endless":false,"potions_floor_spawned":[1,11,18,27,30,42,45,46,47],"ascension_level":4}}