{"host":"s0ikvqhe10eopvjn","time":1613242142,"event":{"mods":["Act Like it!","Bard","BaseMod","Better Third Choice","Block Reminder","Colored Map","Colored Powertips","Dark Map","DeckTracker","Downfall","GifTheSpireLib","Halation","Hallownest","Hermit","Highlight Path","Hubris","Infinite Spire","Mad Scientist","Minty Spire (QoL Compilation)","Permanent Neow","Random Character Button","Relic Stats","Reliquary","StSLib","The Blue Laboratory","The Bug Knight","The Construct","The Cursed","The Disciple","The Marked","The Necromancer","The Poker Player","The Runesmith","The Servant 0.9.4"],"gold_per_floor":[113,113,113,130,101,133,146,173,173,202,202,221,221,252,252,352,352,365,365,365,181,181,181,211,211,211,228,239,149,74,92,92,92,92,92],"floor_reached":33,"language":"ENG","playtime":1737,"items_purged":["PokerPlayerMod:Club1"],"score":437,"play_id":"b75792f0-8c27-4a1a-8479-22c105d40c3b","local_time":"20210213184902","is_ascension_mode":true,"metric_token":2194,"campfire_choices":[{"floor":13,"key":"RECALL"},{"data":"PokerPlayerMod:CardPrinter","floor":15,"key":"SMITH"},{"data":"PokerPlayerMod:CardPrinter+1","floor":23,"key":"SMITH"},{"data":"PokerPlayerMod:CardPrinter+2","floor":25,"key":"SMITH"},{"data":"PokerPlayerMod:CardPrinter+3","floor":32,"key":"SMITH"}],"circlet_count":0,"master_deck":["PokerPlayerMod:Diamond2","PokerPlayerMod:Diamond3","PokerPlayerMod:Diamond4","PokerPlayerMod:Diamond5","PokerPlayerMod:Spade3","PokerPlayerMod:Spade2","PokerPlayerMod:Spade3","PokerPlayerMod:Spade4","PokerPlayerMod:Club2","PokerPlayerMod:Heart2","PokerPlayerMod:TrumpStrike","PokerPlayerMod:BadJoker+1","PokerPlayerMod:Mulligan","PokerPlayerMod:SecondChance","Expertise+1","PokerPlayerMod:Extraction","PokerPlayerMod:Spade7","PokerPlayerMod:Diamond8","PokerPlayerMod:SpadeStrike","PokerPlayerMod:Club3","PokerPlayerMod:CardPrinter+4","PokerPlayerMod:StackedDeck","infinitespire:Starlight","PokerPlayerMod:ChangeRules","PokerPlayerMod:Heart3","PokerPlayerMod:RoyalStrike","PokerPlayerMod:Spade9"],"relics":["PokerPlayerMod:DeckCase","NeowsBlessing","hubris:Towel","PokerPlayerMod:Splitter","betterThird:SlimedRelic","Happy Flower","reliquary:Buckler","Matryoshka","infinitespire:WardingShard","infinitespire:Joker Card","construct:WeddingRing","infinitespire:Eraser","infinitespire:Lychee Nut","Bronze Scales","Meat on the Bone"],"acts_visited":["Exordium","TheCity"],"potions_floor_usage":[33],"damage_taken":[{"damage":0,"enemies":"Small Slimes","floor":1,"turns":1},{"damage":0,"enemies":"Jaw Worm","floor":4,"turns":1},{"damage":0,"enemies":"Gremlin Nob","floor":6,"turns":1},{"damage":0,"enemies":"2 Louse","floor":7,"turns":1},{"damage":0,"enemies":"3 Sentries","floor":8,"turns":2},{"damage":12,"enemies":"Gremlin Nob","floor":10,"turns":5},{"damage":2,"enemies":"Exordium Thugs","floor":12,"turns":3},{"damage":0,"enemies":"3 Sentries","floor":14,"turns":3},{"damage":0,"enemies":"Slime Boss","floor":16,"turns":4},{"damage":14,"enemies":"2 Thieves","floor":18,"turns":3},{"damage":13,"enemies":"HollowMod:Nosk","floor":24,"turns":6},{"damage":0,"enemies":"Chosen","floor":27,"turns":3},{"damage":15,"enemies":"Snake Plant","floor":28,"turns":3},{"damage":1,"enemies":"Sentry and Sphere","floor":31,"turns":4},{"damage":65,"enemies":"Automaton","floor":33,"turns":6}],"seed_played":"7782790252612088640","potions_obtained":[{"floor":6,"key":"blueLaboratory:HummingbirdPotion"},{"floor":7,"key":"blueLaboratory:BottleOfRum"},{"floor":10,"key":"PowerPotion"},{"floor":27,"key":"EntropicBrew"}],"is_trial":false,"path_per_floor":["M","?","?","M","?","E","M","E","T","E","?","M","R","E","R","B",null,"M","?","AVR","$","?","R","E","R","T","M","M","?","$","M","R","B"],"character_chosen":"THE_POKER_PLAYER","items_purchased":["PokerPlayerMod:ChangeRules","PokerPlayerMod:Heart3"],"campfire_rested":0,"item_purchase_floors":[21,21],"current_hp_per_floor":[52,52,36,36,25,25,25,25,25,15,32,34,34,42,42,42,52,38,52,52,52,52,52,39,39,39,39,24,24,24,39,39,0,0,0],"gold":92,"neow_bonus":"THREE_ENEMY_KILL","is_daily":false,"chose_seed":false,"campfire_upgraded":4,"win_rate":0.0,"timestamp":1613242142,"path_taken":["M","?","?","M","?","E","M","E","T","E","?","M","R","E","R","BOSS","M","?","AVR","?","?","R","E","R","T","M","?","?","?","?","R","BOSS"],"items_purchased_type":["Card","Card"],"build_version":"2020-12-22","purchased_purges":1,"victory":false,"max_hp_per_floor":[52,52,52,52,52,52,52,52,52,52,52,52,52,52,52,52,52,52,52,52,52,52,52,39,39,39,39,39,39,39,39,39,39,39,39],"relic_stats":{"Happy Flower":[14],"counters":[15,46],"Bronze Scales":[36],"obtain_stats":[{"construct:WeddingRing":17,"NeowsBlessing":0,"Happy Flower":6,"infinitespire:Joker Card":14,"hubris:Towel":2,"PokerPlayerMod:DeckCase":0,"Matryoshka":9,"infinitespire:WardingShard":10,"infinitespire:Lychee Nut":24,"betterThird:SlimedRelic":5,"Bronze Scales":26,"reliquary:Buckler":8,"infinitespire:Eraser":20,"PokerPlayerMod:Splitter":3,"Meat on the Bone":26},{"construct:WeddingRing":9,"NeowsBlessing":0,"Happy Flower":3,"infinitespire:Joker Card":8,"hubris:Towel":1,"PokerPlayerMod:DeckCase":0,"Matryoshka":5,"infinitespire:WardingShard":6,"infinitespire:Lychee Nut":11,"betterThird:SlimedRelic":2,"Bronze Scales":11,"reliquary:Buckler":5,"infinitespire:Eraser":10,"PokerPlayerMod:Splitter":1,"Meat on the Bone":11},{"construct:WeddingRing":21,"NeowsBlessing":0,"Happy Flower":3,"infinitespire:Joker Card":17,"hubris:Towel":1,"PokerPlayerMod:DeckCase":0,"Matryoshka":6,"infinitespire:WardingShard":11,"infinitespire:Lychee Nut":30,"betterThird:SlimedRelic":2,"Bronze Scales":30,"reliquary:Buckler":6,"infinitespire:Eraser":24,"PokerPlayerMod:Splitter":1,"Meat on the Bone":30}],"Meat on the Bone":0},"card_choices":[{"not_picked":["PokerPlayerMod:Spade2","PokerPlayerMod:Heart1"],"picked":"PokerPlayerMod:SecondChance","floor":1},{"not_picked":["PokerPlayerMod:MagicTrick","PokerPlayerMod:Spade3"],"picked":"PokerPlayerMod:Extraction","floor":4},{"not_picked":["PokerPlayerMod:Diamond5","PokerPlayerMod:Diamond2"],"picked":"PokerPlayerMod:Spade7","floor":6},{"not_picked":["PokerPlayerMod:Heart2","PokerPlayerMod:SpadeStrike"],"picked":"PokerPlayerMod:Diamond8","floor":7},{"not_picked":["PokerPlayerMod:Diamond5","PokerPlayerMod:ClubStrike"],"picked":"PokerPlayerMod:SpadeStrike","floor":8},{"not_picked":["PokerPlayerMod:Club4","PokerPlayerMod:ClubsClub"],"picked":"PokerPlayerMod:Manipulation","floor":10},{"not_picked":["PokerPlayerMod:Extraction","PokerPlayerMod:Diamond2"],"picked":"PokerPlayerMod:Club3","floor":12},{"not_picked":["PokerPlayerMod:Sharpen","PokerPlayerMod:Heart3"],"picked":"PokerPlayerMod:CardPrinter","floor":14},{"not_picked":["PokerPlayerMod:Diamond8","PokerPlayerMod:Diamond10+"],"picked":"PokerPlayerMod:StackedDeck","floor":16},{"not_picked":["PokerPlayerMod:Diamond3","PokerPlayerMod:DartThrow","PokerPlayerMod:DiamondStrike"],"picked":"SKIP","floor":18},{"not_picked":["PokerPlayerMod:Duplicate","PokerPlayerMod:SpadeStrike"],"picked":"PokerPlayerMod:Spade9","floor":24},{"not_picked":["PokerPlayerMod:SpadeStrike","PokerPlayerMod:Diamond4","PokerPlayerMod:Diamond5"],"picked":"SKIP","floor":27},{"not_picked":["PokerPlayerMod:Club7","PokerPlayerMod:HiddenCard"],"picked":"PokerPlayerMod:CardBurn+1","floor":28},{"not_picked":["PokerPlayerMod:Diamond2","PokerPlayerMod:Configure","PokerPlayerMod:Trickery"],"picked":"SKIP","floor":31}],"player_experience":336462,"relics_obtained":[{"floor":6,"key":"Happy Flower"},{"floor":8,"key":"reliquary:Buckler"},{"floor":9,"key":"Matryoshka"},{"floor":10,"key":"infinitespire:WardingShard"},{"floor":14,"key":"infinitespire:Joker Card"},{"floor":24,"key":"infinitespire:Lychee Nut"},{"floor":26,"key":"Bronze Scales"},{"floor":26,"key":"Meat on the Bone"}],"event_choices":[{"damage_healed":0,"gold_gain":0,"player_choice":"Slimed","damage_taken":11,"max_hp_gain":0,"max_hp_loss":0,"event_name":"betterThird:BetterGoop","floor":5,"gold_loss":29},{"damage_healed":17,"gold_gain":0,"player_choice":"Banana","damage_taken":0,"max_hp_gain":0,"max_hp_loss":0,"event_name":"Big Fish","floor":11,"gold_loss":0},{"cards_removed":["PokerPlayerMod:Manipulation"],"damage_healed":14,"gold_gain":0,"player_choice":"Offered Uncommon","damage_taken":0,"max_hp_gain":0,"max_hp_loss":0,"event_name":"Bonfire Elementals","floor":19,"gold_loss":0},{"damage_healed":0,"gold_gain":0,"cards_transformed":["PokerPlayerMod:Diamond1"],"player_choice":"Transformed","damage_taken":0,"max_hp_gain":0,"max_hp_loss":0,"event_name":"Transmorgrifier","floor":22,"gold_loss":0,"cards_obtained":["PokerPlayerMod:RoyalStrike"]},{"cards_removed":["PokerPlayerMod:CardBurn"],"damage_healed":0,"gold_gain":0,"player_choice":"Upgrade and Remove","damage_taken":0,"max_hp_gain":0,"max_hp_loss":0,"event_name":"Designer","floor":29,"gold_loss":90,"cards_upgraded":["PokerPlayerMod:Spade3"]}],"is_beta":false,"boss_relics":[{"not_picked":["hubris:BlackHole","Philosopher\u0027s Stone"],"picked":"construct:WeddingRing"}],"items_purged_floors":[30],"is_endless":false,"potions_floor_spawned":[6,7,10,27,31],"killed_by":"Automaton","ascension_level":1}}