{"host":"26n6m4vwjk8adcm5","time":1613229095,"event":{"mods":["AchievementEnabler","BaseMod","Koishi","KomeijiMod","Minty Spire (QoL Compilation)","Replay The Spire","StSLib","[IsaacMod]ÒÔÈö¼âËþ"],"gold_per_floor":[110,41,55,55,66,100,119,35,87,113,130,142,154,165,165,267,267,283,376,394,147,79,113,140,140,164,183,183,215,229,243,158,259,259,271,325,325,336,355,355,118,150,225,236,67,87,87,87],"floor_reached":47,"language":"ZHS","playtime":7502,"items_purged":[],"score":661,"play_id":"788af5ce-4f53-47a2-bf94-ba5b202e804c","local_time":"20210213231135","is_ascension_mode":false,"campfire_choices":[{"floor":25,"key":"REST"},{"floor":28,"key":"REST"},{"floor":40,"key":"REST"}],"circlet_count":0,"master_deck":["Koishi:BasicStrike","Koishi:BasicStrike","Koishi:BasicStrike","Koishi:BasicDefend","Koishi:BasicDefend","Koishi:BasicDefend","Koishi:BasicDefend","Koishi:Provoke","Koishi:HauntingSlash+1","BloodyBrimstone","Koishi:PhantomBarrier","Koishi:VengefulSpirit","Koishi:VengefulSpirit","Koishi:DNAsFlaw","Koishi:MentalBreakdown","Koishi:ReflexRadar","Bandage Up","Koishi:LastRemote","Koishi:FleetingPhantom","Koishi:GhostParty","Koishi:UnconsciousUrges","Koishi:PhantomStrike","Koishi:PredatoryInstincts","Koishi:FormlessExistence","Koishi:BramblyRoseGarden","Koishi:UnconsciousUprising+1","Koishi:Untouchable+1","Koishi:JumpScare","Koishi:BramblyRoseGarden","Koishi:SubterraneanRose","Koishi:PhantomBarrier+1","Koishi:ReflexRadar","Koishi:ReleaseOfTheId+1","Koishi:SubconsciousSweep+1","Koishi:RoseHell","Koishi:Heartbroken","Chrysalis","Koishi:FourthEye","Koishi:PhantomBarrier","Koishi:SubterraneanRose","Koishi:FleetingPhantom","Koishi:UnansweredLove","Finesse","Koishi:UnconsciousUrges","Koishi:YoukaiPolygraph","Koishi:Prune","Koishi:SilentAndRestless","Koishi:FreudianInstinct","ReplayTheSpireMod:Uncanny Aura","Koishi:HeartfeltFancy"],"relics":["Koishi:ImaginaryFriend","HushsDoor","Leech","AnarchistCookbook","Bag of Marbles","Lizard Tail","Fusion Hammer","Toy Ornithopter","Bottled Tornado","Simple Rune","Pen Nib","Bottled Lightning","Bronze Scales","Snecko Eye","StoneCalendar","Happy Flower","D6","Frozen Eye"],"acts_visited":["Exordium","TheCity","TheBeyond"],"potions_floor_usage":[7,14,16,23,23,31,33,35,36,42,44],"damage_taken":[{"damage":1,"enemies":"Cultist","floor":1,"turns":5},{"damage":1,"enemies":"Jaw Worm","floor":3,"turns":4},{"damage":8,"enemies":"2 Louse","floor":5,"turns":3},{"damage":20,"enemies":"Replay:BlueRogue","floor":6,"turns":5},{"damage":16,"enemies":"Lots of Slimes","floor":7,"turns":5},{"damage":32,"enemies":"Gremlin Nob","floor":10,"turns":5},{"damage":0,"enemies":"Large Slime","floor":11,"turns":5},{"damage":0,"enemies":"3 Louse","floor":12,"turns":1},{"damage":7,"enemies":"2 Fungi Beasts","floor":13,"turns":5},{"damage":7,"enemies":"Exordium Thugs","floor":14,"turns":4},{"damage":3,"enemies":"Slime Boss","floor":16,"turns":11},{"damage":13,"enemies":"2 Thieves","floor":18,"turns":4},{"damage":0,"enemies":"3 Byrds","floor":20,"turns":2},{"damage":55,"enemies":"Slavers","floor":23,"turns":4},{"damage":2,"enemies":"Snecko","floor":27,"turns":6},{"damage":41,"enemies":"Gremlin Leader","floor":29,"turns":15},{"damage":0,"enemies":"Sentry and Sphere","floor":30,"turns":6},{"damage":14,"enemies":"Centurion and Healer","floor":31,"turns":9},{"damage":0,"enemies":"Automaton","floor":33,"turns":10},{"damage":2,"enemies":"3 Darklings","floor":35,"turns":3},{"damage":50,"enemies":"2 Orb Walkers","floor":36,"turns":3},{"damage":8,"enemies":"Orb Walker","floor":38,"turns":5},{"damage":5,"enemies":"Transient","floor":39,"turns":5},{"damage":12,"enemies":"Giant Head","floor":42,"turns":11},{"damage":3,"enemies":"Jaw Worm Horde","floor":44,"turns":4},{"damage":18,"enemies":"Writhing Mass","floor":46,"turns":8},{"damage":27,"enemies":"Spire Growth","floor":47,"turns":5}],"seed_played":"-4668017117597042011","potions_obtained":[{"floor":1,"key":"CalmPotion"},{"floor":6,"key":"SteroidPotion"},{"floor":11,"key":"AttackPotion"},{"floor":13,"key":"Strength Potion"},{"floor":14,"key":"Swift Potion"},{"floor":20,"key":"Flashbang"},{"floor":30,"key":"PowerPotion"},{"floor":31,"key":"Reflective Coating"},{"floor":33,"key":"AttackPotion"},{"floor":35,"key":"Adrenaline Potion"},{"floor":38,"key":"Explosive Potion"},{"floor":39,"key":"Reflective Coating"},{"floor":46,"key":"Dexterity Potion"}],"is_trial":false,"path_per_floor":["M","$","M","?","M","E","M","$","T","E","M","M","M","M","R","B",null,"M","?","M","$","$","E","T","R","T","M","R","E","M","M","R","B",null,"M","?","?","M","M","R","$","E","T","M","$","M","M"],"character_chosen":"KOISHI","items_purchased":["Koishi:VengefulSpirit","Bandage Up","Koishi:Untouchable+1","Koishi:JumpScare","Toy Ornithopter","Koishi:BramblyRoseGarden","Koishi:Heartbroken","Chrysalis","Koishi:FourthEye","Finesse","Koishi:UnconsciousUrges","Koishi:YoukaiPolygraph","Koishi:FreudianInstinct","ReplayTheSpireMod:Uncanny Aura"],"campfire_rested":3,"item_purchase_floors":[2,8,21,21,21,22,34,34,34,41,41,41,45,45],"current_hp_per_floor":[66,66,66,66,61,48,40,40,40,14,25,25,27,30,30,37,57,45,30,47,47,47,10,10,24,24,40,48,33,48,48,48,48,38,38,7,22,24,27,35,35,26,26,32,32,22,0,0],"gold":87,"neow_bonus":"TEN_PERCENT_HP_BONUS","is_daily":false,"chose_seed":false,"campfire_upgraded":0,"win_rate":0.0,"timestamp":1613229095,"path_taken":["M","$","?","?","M","E","M","?","T","E","M","?","M","M","R","BOSS","M","?","M","?","$","E","?","R","T","M","R","E","M","M","R","BOSS","M","?","?","M","?","R","?","E","T","M","$","?","?"],"items_purchased_type":["Card","Card","Card","Card","Relic","Card","Card","Card","Card","Card","Card","Card","Card","Card"],"build_version":"2020-12-22","purchased_purges":0,"victory":false,"max_hp_per_floor":[66,66,66,66,66,63,63,63,63,63,63,60,60,60,60,57,57,54,54,51,51,51,48,48,48,48,48,48,48,48,48,48,48,38,38,35,35,35,35,35,35,32,32,32,32,32,32,32],"card_choices":[{"not_picked":[],"picked":"BloodyBrimstone","floor":0.0},{"not_picked":["Koishi:TraumaticStroke","Koishi:Possession"],"picked":"Koishi:PhantomBarrier","floor":1},{"not_picked":["Koishi:EmbersOfLove","Koishi:RacingHeart"],"picked":"Koishi:VengefulSpirit","floor":3},{"not_picked":["Koishi:UnconsciousUprising","Koishi:ParalyzingFear"],"picked":"Koishi:DNAsFlaw","floor":5},{"not_picked":["Koishi:FleetingPhantom","Koishi:DanmakuParanoia"],"picked":"Koishi:MentalBreakdown","floor":6},{"not_picked":["Koishi:EmbryosDream","Koishi:LastRemote"],"picked":"Koishi:ReflexRadar","floor":7},{"not_picked":["Koishi:EmbryosDream","Koishi:RacingHeart"],"picked":"Koishi:LastRemote","floor":10},{"not_picked":["Koishi:StrangeCloudFist","Koishi:FourthEye"],"picked":"Koishi:FleetingPhantom","floor":11},{"not_picked":["Koishi:BramblyRoseGarden","Koishi:SprinkleStarAndHeart"],"picked":"Koishi:GhostParty","floor":12},{"not_picked":["Koishi:DreadfulBlow","Koishi:BloodcurdlingScream"],"picked":"Koishi:UnconsciousUrges","floor":13},{"not_picked":["Koishi:SpiritedAway","Koishi:UnansweredLove"],"picked":"Koishi:PhantomStrike","floor":14},{"not_picked":["Koishi:SuperEgo","Koishi:MindStellarRelief"],"picked":"Koishi:FormlessExistence","floor":16},{"not_picked":["Koishi:ParalyzingFear+1","Koishi:UnansweredLove+1"],"picked":"Koishi:BramblyRoseGarden","floor":18},{"not_picked":["Koishi:CatchAndRose","Koishi:StrangeCloudFist"],"picked":"Koishi:UnconsciousUprising+1","floor":20},{"not_picked":["Koishi:RacingHeart+1","Koishi:UnconsciousUprising"],"picked":"Koishi:SubterraneanRose","floor":23},{"not_picked":["Koishi:UnansweredLove","Koishi:MentalBreakdown"],"picked":"Koishi:PhantomBarrier+1","floor":27},{"not_picked":["Koishi:DreadfulBlow+1","Koishi:DanmakuParanoia"],"picked":"Koishi:ReflexRadar","floor":29},{"not_picked":["Koishi:UnconsciousUprising+1","Koishi:ReflexRadar+1"],"picked":"Koishi:ReleaseOfTheId+1","floor":30},{"not_picked":["Koishi:DanmakuParanoia","Koishi:PhilosophyOfTheDespised"],"picked":"Koishi:SubconsciousSweep+1","floor":31},{"not_picked":["Koishi:GrowingPain","Koishi:ConfinedInnocent"],"picked":"Koishi:RoseHell","floor":33},{"not_picked":["Koishi:Whimsy+1","Koishi:PredatoryInstincts+1"],"picked":"Koishi:PhantomBarrier","floor":35},{"not_picked":["Koishi:DreadfulBlow+1","Koishi:ParalyzingFear"],"picked":"Koishi:SubterraneanRose","floor":36},{"not_picked":["Koishi:ParalyzingFear+1","Koishi:FourthEye"],"picked":"Koishi:FleetingPhantom","floor":38},{"not_picked":["Koishi:Whimsy","Koishi:MindNumbingTerror+1"],"picked":"Koishi:UnansweredLove","floor":39},{"not_picked":["Koishi:CatchAndRose+1","Koishi:BloodcurdlingScream"],"picked":"Koishi:Prune","floor":42},{"not_picked":["Koishi:FleetingPhantom","Koishi:RacingHeart+1"],"picked":"Koishi:SilentAndRestless","floor":44},{"not_picked":["Koishi:FidgetySnatcher+1","Koishi:PhantomBarrier+1"],"picked":"Koishi:HeartfeltFancy","floor":46}],"player_experience":130512,"relics_obtained":[{"floor":6,"key":"AnarchistCookbook"},{"floor":9,"key":"Bag of Marbles"},{"floor":10,"key":"Lizard Tail"},{"floor":23,"key":"Bottled Tornado"},{"floor":24,"key":"Simple Rune"},{"floor":26,"key":"Pen Nib"},{"floor":29,"key":"Bottled Lightning"},{"floor":36,"key":"StoneCalendar"},{"floor":42,"key":"Happy Flower"},{"floor":43,"key":"D6"}],"event_choices":[{"damage_healed":0,"gold_gain":0,"player_choice":"Obtained Relic","damage_taken":0,"relics_obtained":["Bronze Scales"],"max_hp_gain":0,"max_hp_loss":0,"event_name":"Addict","floor":32,"gold_loss":85},{"damage_healed":0,"gold_gain":0,"player_choice":"Fight","damage_taken":0,"max_hp_gain":0,"max_hp_loss":0,"event_name":"Mysterious Sphere","floor":36,"gold_loss":0}],"is_beta":false,"boss_relics":[{"not_picked":["Tiny House","Ring of Chaos"],"picked":"Fusion Hammer"},{"not_picked":[]},{"not_picked":["Replay:Wanted Poster","Busted Crown"],"picked":"Snecko Eye"},{"not_picked":[]}],"items_purged_floors":[],"is_endless":false,"potions_floor_spawned":[1,6,11,13,14,20,30,31,33,35,38,39,46],"killed_by":"Spire Growth","ascension_level":0}}