{"host":"kp5m5tbwfn2imaek","time":1613251552,"event":{"mods":["AchievementEnabler","BaseMod","Bestiary","Minty Spire (QoL Compilation)","Relic Stats"],"gold_per_floor":[117,117,7,7,22,49,79,108,133,161,161,192,206,206,206,282,282,296,54,54,0,12,47,47,47,47,47,47,79,79,105,105,181,181,193,207,207,207,207],"floor_reached":38,"language":"ENG","playtime":2738,"items_purged":["Rip and Tear"],"score":1038,"play_id":"b0f914f1-f0b6-4de4-ac97-70cf91d65356","local_time":"20210213162552","is_ascension_mode":true,"campfire_choices":[{"data":"Defragment","floor":11,"key":"SMITH"},{"floor":15,"key":"REST"},{"data":"Biased Cognition","floor":24,"key":"SMITH"},{"data":"Defragment","floor":27,"key":"SMITH"},{"data":"Defragment","floor":30,"key":"SMITH"},{"data":"Multi-Cast","floor":32,"key":"SMITH"}],"circlet_count":0,"master_deck":["AscendersBane","Defend_B","Zap","Dualcast","Defragment+1","Darkness","Chill","Glacier","Biased Cognition+1","Turbo","Conserve Battery","Multi-Cast+1","Core Surge","Core Surge+1","Creative AI+1","Rebound+1","Steam Power","Defragment+1","Dark Shackles","Self Repair","Stack","Defragment+1","White Noise","Seek","Hologram","Impatience","Dark Shackles"],"relics":["Cracked Core","NeowsBlessing","Dream Catcher","Odd Mushroom","Bag of Marbles","Regal Pillow","HornCleat","Cables","Prayer Wheel","Astrolabe","Matryoshka","Blood Vial","Sundial","Nunchaku","SacredBark"],"acts_visited":["Exordium","TheCity","TheBeyond"],"potions_floor_usage":[7,31,31,38],"damage_taken":[{"damage":0,"enemies":"Small Slimes","floor":1,"turns":1},{"damage":0,"enemies":"Cultist","floor":5,"turns":1},{"damage":0,"enemies":"Gremlin Nob","floor":6,"turns":1},{"damage":3,"enemies":"The Mushroom Lair","floor":7,"turns":6},{"damage":14,"enemies":"Lagavulin","floor":8,"turns":8},{"damage":12,"enemies":"3 Sentries","floor":10,"turns":11},{"damage":9,"enemies":"Lagavulin","floor":12,"turns":6},{"damage":12,"enemies":"Jaw Worm","floor":13,"turns":2},{"damage":0,"enemies":"Slime Boss","floor":16,"turns":7},{"damage":15,"enemies":"Shell Parasite","floor":18,"turns":7},{"damage":0,"enemies":"2 Thieves","floor":21,"turns":4},{"damage":7,"enemies":"Shelled Parasite and Fungi","floor":22,"turns":7},{"damage":13,"enemies":"Book of Stabbing","floor":23,"turns":11},{"damage":0,"enemies":"Gremlin Leader","floor":29,"turns":9},{"damage":6,"enemies":"Slavers","floor":31,"turns":8},{"damage":0,"enemies":"Collector","floor":33,"turns":9},{"damage":0,"enemies":"3 Darklings","floor":35,"turns":8},{"damage":0,"enemies":"3 Shapes","floor":36,"turns":6},{"damage":86,"enemies":"2 Orb Walkers","floor":38,"turns":8}],"seed_played":"3009116816364729001","potions_obtained":[{"floor":1,"key":"LiquidMemories"},{"floor":8,"key":"BlessingOfTheForge"},{"floor":12,"key":"BlessingOfTheForge"},{"floor":16,"key":"Block Potion"},{"floor":23,"key":"Fire Potion"},{"floor":31,"key":"Fruit Juice"},{"floor":33,"key":"Explosive Potion"}],"is_trial":false,"path_per_floor":["M","?","$","$","M","E","?","E","T","E","R","E","M","?","R","B",null,"M","$","?","M","M","E","R","?","T","R","?","E","R","E","R","B",null,"M","M","?","?"],"character_chosen":"DEFECT","items_purchased":["Defragment","Darkness","Defragment","Dark Shackles"],"campfire_rested":1,"item_purchase_floors":[3,3,19,19],"current_hp_per_floor":[68,68,68,68,68,68,65,51,51,39,39,30,18,15,52,52,69,54,54,54,61,61,55,55,55,55,55,55,64,64,67,67,75,75,75,75,65,0,0],"gold":207,"neow_bonus":"THREE_ENEMY_KILL","is_daily":false,"chose_seed":false,"campfire_upgraded":5,"win_rate":0.0,"timestamp":1613251552,"path_taken":["M","?","?","$","?","E","?","E","T","E","R","E","M","?","R","BOSS","M","$","?","M","M","E","R","?","T","R","?","E","R","E","R","BOSS","M","M","?","?"],"items_purchased_type":["Card","Card","Card","Card"],"build_version":"2020-12-22","purchased_purges":1,"victory":false,"max_hp_per_floor":[75,75,75,75,75,75,75,75,75,75,75,75,75,75,75,75,75,75,75,75,75,75,75,75,75,75,75,75,75,75,75,75,75,75,75,75,75,85,85],"relic_stats":{"Blood Vial":8,"Dream Catcher":1,"Regal Pillow":15,"Nunchaku":[1],"counters":[19,120],"Sundial":[4],"Astrolabe":["Core Surge","Creative AI","Rebound"],"Prayer Wheel":5,"obtain_stats":[{"Regal Pillow":9,"NeowsBlessing":0,"Astrolabe":17,"SacredBark":34,"Odd Mushroom":7,"Cables":12,"Blood Vial":26,"Dream Catcher":6,"Nunchaku":31,"HornCleat":10,"Matryoshka":23,"Sundial":29,"Prayer Wheel":14,"Bag of Marbles":8,"Cracked Core":0},{"Regal Pillow":5,"NeowsBlessing":0,"Astrolabe":9,"SacredBark":16,"Odd Mushroom":4,"Cables":7,"Blood Vial":13,"Dream Catcher":3,"Nunchaku":15,"HornCleat":6,"Matryoshka":13,"Sundial":14,"Prayer Wheel":8,"Bag of Marbles":5,"Cracked Core":0},{"Regal Pillow":17,"NeowsBlessing":0,"Astrolabe":43,"SacredBark":98,"Odd Mushroom":9,"Cables":34,"Blood Vial":72,"Dream Catcher":3,"Nunchaku":89,"HornCleat":28,"Matryoshka":72,"Sundial":81,"Prayer Wheel":36,"Bag of Marbles":17,"Cracked Core":0}],"Cables":[80,24,48,8,0]},"card_choices":[{"not_picked":["Storm","Barrage","Hello World"],"picked":"SKIP","floor":1},{"not_picked":["Turbo","Double Energy","Beam Cell"],"picked":"SKIP","floor":5},{"not_picked":["Streamline","Ball Lightning"],"picked":"Chill","floor":6},{"not_picked":["Go for the Eyes","Ball Lightning"],"picked":"Glacier","floor":7},{"not_picked":["Reprogram","Self Repair"],"picked":"Rip and Tear","floor":8},{"not_picked":["Coolheaded","Chaos"],"picked":"Biased Cognition","floor":10},{"not_picked":["Aggregate","Rebound"],"picked":"Turbo","floor":12},{"not_picked":["Steam","Leap"],"picked":"Conserve Battery","floor":13},{"not_picked":["Leap","Ball Lightning"],"picked":"Multi-Cast","floor":15},{"not_picked":["Multi-Cast","Buffer"],"picked":"Core Surge","floor":16},{"not_picked":["Gash","Conserve Battery"],"picked":"Steam Power","floor":18},{"not_picked":["Turbo","Ball Lightning","Gash"],"picked":"SKIP","floor":18},{"not_picked":["Streamline","Compile Driver"],"picked":"Defragment","floor":21},{"not_picked":["Aggregate","Steam","Turbo"],"picked":"SKIP","floor":21},{"not_picked":["Go for the Eyes","Rainbow"],"picked":"White Noise","floor":22},{"not_picked":["Aggregate","Steam","Force Field"],"picked":"SKIP","floor":22},{"not_picked":["Barrage","Leap","Tempest"],"picked":"SKIP","floor":23},{"not_picked":["Redo","Rebound","Auto Shields"],"picked":"SKIP","floor":29},{"not_picked":["Ball Lightning+1","Go for the Eyes","Beam Cell"],"picked":"SKIP","floor":31},{"not_picked":["Biased Cognition","Meteor Strike"],"picked":"Seek","floor":33},{"not_picked":["Leap+1","Barrage","Ball Lightning"],"picked":"SKIP","floor":35},{"not_picked":["Go for the Eyes+1","Conserve Battery","Steam"],"picked":"SKIP","floor":35},{"not_picked":["Streamline","Storm"],"picked":"Hologram","floor":36},{"not_picked":["FTL","Turbo+1","Sunder"],"picked":"SKIP","floor":36},{"not_picked":["Bandage Up","Panacea"],"picked":"Impatience","floor":37},{"not_picked":["Forethought","Dramatic Entrance"],"picked":"Dark Shackles","floor":37}],"player_experience":724550,"relics_obtained":[{"floor":6,"key":"Dream Catcher"},{"floor":7,"key":"Odd Mushroom"},{"floor":8,"key":"Bag of Marbles"},{"floor":9,"key":"Regal Pillow"},{"floor":10,"key":"HornCleat"},{"floor":12,"key":"Cables"},{"floor":23,"key":"Matryoshka"},{"floor":26,"key":"Blood Vial"},{"floor":29,"key":"Sundial"},{"floor":31,"key":"Nunchaku"}],"event_choices":[{"cards_removed":["Strike_B"],"damage_healed":0,"gold_gain":0,"player_choice":"Offered Basic","damage_taken":0,"max_hp_gain":0,"max_hp_loss":0,"event_name":"Bonfire Elementals","floor":2,"gold_loss":0},{"damage_healed":0,"gold_gain":0,"player_choice":"Fought Mushrooms","damage_taken":0,"max_hp_gain":0,"max_hp_loss":0,"event_name":"Mushrooms","floor":7,"gold_loss":0},{"damage_healed":0,"gold_gain":0,"player_choice":"Success","damage_taken":3,"relics_obtained":["Prayer Wheel"],"max_hp_gain":0,"max_hp_loss":0,"event_name":"Scrap Ooze","floor":14,"gold_loss":0},{"damage_healed":0,"gold_gain":0,"cards_transformed":["Defend_B","Defend_B"],"player_choice":"Became Test Subject","damage_taken":0,"max_hp_gain":0,"max_hp_loss":0,"event_name":"Drug Dealer","floor":20,"gold_loss":0,"cards_obtained":["Self Repair","Stack"]},{"damage_healed":0,"gold_gain":0,"player_choice":"Ignored","damage_taken":0,"max_hp_gain":0,"max_hp_loss":0,"event_name":"Ghosts","floor":25,"gold_loss":0},{"cards_removed":["Defend_B"],"damage_healed":0,"gold_gain":0,"player_choice":"Elegance","damage_taken":0,"max_hp_gain":0,"max_hp_loss":0,"event_name":"Back to Basics","floor":28,"gold_loss":0},{"damage_healed":0,"gold_gain":0,"player_choice":"Memory 3","damage_taken":10,"max_hp_gain":0,"max_hp_loss":0,"event_name":"SensoryStone","floor":37,"gold_loss":0},{"damage_healed":0,"gold_gain":0,"player_choice":"Fight","damage_taken":0,"max_hp_gain":0,"max_hp_loss":0,"event_name":"Mysterious Sphere","floor":38,"gold_loss":0}],"is_beta":false,"boss_relics":[{"not_picked":["FrozenCore","Coffee Dripper"],"picked":"Astrolabe"},{"not_picked":["Velvet Choker","Sozu"],"picked":"SacredBark"}],"items_purged_floors":[19],"is_endless":false,"potions_floor_spawned":[1,8,12,16,23,29,31,33],"killed_by":"2 Orb Walkers","ascension_level":13}}