{"host":"5y2vm16xfq9gfmb2","time":1613256851,"event":{"mods":["AchievementEnabler","BaseMod","Better Third Choice","Colored Map","Colored Powertips","DeckTracker","Marisa????????","Minty Spire (QoL Compilation)","Rare Cards Sparkle","Relic Stats","StSLib","The Alterego","The Animator","The Marked","The Servant 0.9.4"],"gold_per_floor":[13,28,28,42,42,67,97,111,164,19,19,29,29,47,47,144,144,157,10,10,27,47,47,74,74,74,84,84,84],"floor_reached":28,"language":"ENG","playtime":1434,"items_purged":[],"score":240,"play_id":"63f239ec-bbae-4757-998e-7e532f8cf403","local_time":"20210213175411","is_ascension_mode":false,"campfire_choices":[{"floor":11,"key":"RECALL"},{"floor":15,"key":"REST"},{"floor":23,"key":"REST"},{"floor":25,"key":"REST"}],"circlet_count":0,"master_deck":["Strike_G","Strike_G","Strike_G","Strike_G","Strike_G","Defend_G","Defend_G","Defend_G","Defend_G","Defend_G","Survivor","Neutralize","The Bomb","Prepared","Footwork","Tactician","Dagger Throw","Deadly Poison","Underhanded Strike","Blur","Flying Knee","Night Terror","Noxious Fumes","Bouncing Flask","Adrenaline","Noxious Fumes","Poisoned Stab+1","Escape Plan","Deadly Poison"],"relics":["Ring of the Snake","Mercury Hourglass","PreservedInsect","Empty Cage","DollysMirror","Centennial Puzzle","Kunai"],"acts_visited":["Exordium","TheCity"],"potions_floor_usage":[6,16,16,22,24,28],"damage_taken":[{"damage":0,"enemies":"Cultist","floor":1,"turns":4},{"damage":5,"enemies":"Small Slimes","floor":2,"turns":4},{"damage":2,"enemies":"Jaw Worm","floor":4,"turns":3},{"damage":21,"enemies":"Gremlin Nob","floor":6,"turns":4},{"damage":4,"enemies":"Blue Slaver","floor":8,"turns":3},{"damage":7,"enemies":"Exordium Wildlife","floor":12,"turns":3},{"damage":8,"enemies":"Looter","floor":14,"turns":3},{"damage":42,"enemies":"The Guardian","floor":16,"turns":8},{"damage":16,"enemies":"Spheric Guardian","floor":18,"turns":5},{"damage":31,"enemies":"3 Byrds","floor":21,"turns":4},{"damage":20,"enemies":"Shelled Parasite and Fungi","floor":22,"turns":4},{"damage":16,"enemies":"Book of Stabbing","floor":24,"turns":6},{"damage":16,"enemies":"Centurion and Healer","floor":27,"turns":4},{"damage":34,"enemies":"3 Cultists","floor":28,"turns":4}],"seed_played":"-6825917293738306633","potions_obtained":[{"floor":2,"key":"Poison Potion"},{"floor":8,"key":"Poison Potion"},{"floor":12,"key":"ColorlessPotion"},{"floor":16,"key":"Dexterity Potion"},{"floor":18,"key":"AttackPotion"},{"floor":22,"key":"Weak Potion"},{"floor":24,"key":"FairyPotion"}],"is_trial":false,"path_per_floor":["M","M","?","M","?","E","?","M","T","$","R","M","$","M","R","B",null,"M","$","?","M","M","R","E","R","T","M","M"],"character_chosen":"THE_SILENT","items_purchased":["Noxious Fumes","Bouncing Flask","DollysMirror"],"campfire_rested":3,"item_purchase_floors":[10,10,19],"current_hp_per_floor":[70,65,65,63,63,42,42,38,38,38,38,31,31,23,44,2,70,54,54,54,23,3,24,8,29,29,13,0,0],"gold":84,"neow_bonus":"RANDOM_COLORLESS_2","is_daily":false,"chose_seed":false,"campfire_upgraded":0,"win_rate":0.0,"timestamp":1613256851,"path_taken":["M","M","?","M","?","E","?","M","T","?","R","?","$","M","R","BOSS","M","$","?","M","M","R","E","R","T","M","M"],"items_purchased_type":["Card","Card","Relic"],"build_version":"2020-12-22","purchased_purges":0,"victory":false,"max_hp_per_floor":[70,70,70,70,70,70,70,70,70,70,70,70,70,70,70,70,70,70,70,70,70,70,70,70,70,70,70,70,70],"relic_stats":{"Centennial Puzzle":[6],"counters":[14,59],"PreservedInsect":41,"Kunai":[2],"obtain_stats":[{"Centennial Puzzle":24,"DollysMirror":19,"PreservedInsect":6,"Kunai":26,"Empty Cage":17,"Ring of the Snake":0,"Mercury Hourglass":5},{"Centennial Puzzle":12,"DollysMirror":9,"PreservedInsect":4,"Kunai":12,"Empty Cage":8,"Ring of the Snake":0,"Mercury Hourglass":3},{"Centennial Puzzle":51,"DollysMirror":37,"PreservedInsect":15,"Kunai":51,"Empty Cage":32,"Ring of the Snake":0,"Mercury Hourglass":11}],"Ring of the Snake":[28],"Mercury Hourglass":[183]},"card_choices":[{"not_picked":["Metamorphosis","Secret Weapon"],"picked":"The Bomb","floor":0},{"not_picked":["All Out Attack","Sucker Punch"],"picked":"Prepared","floor":1},{"not_picked":["Leg Sweep","Terror"],"picked":"Footwork","floor":2},{"not_picked":["Endless Agony","Prepared"],"picked":"Blur","floor":4},{"not_picked":["PiercingWail","Quick Slash"],"picked":"Flying Knee","floor":6},{"not_picked":["Dagger Throw","Underhanded Strike"],"picked":"Night Terror","floor":8},{"not_picked":["Acrobatics","Poisoned Stab","Tactician"],"picked":"SKIP","floor":12},{"not_picked":["Quick Slash","Choke","Masterful Stab"],"picked":"SKIP","floor":14},{"not_picked":["Die Die Die","Phantasmal Killer"],"picked":"Adrenaline","floor":16},{"not_picked":["Quick Slash","Skewer","Dagger Throw+1"],"picked":"SKIP","floor":18},{"not_picked":["Finisher","PiercingWail","Sucker Punch"],"picked":"SKIP","floor":21},{"not_picked":["Finisher+1","Flying Knee"],"picked":"Poisoned Stab+1","floor":22},{"not_picked":["Finisher","Masterful Stab"],"picked":"Escape Plan","floor":24},{"not_picked":["Sucker Punch","Terror"],"picked":"Deadly Poison","floor":27}],"player_experience":87819,"relics_obtained":[{"floor":6,"key":"PreservedInsect"},{"floor":24,"key":"Centennial Puzzle"},{"floor":26,"key":"Kunai"}],"event_choices":[{"damage_healed":0,"gold_gain":0,"player_choice":"Box","damage_taken":0,"relics_obtained":["Mercury Hourglass"],"max_hp_gain":0,"max_hp_loss":0,"event_name":"Big Fish","floor":5,"gold_loss":0,"cards_obtained":["Regret"]},{"damage_healed":0,"gold_gain":30,"player_choice":"Searched \u00271\u0027 times","damage_taken":0,"max_hp_gain":0,"max_hp_loss":0,"event_name":"Dead Adventurer","floor":7,"gold_loss":0},{"damage_healed":0,"gold_gain":0,"player_choice":"Ignored","damage_taken":0,"max_hp_gain":0,"max_hp_loss":0,"event_name":"Ghosts","floor":20,"gold_loss":0}],"is_beta":false,"boss_relics":[{"not_picked":["Philosopher\u0027s Stone","SlaversCollar"],"picked":"Empty Cage"}],"items_purged_floors":[],"is_endless":false,"potions_floor_spawned":[2,8,12,16,18,22,24],"killed_by":"3 Cultists","ascension_level":0}}