{"host":"eaiphzh066bwqdh7","time":1613180257,"event":{"mods":["BaseMod","Better Note","Halation","Hubris","Minty Spire (QoL Compilation)","Reliquary","Replay The Spire","StSLib"],"gold_per_floor":[119,8,8,8,28,61,61,102,153,168,187,187,187],"floor_reached":12,"language":"ENG","playtime":286,"items_purged":["Defend_R"],"score":136,"play_id":"11569b87-ef6f-4a35-a5e3-4665824cbe0a","local_time":"20210212203737","is_ascension_mode":true,"campfire_choices":[{"data":"Exhume","floor":7,"key":"SMITH"}],"circlet_count":0,"master_deck":["Strike_R","Strike_R+1","Strike_R","Strike_R+1","Strike_R","Defend_R","Defend_R","Defend_R","Flex","Flex+1","Flex","Exhume+1","Rage","Infernal Blade"],"relics":["Burning Blood","NeowsBlessing","Golden Idol","hubris:DeckOfHolding","Gremlin Horn","Whetstone"],"acts_visited":["Exordium"],"potions_floor_usage":[8,12],"damage_taken":[{"damage":0,"enemies":"Jaw Worm","floor":1,"turns":1},{"damage":0,"enemies":"Small Slimes","floor":5,"turns":1},{"damage":0,"enemies":"Gremlin Nob","floor":6,"turns":1},{"damage":35,"enemies":"3 Sentries","floor":8,"turns":10},{"damage":4,"enemies":"2 Louse","floor":10,"turns":3},{"damage":14,"enemies":"Blue Slaver","floor":11,"turns":5},{"damage":39,"enemies":"Lagavulin","floor":12,"turns":5}],"seed_played":"-4385366123786209353","potions_obtained":[{"floor":6,"key":"LiquidMemories"},{"floor":10,"key":"Fire Potion"}],"is_trial":false,"path_per_floor":["M","$","?","?","M","E","R","E","T","M","M","E"],"character_chosen":"IRONCLAD","items_purchased":["Flex+1"],"campfire_rested":0,"item_purchase_floors":[2],"current_hp_per_floor":[80,80,60,60,66,72,72,43,43,45,37,0,0],"gold":187,"neow_bonus":"THREE_ENEMY_KILL","is_daily":false,"chose_seed":false,"campfire_upgraded":1,"win_rate":0.0,"timestamp":1613180257,"path_taken":["M","$","?","?","M","E","R","E","T","M","M","E"],"items_purchased_type":["Card"],"build_version":"2020-12-22","purchased_purges":1,"victory":false,"max_hp_per_floor":[80,80,80,80,80,80,80,80,80,80,80,80,80],"card_choices":[{"not_picked":["ReplayReversal","Armaments"],"picked":"Flex","floor":1},{"not_picked":["Shrug It Off","Heavy Blade"],"picked":"Flex","floor":5},{"not_picked":["Flex","Defy Death"],"picked":"Exhume","floor":6},{"not_picked":["Uppercut","Body Slam"],"picked":"Rage","floor":8},{"not_picked":["Wild Strike","ReplayTheSpireMod:LeadingStrike","Replay:Undeath\u0027s Touch"],"picked":"SKIP","floor":10},{"not_picked":["Rupture","Wild Strike"],"picked":"Infernal Blade","floor":11}],"player_experience":301339,"relics_obtained":[{"floor":6,"key":"hubris:DeckOfHolding"},{"floor":8,"key":"Gremlin Horn"},{"floor":9,"key":"Whetstone"}],"event_choices":[{"damage_healed":0,"gold_gain":0,"player_choice":"Take Damage","damage_taken":20,"relics_obtained":["Golden Idol"],"max_hp_gain":0,"max_hp_loss":0,"event_name":"Golden Idol","floor":3,"gold_loss":0},{"cards_removed":["Bash"],"damage_healed":0,"gold_gain":0,"player_choice":"Forget","damage_taken":0,"max_hp_gain":0,"max_hp_loss":0,"event_name":"Living Wall","floor":4,"gold_loss":0}],"is_beta":false,"boss_relics":[],"items_purged_floors":[2],"is_endless":false,"potions_floor_spawned":[6,10],"killed_by":"Lagavulin","ascension_level":4}}