{"host":"c97twqu0op5dg8i4","time":1613181517,"event":{"mods":["AchievementEnabler","BaseMod","Colored Map","Minty Spire (QoL Compilation)","Permanent Neow"],"gold_per_floor":[114,114,114,129,144,144,174,189,214,143,143,143,173,188,188,288,288,303,318,318,318,168,168,198,198,198,228,228,258,258,273,273,373,373,388,238,238,252,352,352,382,382,382,382,412,427,457,472,472,472,472,472],"floor_reached":53,"language":"ENG","playtime":1100,"items_purged":[],"score":1007,"play_id":"331fd54f-8805-4042-9761-c54f98ee482b","local_time":"20210212205837","daily_mods":["SealedDeck","Colorless Cards","Elite Swarm"],"is_ascension_mode":false,"campfire_choices":[{"data":"Inflame","floor":6,"key":"SMITH"},{"data":"Flame Barrier","floor":11,"key":"SMITH"},{"data":"Spot Weakness","floor":15,"key":"SMITH"},{"floor":23,"key":"REST"},{"data":"Heavy Blade","floor":25,"key":"SMITH"},{"data":"Shrug It Off","floor":30,"key":"SMITH"},{"data":"True Grit","floor":32,"key":"SMITH"},{"data":"Reaper","floor":40,"key":"SMITH"},{"data":"Whirlwind","floor":42,"key":"SMITH"},{"floor":44,"key":"REST"},{"data":"Inflame","floor":50,"key":"SMITH"},{"data":"Impervious","floor":51,"key":"SMITH"}],"circlet_count":0,"master_deck":["Twin Strike","Twin Strike","True Grit+1","Disarm","Shrug It Off","Shrug It Off+1","Heavy Blade+1","Heavy Blade+1","Inflame+1","Inflame+1","Spot Weakness+1","Flame Barrier+1","Master of Strategy","Thunderclap+1","Whirlwind+1","Flame Barrier+1","Impervious+1","Reaper+1","Pummel+1","The Bomb"],"relics":["Burning Blood","Ornamental Fan","Bag of Preparation","Letter Opener","Bottled Lightning","Runic Pyramid","Enchiridion","DollysMirror","Thread and Needle","Orichalcum","StoneCalendar","PreservedInsect","Busted Crown","OrangePellets","Calipers","Lizard Tail","Magic Flower","Smiling Mask","Whetstone"],"acts_visited":["Exordium","TheCity","TheBeyond"],"potions_floor_usage":[],"damage_taken":[{"damage":0,"enemies":"Jaw Worm","floor":1,"turns":1},{"damage":0,"enemies":"Cultist","floor":4,"turns":1},{"damage":0,"enemies":"Small Slimes","floor":5,"turns":1},{"damage":0,"enemies":"Lagavulin","floor":7,"turns":1},{"damage":0,"enemies":"Exordium Wildlife","floor":8,"turns":1},{"damage":0,"enemies":"3 Sentries","floor":13,"turns":1},{"damage":0,"enemies":"Looter","floor":14,"turns":1},{"damage":0,"enemies":"The Guardian","floor":16,"turns":1},{"damage":0,"enemies":"Shell Parasite","floor":18,"turns":1},{"damage":24,"enemies":"2 Thieves","floor":19,"turns":3},{"damage":25,"enemies":"Book of Stabbing","floor":24,"turns":6},{"damage":0,"enemies":"Gremlin Leader","floor":27,"turns":1},{"damage":0,"enemies":"Book of Stabbing","floor":29,"turns":7},{"damage":0,"enemies":"Sentry and Sphere","floor":31,"turns":5},{"damage":19,"enemies":"Collector","floor":33,"turns":8},{"damage":14,"enemies":"3 Darklings","floor":35,"turns":4},{"damage":59,"enemies":"2 Orb Walkers","floor":38,"turns":5},{"damage":31,"enemies":"Reptomancer","floor":41,"turns":6},{"damage":20,"enemies":"Giant Head","floor":45,"turns":7},{"damage":0,"enemies":"3 Shapes","floor":46,"turns":1},{"damage":0,"enemies":"Reptomancer","floor":47,"turns":1},{"damage":22,"enemies":"Writhing Mass","floor":48,"turns":4},{"damage":57,"enemies":"Donu and Deca","floor":52,"turns":7}],"seed_played":"6099103822572544471","potions_obtained":[{"floor":1,"key":"Swift Potion"},{"floor":5,"key":"Regen Potion"},{"floor":7,"key":"BlessingOfTheForge"}],"is_trial":false,"path_per_floor":["M","?","?","M","M","R","E","M","T","$","R","T","E","M","R","B",null,"M","M","?","?","$","R","E","R","T","E","$","E","R","M","R","B",null,"M","$","?","?","?","R","E","R","T","R","E","M","E","M","?","R","R","B",null],"character_chosen":"IRONCLAD","items_purchased":["Flame Barrier","DollysMirror","OrangePellets"],"campfire_rested":2,"item_purchase_floors":[10,22,36],"current_hp_per_floor":[80,85,85,85,85,85,85,85,85,85,85,85,85,85,85,85,85,85,67,51,35,35,62,43,43,43,49,49,55,55,73,73,72,90,85,85,85,52,52,52,42,42,42,69,85,90,90,77,77,77,77,55],"gold":472,"neow_bonus":"","is_daily":true,"chose_seed":false,"campfire_upgraded":10,"win_rate":0.0,"timestamp":1613181517,"path_taken":["M","?","?","M","?","R","E","M","T","$","R","?","E","M","R","BOSS","M","?","?","?","$","R","E","R","T","E","?","E","R","M","R","BOSS","M","$","?","?","?","R","E","R","T","R","E","?","E","M","?","R","R","BOSS"],"items_purchased_type":["Card","Relic","Relic"],"build_version":"2020-12-22","purchased_purges":0,"victory":true,"max_hp_per_floor":[80,85,85,85,85,85,85,85,85,85,85,85,85,85,85,85,85,85,85,85,90,90,90,90,90,90,90,90,90,90,90,90,90,90,90,90,90,90,90,90,90,90,90,90,90,90,90,90,90,90,90,90],"card_choices":[{"not_picked":["Purity","Panacea"],"picked":"Inflame","floor":1},{"not_picked":["Finesse","Headbutt","Dual Wield"],"picked":"SKIP","floor":4},{"not_picked":["True Grit","Wild Strike","Warcry"],"picked":"SKIP","floor":5},{"not_picked":["Metamorphosis","Exhume","Secret Technique"],"picked":"SKIP","floor":7},{"not_picked":["Wild Strike","Clash"],"picked":"Spot Weakness","floor":8},{"not_picked":["Panache","Fiend Fire"],"picked":"Master of Strategy","floor":13},{"not_picked":["Anger","Heavy Blade"],"picked":"Thunderclap","floor":14},{"not_picked":["Twin Strike","Clash"],"picked":"Whirlwind","floor":18},{"not_picked":["Impatience+1","Deep Breath+1","Jack Of All Trades"],"picked":"SKIP","floor":19},{"not_picked":["Bludgeon","Violence"],"picked":"Impervious","floor":24},{"not_picked":["Fiend Fire","Exhume"],"picked":"Reaper","floor":27},{"not_picked":["Fiend Fire","Offering","Panache"],"picked":"SKIP","floor":29},{"not_picked":["Anger","Wild Strike","Bloodletting+1"],"picked":"SKIP","floor":31},{"not_picked":[],"picked":"Pummel+1","floor":35},{"not_picked":[],"picked":"The Bomb","floor":37},{"not_picked":["Mayhem"],"picked":"SKIP","floor":41},{"not_picked":["Master of Strategy"],"picked":"SKIP","floor":45},{"not_picked":["Deep Breath"],"picked":"SKIP","floor":46},{"not_picked":["Apotheosis"],"picked":"SKIP","floor":47},{"not_picked":["Anger+1"],"picked":"SKIP","floor":48}],"player_experience":398145,"relics_obtained":[{"floor":7,"key":"Ornamental Fan"},{"floor":9,"key":"Bag of Preparation"},{"floor":12,"key":"Letter Opener"},{"floor":13,"key":"Bottled Lightning"},{"floor":20,"key":"Enchiridion"},{"floor":24,"key":"Thread and Needle"},{"floor":26,"key":"Orichalcum"},{"floor":27,"key":"StoneCalendar"},{"floor":29,"key":"PreservedInsect"},{"floor":38,"key":"Calipers"},{"floor":41,"key":"Lizard Tail"},{"floor":43,"key":"Magic Flower"},{"floor":45,"key":"Smiling Mask"},{"floor":47,"key":"Whetstone"}],"event_choices":[{"damage_healed":0,"gold_gain":0,"player_choice":"Donut","damage_taken":0,"max_hp_gain":5,"max_hp_loss":0,"event_name":"Big Fish","floor":2,"gold_loss":0},{"cards_removed":["Pommel Strike"],"damage_healed":5,"gold_gain":0,"player_choice":"Offered Common","damage_taken":0,"max_hp_gain":0,"max_hp_loss":0,"event_name":"Bonfire Elementals","floor":3,"gold_loss":0},{"cards_removed":["Pommel Strike"],"damage_healed":5,"gold_gain":0,"player_choice":"Offered Special","damage_taken":0,"max_hp_gain":0,"max_hp_loss":0,"event_name":"Bonfire Elementals","floor":3,"gold_loss":0},{"damage_healed":0,"gold_gain":0,"player_choice":"Obtained Book","damage_taken":16,"max_hp_gain":0,"max_hp_loss":0,"event_name":"Cursed Tome","floor":20,"gold_loss":0},{"damage_healed":0,"gold_gain":0,"player_choice":"Shed Blood","damage_taken":21,"max_hp_gain":5,"max_hp_loss":0,"event_name":"Forgotten Altar","floor":21,"gold_loss":0},{"damage_healed":0,"gold_gain":0,"player_choice":"Memory 1","damage_taken":0,"max_hp_gain":0,"max_hp_loss":0,"event_name":"SensoryStone","floor":37,"gold_loss":0},{"damage_healed":0,"gold_gain":0,"player_choice":"Fight","damage_taken":0,"max_hp_gain":0,"max_hp_loss":0,"event_name":"Mysterious Sphere","floor":38,"gold_loss":0},{"damage_healed":0,"gold_gain":100,"player_choice":"Pray","damage_taken":0,"max_hp_gain":0,"max_hp_loss":0,"event_name":"Golden Shrine","floor":39,"gold_loss":0},{"damage_healed":0,"gold_gain":0,"player_choice":"0 cards matched","damage_taken":0,"max_hp_gain":0,"max_hp_loss":0,"event_name":"Match and Keep!","floor":49,"gold_loss":0,"cards_obtained":[]}],"is_beta":false,"boss_relics":[{"not_picked":["Mark of Pain","Coffee Dripper"],"picked":"Runic Pyramid"},{"not_picked":["Black Star","Velvet Choker"],"picked":"Busted Crown"}],"items_purged_floors":[],"is_endless":false,"potions_floor_spawned":[1,5,7,16,19,27,29,33,38,45,46,47],"ascension_level":0}}