{"host":"fnndj664xgd3vavt","time":1613182806,"event":{"mods":["AchievementEnabler","BaseMod","Colored Powertips","DeckTracker","Downfall","Hermit","Highlight Path","Infinite Spire","Marisa????????","Minty Spire (QoL Compilation)","Quick Restart","Random Character Button","Replay The Spire","StSLib","The Cursed","The Servant 0.9.4"],"gold_per_floor":[99,110,128,128,128,128,128,128,148,162,192,92,112,112,124,124,124,124],"floor_reached":16,"language":"ENG","playtime":793,"items_purged":[],"score":102,"play_id":"c468faa1-8fc7-4d20-9a16-4ae0262cffdc","local_time":"20210212212006","is_ascension_mode":false,"campfire_choices":[{"floor":1,"key":"DIG"},{"data":"Guardian:EvasiveProtocol","floor":6,"key":"SMITH"},{"floor":8,"key":"RECALL"},{"data":"Guardian:PrismaticBeam","floor":12,"key":"SMITH"}],"circlet_count":0,"master_deck":["Guardian:Strike_Guardian","Guardian:Strike_Guardian","Guardian:Strike_Guardian","Guardian:Strike_Guardian","Guardian:Defend_Guardian","Guardian:Defend_Guardian","Guardian:Defend_Guardian+1","Guardian:Defend_Guardian","Guardian:CurlUp","Guardian:TwinSlam","Guardian:EvasiveProtocol+1","Guardian:Suspension","Guardian:PrismaticBeam+1","Guardian:Gem_Red","Spreading Infection","Guardian:Gem_Lightblue"],"relics":["Guardian:ModeShifter","StrikeDummy","Anchor","Gremlin Horn","Matryoshka","downfall:HeartBlessingRed","Ring of Peace","Ring of Panic"],"acts_visited":["Exordium"],"potions_floor_usage":[],"damage_taken":[{"damage":6,"enemies":"Jaw Worm","floor":2,"turns":4},{"damage":5,"enemies":"Small Slimes","floor":3,"turns":3},{"damage":0,"enemies":"2 Louse","floor":9,"turns":2},{"damage":3,"enemies":"2 Fungi Beasts","floor":10,"turns":3},{"damage":36,"enemies":"Lagavulin","floor":11,"turns":9},{"damage":2,"enemies":"3 Louse","floor":13,"turns":3},{"damage":0,"enemies":"Large Slime","floor":15,"turns":7},{"damage":38,"enemies":"WA_ARCHETYPE_RETAIN","floor":16,"turns":10}],"seed_played":"-1283669170659399912","potions_obtained":[{"floor":9,"key":"Guardian:BlockOnCardUsePotion"},{"floor":11,"key":"Milkshake"},{"floor":13,"key":"Swift Potion"}],"is_trial":false,"path_per_floor":["R","M","M","?","?","R","T","R","M","M","E","R","M","?","M","B"],"character_chosen":"GUARDIAN","items_purchased":[],"campfire_rested":0,"item_purchase_floors":[],"current_hp_per_floor":[88,82,77,77,77,77,77,77,77,74,38,38,36,36,36,0,0,0],"gold":124,"neow_bonus":"TEN_PERCENT_HP_BONUS","is_daily":false,"chose_seed":false,"campfire_upgraded":2,"win_rate":0.0,"timestamp":1613182806,"path_taken":["R","M","M","?","?","R","T","R","M","M","E","R","M","?","M","BOSS"],"items_purchased_type":[],"build_version":"2020-12-22","purchased_purges":0,"victory":false,"max_hp_per_floor":[88,88,88,88,88,88,88,88,88,88,88,88,88,88,88,88,88,88],"card_choices":[{"not_picked":["Guardian:PolyBeam","Guardian:WalkerClaw"],"picked":"Guardian:Gem_Purple","floor":2},{"not_picked":["Guardian:BronzeOrb","Guardian:BronzeArmor"],"picked":"Guardian:EvasiveProtocol","floor":3},{"not_picked":["Guardian:TemporalShield","Guardian:GatlingBeam"],"picked":"Guardian:Suspension","floor":9},{"not_picked":["Guardian:Gem_Green","Guardian:Recover"],"picked":"Guardian:PrismaticBeam","floor":10},{"not_picked":["Guardian:WalkerClaw","Guardian:DecasProtection"],"picked":"Guardian:Gem_Crimson","floor":11},{"not_picked":["Guardian:Gem_Crimson","Guardian:ShieldCharger"],"picked":"Guardian:Gem_Red","floor":13},{"not_picked":["Guardian:FierceBash","Guardian:Reroute"],"picked":"Guardian:Gem_Lightblue","floor":15}],"player_experience":316280,"relics_obtained":[{"floor":1,"key":"StrikeDummy"},{"floor":4,"key":"Anchor"},{"floor":7,"key":"Gremlin Horn"},{"floor":11,"key":"Matryoshka"},{"floor":14,"key":"Ring of Peace"},{"floor":14,"key":"Ring of Panic"}],"event_choices":[],"is_beta":false,"boss_relics":[],"items_purged_floors":[],"is_endless":false,"potions_floor_spawned":[9,11,13],"killed_by":"WA_ARCHETYPE_RETAIN","ascension_level":0}}