{"host":"88sw61cmk1203zgj","time":1613195339,"event":{"mods":["BaseMod","Minty Spire (QoL Compilation)"],"gold_per_floor":[109,122,12,12,24,52,52,80,80,112,112,123,123,149,149,228,228,242,119,131,131,6,36,36,54,54,84,98,98,114,127,127,198,198,214,214,234,249,249,264,293,111,111,50,79,79,79],"floor_reached":46,"language":"ENG","playtime":3455,"items_purged":["Regret","Defend_B","Strike_B"],"score":979,"play_id":"3524ac0f-d754-4f44-a759-e1278774efe1","local_time":"20210213004859","is_ascension_mode":true,"campfire_choices":[{"data":"Defragment","floor":7,"key":"SMITH"},{"data":"Hologram","floor":11,"key":"SMITH"},{"floor":15,"key":"REST"},{"data":"Buffer","floor":24,"key":"SMITH"},{"data":"Glacier","floor":29,"key":"SMITH"},{"floor":32,"key":"REST"}],"circlet_count":0,"master_deck":["AscendersBane","Strike_B+1","Strike_B+1","Zap","Dualcast","Cold Snap","Cold Snap+1","Defragment+1","Hologram+1","Rip and Tear+1","FTL+1","Cold Snap+1","Beam Cell+1","Buffer+1","Ball Lightning+1","Rebound+1","Beam Cell+1","Glacier+1","Core Surge+1","Cold Snap+1","Ball Lightning+1","Defragment","Capacitor"],"relics":["Cracked Core","Whetstone","Molten Egg 2","Bag of Marbles","Turnip","Odd Mushroom","SlaversCollar","Nloth\u0027s Gift","Strawberry","TungstenRod","The Courier","Empty Cage","Ancient Tea Set","PreservedInsect","Akabeko"],"acts_visited":["Exordium","TheCity","TheBeyond"],"potions_floor_usage":[14,23,25,33,45],"damage_taken":[{"damage":14,"enemies":"Jaw Worm","floor":1,"turns":3},{"damage":2,"enemies":"Small Slimes","floor":2,"turns":3},{"damage":0,"enemies":"Cultist","floor":5,"turns":4},{"damage":24,"enemies":"Gremlin Nob","floor":6,"turns":5},{"damage":4,"enemies":"Lagavulin","floor":8,"turns":8},{"damage":0,"enemies":"Gremlin Nob","floor":10,"turns":3},{"damage":1,"enemies":"Blue Slaver","floor":12,"turns":3},{"damage":1,"enemies":"The Mushroom Lair","floor":14,"turns":3},{"damage":2,"enemies":"The Guardian","floor":16,"turns":9},{"damage":7,"enemies":"Shell Parasite","floor":18,"turns":4},{"damage":16,"enemies":"2 Thieves","floor":20,"turns":3},{"damage":4,"enemies":"Slavers","floor":23,"turns":4},{"damage":16,"enemies":"Centurion and Healer","floor":25,"turns":5},{"damage":18,"enemies":"Book of Stabbing","floor":27,"turns":4},{"damage":0,"enemies":"3 Cultists","floor":28,"turns":5},{"damage":0,"enemies":"Shelled Parasite and Fungi","floor":30,"turns":7},{"damage":0,"enemies":"Centurion and Healer","floor":31,"turns":4},{"damage":26,"enemies":"Collector","floor":33,"turns":11},{"damage":3,"enemies":"3 Shapes","floor":35,"turns":4},{"damage":21,"enemies":"3 Darklings","floor":37,"turns":7},{"damage":4,"enemies":"4 Shapes","floor":38,"turns":6},{"damage":0,"enemies":"Transient","floor":40,"turns":5},{"damage":7,"enemies":"Reptomancer","floor":41,"turns":6},{"damage":27,"enemies":"Nemesis","floor":45,"turns":5},{"damage":19,"enemies":"Writhing Mass","floor":46,"turns":5}],"seed_played":"8780022466221271059","potions_obtained":[{"floor":5,"key":"Explosive Potion"},{"floor":6,"key":"Weak Potion"},{"floor":16,"key":"SkillPotion"},{"floor":20,"key":"DistilledChaos"},{"floor":23,"key":"Weak Potion"},{"floor":28,"key":"PotionOfCapacity"},{"floor":37,"key":"FearPotion"}],"is_trial":false,"path_per_floor":["M","M","$","?","M","E","R","E","T","E","R","M","?","?","R","B",null,"M","$","M","?","$","E","R","M","T","E","M","R","M","M","R","B",null,"M","?","M","M","?","M","E","$","T","$","E","M"],"character_chosen":"DEFECT","items_purchased":["Defragment","Rebound+1","Defragment","PreservedInsect","Capacitor"],"campfire_rested":2,"item_purchase_floors":[3,19,42,42,44],"current_hp_per_floor":[68,66,66,59,59,35,35,31,31,31,31,30,12,11,37,35,76,69,69,53,53,53,56,56,40,40,22,22,22,22,22,50,24,78,75,75,54,50,50,50,43,43,43,43,16,0,0],"gold":79,"neow_bonus":"ONE_RARE_RELIC","is_daily":false,"chose_seed":false,"campfire_upgraded":4,"win_rate":0.0,"timestamp":1613195339,"path_taken":["M","M","$","?","M","E","R","E","T","E","R","M","?","?","R","BOSS","M","$","M","?","$","E","R","M","T","E","M","R","M","?","R","BOSS","M","?","M","M","?","M","E","$","T","?","E","?"],"items_purchased_type":["Card","Card","Card","Relic","Card"],"build_version":"2020-12-22","purchased_purges":3,"victory":false,"max_hp_per_floor":[89,89,89,89,89,89,89,89,89,89,89,89,89,89,89,89,89,89,89,89,89,89,96,96,96,96,96,96,96,96,96,96,96,96,96,96,96,96,96,96,96,96,96,96,96,96,96],"card_choices":[{"not_picked":["Go for the Eyes","Loop"],"picked":"Cold Snap","floor":1},{"not_picked":["Hologram","Turbo"],"picked":"Cold Snap","floor":2},{"not_picked":["Steam","Reboot"],"picked":"Hologram","floor":5},{"not_picked":["Consume","Aggregate","Conserve Battery"],"picked":"SKIP","floor":6},{"not_picked":["Redo","Tempest"],"picked":"Rip and Tear+1","floor":8},{"not_picked":["Go for the Eyes+1","Stack"],"picked":"FTL+1","floor":10},{"not_picked":["Genetic Algorithm","Creative AI"],"picked":"Cold Snap+1","floor":12},{"not_picked":["Hologram","Stack"],"picked":"Beam Cell+1","floor":14},{"not_picked":["Creative AI","Hyperbeam+1"],"picked":"Buffer","floor":16},{"not_picked":["Turbo","Go for the Eyes+1"],"picked":"Ball Lightning+1","floor":18},{"not_picked":["Conserve Battery","Tempest"],"picked":"Beam Cell+1","floor":20},{"not_picked":["Tempest","Stack","Barrage+1"],"picked":"SKIP","floor":23},{"not_picked":["White Noise","Barrage+1","Streamline+1"],"picked":"SKIP","floor":25},{"not_picked":["All For One+1","Sweeping Beam+1"],"picked":"Glacier","floor":27},{"not_picked":["Static Discharge+1","Go for the Eyes+1"],"picked":"Core Surge+1","floor":28},{"not_picked":["Self Repair","Melter+1","Coolheaded"],"picked":"SKIP","floor":30},{"not_picked":["Stack","Consume"],"picked":"Cold Snap+1","floor":31},{"not_picked":["Fusion","Conserve Battery","Auto Shields"],"picked":"SKIP","floor":35},{"not_picked":["Redo","Recycle"],"picked":"Ball Lightning+1","floor":37},{"not_picked":["Barrage+1","Melter+1","Sweeping Beam+1"],"picked":"SKIP","floor":38},{"not_picked":["Double Energy","Hologram","Self Repair"],"picked":"SKIP","floor":40},{"not_picked":["Streamline+1","Beam Cell+1","Multi-Cast"],"picked":"SKIP","floor":41},{"not_picked":["Darkness","Hyperbeam+1","Consume"],"picked":"SKIP","floor":45}],"player_experience":1598318,"relics_obtained":[{"floor":6,"key":"Whetstone"},{"floor":8,"key":"Molten Egg 2"},{"floor":9,"key":"Bag of Marbles"},{"floor":10,"key":"Turnip"},{"floor":14,"key":"Odd Mushroom"},{"floor":23,"key":"Strawberry"},{"floor":26,"key":"TungstenRod"},{"floor":27,"key":"The Courier"},{"floor":41,"key":"Ancient Tea Set"},{"floor":45,"key":"Akabeko"}],"event_choices":[{"cards_removed":["Strike_B"],"damage_healed":0,"gold_gain":0,"player_choice":"Card Removal","damage_taken":7,"max_hp_gain":0,"max_hp_loss":0,"event_name":"Golden Wing","floor":4,"gold_loss":0},{"damage_healed":0,"gold_gain":0,"player_choice":"Entered Light","damage_taken":18,"max_hp_gain":0,"max_hp_loss":0,"event_name":"Shining Light","floor":13,"gold_loss":0,"cards_upgraded":["Defend_B","Strike_B"]},{"damage_healed":0,"gold_gain":0,"player_choice":"Fought Mushrooms","damage_taken":0,"max_hp_gain":0,"max_hp_loss":0,"event_name":"Mushrooms","floor":14,"gold_loss":0},{"damage_healed":0,"gold_gain":0,"player_choice":"Traded Relic","damage_taken":0,"relics_obtained":["Nloth\u0027s Gift"],"max_hp_gain":0,"max_hp_loss":0,"event_name":"N\u0027loth","floor":21,"relics_lost":["Mango"],"gold_loss":0},{"cards_removed":["Defend_B"],"damage_healed":0,"gold_gain":0,"player_choice":"Removed Skill","damage_taken":0,"max_hp_gain":0,"max_hp_loss":0,"event_name":"Falling","floor":36,"gold_loss":0},{"damage_healed":0,"gold_gain":0,"player_choice":"Ignored","damage_taken":0,"max_hp_gain":0,"max_hp_loss":0,"event_name":"Tomb of Lord Red Mask","floor":39,"gold_loss":0}],"is_beta":false,"boss_relics":[{"not_picked":["Fusion Hammer","Ectoplasm"],"picked":"SlaversCollar"},{"not_picked":["SacredBark","Black Star"],"picked":"Empty Cage"}],"items_purged_floors":[3,19,22],"is_endless":false,"potions_floor_spawned":[5,6,10,16,20,23,28,30,37,40],"killed_by":"Writhing Mass","ascension_level":13}}