{"host":"gnzlh62i2jn8yl8d","time":1613201344,"event":{"mods":["AchievementEnabler","BaseMod","Keyboard Shortcuts","Minty Spire (QoL Compilation)","SuperFastMode","everything is the same but u backflip on backflip"],"gold_per_floor":[110,128,141,151,164,195,195,295,295,322,342,342,354,369,369,369,369],"floor_reached":16,"language":"KOR","playtime":1390,"items_purged":[],"score":122,"play_id":"9341c314-b2d8-4073-a966-8410b31f039a","local_time":"20210213162904","is_ascension_mode":true,"campfire_choices":[{"data":"Double Tap","floor":7,"key":"SMITH"},{"data":"Seeing Red","floor":12,"key":"SMITH"},{"data":"Double Tap","floor":15,"key":"SMITH"}],"circlet_count":0,"master_deck":["Strike_R","Strike_R","Strike_R","Strike_R","Strike_R","Defend_R","Defend_R","Defend_R","Defend_R","Bash","Wild Strike","Metallicize","Double Tap+1","Thunderclap","Reckless Charge","Double Tap+1","Seeing Red+1","Heavy Blade+1","Shrug It Off","Wild Strike+1"],"relics":["Burning Blood","MealTicket","Gambling Chip","FossilizedHelix","Molten Egg 2"],"acts_visited":[],"potions_floor_usage":[16,16,16],"damage_taken":[{"damage":1,"enemies":"2 Louse","floor":1,"turns":4},{"damage":0,"enemies":"Cultist","floor":2,"turns":4},{"damage":3,"enemies":"Jaw Worm","floor":3,"turns":3},{"damage":10,"enemies":"Lots of Slimes","floor":4,"turns":5},{"damage":7,"enemies":"Looter","floor":5,"turns":4},{"damage":29,"enemies":"3 Sentries","floor":6,"turns":10},{"damage":10,"enemies":"Gremlin Nob","floor":10,"turns":4},{"damage":1,"enemies":"Exordium Thugs","floor":11,"turns":5},{"damage":9,"enemies":"Gremlin Gang","floor":13,"turns":4},{"damage":4,"enemies":"Blue Slaver","floor":14,"turns":4},{"damage":53,"enemies":"Slime Boss","floor":16,"turns":14}],"seed_played":"2095765319652983440","potions_obtained":[{"floor":2,"key":"GamblersBrew"},{"floor":3,"key":"DuplicationPotion"},{"floor":4,"key":"Energy Potion"}],"is_trial":false,"path_per_floor":["M","M","M","M","M","E","R","?","T","E","M","R","M","M","R","B"],"character_chosen":"IRONCLAD","items_purchased":[],"campfire_rested":0,"item_purchase_floors":[],"current_hp_per_floor":[80,80,80,76,75,52,52,52,52,48,53,53,50,52,52,0,0],"gold":369,"neow_bonus":"RANDOM_COMMON_RELIC","is_daily":false,"chose_seed":false,"campfire_upgraded":3,"win_rate":0.0,"timestamp":1613201344,"path_taken":["M","M","M","M","M","E","R","?","T","E","M","R","M","M","R","BOSS"],"items_purchased_type":[],"build_version":"2020-12-22","purchased_purges":0,"victory":false,"max_hp_per_floor":[80,80,80,80,80,80,80,80,80,80,80,80,80,80,80,80,80],"card_choices":[{"not_picked":["Pommel Strike","Dropkick"],"picked":"Wild Strike","floor":1},{"not_picked":["Clothesline","Havoc"],"picked":"Metallicize","floor":2},{"not_picked":["Wild Strike","Armaments"],"picked":"Double Tap","floor":3},{"not_picked":["Headbutt","Dark Embrace"],"picked":"Thunderclap","floor":4},{"not_picked":["Armaments","Perfected Strike"],"picked":"Reckless Charge","floor":5},{"not_picked":["Shrug It Off","Wild Strike"],"picked":"Double Tap","floor":6},{"not_picked":["Spot Weakness","Ghostly Armor"],"picked":"Seeing Red","floor":10},{"not_picked":["Flex","Evolve"],"picked":"Heavy Blade+1","floor":11},{"not_picked":["Feed+1","Perfected Strike+1"],"picked":"Shrug It Off","floor":13},{"not_picked":["Dark Embrace","Metallicize"],"picked":"Wild Strike+1","floor":14}],"player_experience":139034,"relics_obtained":[{"floor":6,"key":"Gambling Chip"},{"floor":9,"key":"FossilizedHelix"},{"floor":10,"key":"Molten Egg 2"}],"event_choices":[{"damage_healed":0,"gold_gain":100,"player_choice":"Pray","damage_taken":0,"max_hp_gain":0,"max_hp_loss":0,"event_name":"Golden Shrine","floor":8,"gold_loss":0}],"is_beta":false,"boss_relics":[],"items_purged_floors":[],"is_endless":false,"potions_floor_spawned":[2,3,4,5,10],"killed_by":"Slime Boss","ascension_level":1}}