{"host":"mj8akmyfd5lo602f","time":1613233874,"event":{"mods":["2.2 Compatiblity","Act Like it!","BaseMod","Bestiary","BshForSts","Colored Map","Colored Powertips","Downfall","Highlight Path","Minty Spire (QoL Compilation)","Permanent Neow","Relic Stats","StSLib"],"gold_per_floor":[99,118,138,152,166,166,217,251,251,270,283,126,26,41,52,150,150,150,162,182,194,194,204,204,204,204,216,241,251,251,251,251,251],"floor_reached":31,"language":"ENG","playtime":1693,"items_purged":["downfall:Malfunctioning"],"score":263,"play_id":"714742c7-c933-4823-8438-da9beb1a9019","local_time":"20210213163114","is_ascension_mode":false,"campfire_choices":[{"data":"Slimebound:Split","floor":1.0,"key":"SMITH"},{"floor":6.0,"key":"RECALL"},{"data":"Slimebound:SlimeSlap","floor":13.0,"key":"SMITH"},{"data":"Slimebound:PrepareCrush","floor":18.0,"key":"SMITH"},{"data":"Slimebound:Prepare","floor":25,"key":"SMITH"},{"floor":30,"key":"REST"}],"circlet_count":0,"master_deck":["Slimebound:Strike_Slimebound","Slimebound:Strike_Slimebound","Slimebound:Strike_Slimebound","Slimebound:Tackle","Slimebound:Defend_Slimebound+1","Slimebound:Defend_Slimebound+1","Slimebound:Defend_Slimebound","Slimebound:Defend_Slimebound","Slimebound:Split+1","Slimebound:CorrosiveSpit","Slimebound:Schlurp","Slimebound:PressTheAttack+1","Slimebound:LivingWall+1","Slimebound:SlimeSpikes+1","Slimebound:Prepare+1","Slimebound:SlimeSlap+1","Slimebound:SlimeBarrage+1","Slimebound:LevelUp","Slimebound:LivingWall","Slimebound:PrepareCrush+1","Slimebound:RainOfGoop","Slimebound:SlimeSpikes+1"],"relics":["Slimebound:AbsorbEndCombat","Nunchaku","Potion Belt","War Paint","downfall:HeartBlessingRed","sneckomod:SneckoTalon","Blue Candle","Singing Bowl"],"acts_visited":["Exordium","TheCity"],"potions_floor_usage":[21,28,31,31,31],"damage_taken":[{"damage":0.0,"enemies":"Small Slimes","floor":2.0,"turns":3.0},{"damage":1.0,"enemies":"Cultist","floor":3.0,"turns":4.0},{"damage":0.0,"enemies":"Jaw Worm","floor":4.0,"turns":3.0},{"damage":0.0,"enemies":"Exordium Wildlife","floor":5.0,"turns":4.0},{"damage":33.0,"enemies":"Gremlin Nob","floor":8.0,"turns":5.0},{"damage":0.0,"enemies":"downfall:LooterAlt","floor":10.0,"turns":4.0},{"damage":0.0,"enemies":"2 Fungi Beasts","floor":11.0,"turns":3.0},{"damage":0.0,"enemies":"downfall:FleeingMerchant","floor":12.0,"turns":4.0},{"damage":0.0,"enemies":"Large Slime","floor":14.0,"turns":3.0},{"damage":1.0,"enemies":"Exordium Wildlife","floor":15.0,"turns":5.0},{"damage":16.0,"enemies":"DF_ARCHETYPE_STREAMLINE","floor":16.0,"turns":9.0},{"damage":11.0,"enemies":"downfall:LooterAlt2","floor":19.0,"turns":3.0},{"damage":9.0,"enemies":"Spheric Guardian","floor":20.0,"turns":4.0},{"damage":3,"enemies":"Snake Plant","floor":21,"turns":4},{"damage":12,"enemies":"Snecko","floor":23,"turns":6},{"damage":0,"enemies":"Sentry and Sphere","floor":27,"turns":6},{"damage":37,"enemies":"Slavers","floor":28,"turns":5},{"damage":0,"enemies":"Cultist and Chosen","floor":29,"turns":6},{"damage":60,"enemies":"Gremlin Leader","floor":31,"turns":5}],"seed_played":"-2922106326568769703","potions_obtained":[{"floor":3.0,"key":"Slimebound:SpawnSlimePotion"},{"floor":5.0,"key":"BlessingOfTheForge"},{"floor":11.0,"key":"ColorlessPotion"},{"floor":14.0,"key":"Strength Potion"},{"floor":15.0,"key":"GamblersBrew"},{"floor":20.0,"key":"Fruit Juice"},{"floor":27,"key":"Explosive Potion"},{"floor":28,"key":"Fire Potion"},{"floor":29,"key":"AttackPotion"}],"is_trial":false,"path_per_floor":["R","M","M","M","M","R","T","E","?","M","M","$","R","M","M","B",null,"R","M","M","M","?","M","T","R","?","M","E","M","R","E"],"character_chosen":"SLIMEBOUND","items_purchased":["Slimebound:LevelUp"],"campfire_rested":1,"item_purchase_floors":[12],"current_hp_per_floor":[65,65,65,65,65,65,65,38,38,42,48,52,52,58,65,55,65,65,54,47,50,50,44,44,44,44,52,23,31,51,0,0,0],"gold":251,"neow_bonus":"RANDOM_COMMON_RELIC","is_daily":false,"chose_seed":false,"campfire_upgraded":4,"win_rate":0.0,"timestamp":1613233874,"path_taken":["R","M","M","M","M","R","T","E","?","M","M","$","R","M","M","BOSS","R","M","M","M","?","M","T","R","?","?","E","M","R","E"],"items_purchased_type":["Card"],"build_version":"2020-12-22","purchased_purges":1,"victory":false,"max_hp_per_floor":[65,65,65,65,65,65,65,65,65,65,65,65,65,65,65,65,65,65,65,65,65,65,65,65,65,65,65,65,67,67,67,67,67],"relic_stats":{"Nunchaku":[8],"Singing Bowl":2,"counters":[19,84],"Blue Candle":[0],"War Paint":["Slimebound:SlimeSpikes","Slimebound:Defend_Slimebound"],"obtain_stats":[{"Potion Belt":7,"Nunchaku":0,"downfall:HeartBlessingRed":13,"Singing Bowl":28,"Blue Candle":24,"Slimebound:AbsorbEndCombat":0,"War Paint":8,"sneckomod:SneckoTalon":17},{"Potion Belt":4,"Nunchaku":0,"downfall:HeartBlessingRed":8,"Singing Bowl":17,"Blue Candle":15,"Slimebound:AbsorbEndCombat":0,"War Paint":5,"sneckomod:SneckoTalon":11},{"Potion Belt":13,"Nunchaku":0,"downfall:HeartBlessingRed":29,"Singing Bowl":73,"Blue Candle":62,"Slimebound:AbsorbEndCombat":0,"War Paint":18,"sneckomod:SneckoTalon":46}]},"card_choices":[{"not_picked":["Slimebound:LeechEnergy","Slimebound:LeechingTouch"],"picked":"Slimebound:Schlurp","floor":2.0},{"not_picked":["Slimebound:SplitAcid","Slimebound:SplitMire"],"picked":"Slimebound:PressTheAttack","floor":3.0},{"not_picked":["Slimebound:SplitBruiser","Slimebound:Schlurp"],"picked":"Slimebound:LivingWall","floor":4.0},{"not_picked":["Slimebound:SplitBruiser","Slimebound:SplitMire"],"picked":"Slimebound:SlimeSpikes","floor":5.0},{"not_picked":["Slimebound:FinishingTackle","Slimebound:Nibble"],"picked":"Slimebound:Prepare","floor":8.0},{"not_picked":["Slimebound:SlimeSpikes","Slimebound:HauntingLick"],"picked":"Slimebound:SlimeSlap","floor":10.0},{"not_picked":["Slimebound:Recollect","Slimebound:LeechingTouch"],"picked":"Slimebound:SlimeBarrage","floor":11.0},{"not_picked":["Slimebound:HauntingLick","Slimebound:Dissolve","Slimebound:PressTheAttack"],"picked":"SKIP","floor":12.0},{"not_picked":["Slimebound:SamplingLick","Slimebound:Prepare"],"picked":"Slimebound:LivingWall","floor":14.0},{"not_picked":["Slimebound:Replication","Slimebound:SplitMire","Slimebound:LivingWall"],"picked":"SKIP","floor":15.0},{"not_picked":["Slimebound:Overexert","Slimebound:CheckThePlaybook"],"picked":"Slimebound:PrepareCrush","floor":16.0},{"not_picked":["Slimebound:RollThrough","Slimebound:FormOfPuddle","Slimebound:FinishingTackle"],"picked":"SKIP","floor":19.0},{"not_picked":["Slimebound:SlimeTap","Slimebound:ComboTackle","Slimebound:SamplingLick"],"picked":"SKIP","floor":20.0},{"not_picked":["Slimebound:FinishingTackle","Slimebound:Chomp+1","Slimebound:LevelUp"],"picked":"SKIP","floor":21},{"not_picked":["Slimebound:GoopTackle","Slimebound:RollThrough","Slimebound:FormOfPuddle"],"picked":"SKIP","floor":23},{"not_picked":["Slimebound:ItLooksTasty","Slimebound:RollThrough","Slimebound:MegaLick"],"picked":"SKIP","floor":27},{"not_picked":["Slimebound:ForwardTackle","Slimebound:LeechLife"],"picked":"Slimebound:SlimeSpikes+1","floor":28},{"not_picked":["Slimebound:SplitAcid+1","Slimebound:Replication","Slimebound:PressTheAttack+1"],"picked":"Singing Bowl","floor":29}],"player_experience":487000,"relics_obtained":[{"floor":7.0,"key":"Potion Belt"},{"floor":8.0,"key":"War Paint"},{"floor":24,"key":"Blue Candle"},{"floor":28,"key":"Singing Bowl"}],"event_choices":[{"damage_healed":0,"gold_gain":0,"player_choice":"Read","damage_taken":0,"max_hp_gain":0,"max_hp_loss":0,"event_name":"The Library","floor":22,"gold_loss":0,"cards_obtained":["Slimebound:RainOfGoop"]}],"is_beta":false,"boss_relics":[{"not_picked":["bronze:MakeshiftBattery","expansioncontent:StudyCardRelic"],"picked":"sneckomod:SneckoTalon"}],"items_purged_floors":[12],"is_endless":false,"potions_floor_spawned":[3,5,11,14,15,20,27,28,29],"killed_by":"Gremlin Leader","ascension_level":0}}