{"host":"erh089znuovh6twj","time":1613243500,"event":{"mods":["AchievementEnabler","Act Like it!","Aspiration","BaseMod","Better Note","Better Skull","Better Third Choice","BetterRewards","Defuse TimeMaze Blight","Energized Spire","Hermit","Highlight Path","Hubris","Infinite Spire","Minty Spire (QoL Compilation)","Permanent Neow","Quick Restart","Replay The Spire","StSLib","The Jungle","everything is the same but u backflip on backflip"],"gold_per_floor":[116,116,132,132,144,144,14,44,44,78,88,88,99,125,125,228,228,246,259,259,273,273,273],"floor_reached":22,"language":"ENG","playtime":1099,"items_purged":[],"score":188,"play_id":"36f4f359-b799-4657-85f4-403b6918c3b6","local_time":"20210213141140","is_ascension_mode":false,"campfire_choices":[{"data":"hermit:DeadOrAlive","floor":6,"key":"SMITH"},{"floor":12,"key":"REST"},{"data":"1","floor":15,"key":"LIFT"}],"circlet_count":0,"master_deck":["hubris:Rewind+1","hermit:Strike_Hermit","hermit:Strike_Hermit","hermit:Strike_Hermit","hermit:Strike_Hermit","hermit:Defend_Hermit","hermit:Defend_Hermit","hermit:Defend_Hermit","hermit:Defend_Hermit","hermit:Snapshot","hermit:Covet+1","hermit:Snipe+1","hermit:Snipe","hermit:DeadOrAlive+1","hermit:Enervate+1","hermit:BigShot","hermit:Cheat","hermit:CursedWeapon","hermit:Ricochet","hermit:BigShot","hermit:TakeAim","hermit:BlackWind","Parasite","hermit:RoundhouseKick","Panacea","infinitespire:Collect","hermit:LoneWolf","hermit:Determination","infinitespire:Punishment","hermit:GhostlyPresence"],"relics":["hermit:Momento","infinitespire:Golems Mask","Girya","ReplayTheSpireMod:SealedPack","Gambling Chip"],"acts_visited":["Exordium","TheCity"],"potions_floor_usage":[8,10,18],"damage_taken":[{"damage":0,"enemies":"Small Slimes","floor":1,"turns":3},{"damage":6,"enemies":"Cultist","floor":3,"turns":3},{"damage":0,"enemies":"2 Louse","floor":5,"turns":2},{"damage":13,"enemies":"Lots of Slimes","floor":8,"turns":3},{"damage":21,"enemies":"Replay:BlueRogue","floor":10,"turns":5},{"damage":9,"enemies":"Blue Slaver","floor":11,"turns":2},{"damage":13,"enemies":"Exordium Wildlife","floor":13,"turns":3},{"damage":46,"enemies":"Fading Forest","floor":16,"turns":11},{"damage":48,"enemies":"2 Thieves","floor":18,"turns":4},{"damage":7,"enemies":"Chosen","floor":19,"turns":4},{"damage":18,"enemies":"Snake Plant","floor":21,"turns":3},{"damage":4,"enemies":"Chosen and Byrds","floor":22,"turns":1}],"seed_played":"4658063209429472016","potions_obtained":[{"floor":1,"key":"Energy Potion"},{"floor":8,"key":"FearPotion"},{"floor":16,"key":"BlessingOfTheForge"}],"is_trial":false,"path_per_floor":["M","?","M","$","M","R","$","M","T","E","M","R","M","?","R","B",null,"M","M","AVR","M","M"],"character_chosen":"HERMIT","items_purchased":["hermit:Enervate+1","hermit:BigShot"],"campfire_rested":1,"item_purchase_floors":[7,7],"current_hp_per_floor":[75,75,69,69,69,69,69,56,56,35,26,48,35,35,35,11,75,27,20,20,2,0,0],"gold":273,"neow_bonus":"UPGRADE_CARD","is_daily":false,"chose_seed":false,"campfire_upgraded":1,"win_rate":0.0,"timestamp":1613243500,"path_taken":["M","?","M","$","M","R","?","?","T","E","M","R","M","?","R","BOSS","M","M","AVR","M","M"],"items_purchased_type":["Card","Card"],"build_version":"2020-12-22","purchased_purges":0,"victory":false,"max_hp_per_floor":[75,75,75,75,75,75,75,75,75,75,75,75,75,75,75,75,75,75,75,75,75,75,75],"card_choices":[{"not_picked":["hermit:HoleUp","hermit:Scavenge"],"picked":"hermit:Snipe","floor":1},{"not_picked":["hermit:LoneWolf","hermit:Dive"],"picked":"hermit:Snipe","floor":3},{"not_picked":["hermit:GoldenBullet","hermit:TrackingShot"],"picked":"hermit:DeadOrAlive","floor":5},{"not_picked":["hermit:WideOpen","hermit:CalledShot"],"picked":"hermit:Cheat","floor":8},{"not_picked":["hermit:Desperado","hermit:Ricochet"],"picked":"hermit:CursedWeapon","floor":10},{"not_picked":["hermit:BigShot","hermit:WideOpen"],"picked":"hermit:Ricochet","floor":11},{"not_picked":["hermit:Coalescence","hermit:TakeCover"],"picked":"hermit:BigShot","floor":13},{"not_picked":["hermit:Glare","hermit:Coalescence"],"picked":"hermit:TakeAim","floor":14},{"not_picked":["hermit:DeadOrAlive","hermit:Purgatory"],"picked":"hermit:BlackWind","floor":16},{"not_picked":["hermit:FinalCanter","hermit:Adapt"],"picked":"hermit:RoundhouseKick","floor":17},{"not_picked":["Survey Options","Jack Of All Trades"],"picked":"Panacea","floor":17},{"not_picked":["infinitespire:SealOfDarkness+","infinitespire:Menacing"],"picked":"infinitespire:Collect","floor":17},{"not_picked":["hermit:SprayPray+1","hermit:Shortfuse"],"picked":"hermit:LoneWolf","floor":18},{"not_picked":["hermit:TrackingShot","hermit:HoleUp+1"],"picked":"hermit:Determination","floor":19},{"not_picked":["hermit:CursedWeapon","hermit:Maintenance"],"picked":"hermit:GhostlyPresence","floor":21}],"player_experience":335854,"relics_obtained":[{"floor":10,"key":"infinitespire:Golems Mask"},{"floor":14,"key":"Girya"}],"event_choices":[{"damage_healed":0,"gold_gain":0,"player_choice":"Grow","damage_taken":0,"max_hp_gain":0,"max_hp_loss":0,"event_name":"Living Wall","floor":2,"gold_loss":0,"cards_upgraded":["hermit:Snipe"]}],"is_beta":false,"boss_relics":[{"not_picked":["aspiration:DefectSkillbook","Calling Bell"],"picked":"ReplayTheSpireMod:SealedPack"}],"items_purged_floors":[],"is_endless":false,"potions_floor_spawned":[1,8,16],"killed_by":"Chosen and Byrds","ascension_level":0}}