{"host":"17xjy7b7ubl548g2","time":1613195957,"event":{"mods":["2.2 Compatiblity","Act Like it!","Aspiration","Astrologer","Bard","BaseMod","Challenge The Spire","ChefMod","Colored Map","Colored Powertips","Conspire","Elementarium","Energized Spire","Gensokyo","GifTheSpireLib","Halation","Hallownest","Hermit","Hubris","Infinite Spire","Jedi Mod","Jorbs\u0027s Wanderer Trilogy","Marisa（霧雨　魔理沙）","Marked Mod","Menagerie","Minty Spire (QoL Compilation)","Permanent Neow","Reliquary","Replay The Spire","Robot Space Explorer","Spicy Shops","Spire Arcade","StSLib","Stuff the Spire","The Blue Laboratory","The Bug Knight","The Construct","The Disciple","The Hayseed","The Hierophant","The Marked","The Runesmith","The Sage","TheFirefly"],"gold_per_floor":[111,124,141,53,69,69,100,100,100,100,116,116,29,41,41,140,90,110,110,124,140,31,65,65,87,87,87,105,105,146,171,171,278,278,294,294,319,339,351,383,383,0,23,23,60,60,95,95,95,102,102,102,23,48,48],"floor_reached":56,"language":"ENG","playtime":5609,"items_purged":["hermit:Strike_Hermit","Strike_G"],"score":1620,"play_id":"cfcf0fee-23be-4057-b711-d39959297b1c","local_time":"20210213005917","is_ascension_mode":true,"campfire_choices":[{"data":"infinitespire:Starlight","floor":10.0,"key":"SMITH"},{"data":"Trip","floor":10.0,"key":"SMITH"},{"data":"hermit:Quickdraw","floor":12.0,"key":"SMITH"},{"data":"hermit:HighCaliber","floor":12.0,"key":"SMITH"},{"data":"hermit:ShadowCloak","floor":15.0,"key":"SMITH"},{"data":"Good Instincts","floor":15.0,"key":"SMITH"},{"data":"hermit:Dive","floor":24.0,"key":"SMITH"},{"data":"hermit:FlashPowder","floor":24.0,"key":"SMITH"},{"data":"hermit:Brawl","floor":29.0,"key":"SMITH"},{"data":"Choke","floor":29.0,"key":"SMITH"},{"data":"hermit:Snapshot","floor":32.0,"key":"SMITH"},{"data":"hermit:Vantage","floor":32.0,"key":"SMITH"},{"data":"infinitespire:Menacing","floor":41.0,"key":"SMITH"},{"data":"hermit:RoundhouseKick","floor":41.0,"key":"SMITH"},{"data":"infinitespire:Collect","floor":44.0,"key":"SMITH"},{"data":"hermit:Spite","floor":44.0,"key":"SMITH"},{"floor":46.0,"key":"REST"},{"floor":49.0,"key":"RECALL"},{"data":"hermit:Vantage","floor":52.0,"key":"SMITH"},{"data":"hermit:Feint","floor":52.0,"key":"SMITH"}],"circlet_count":0,"master_deck":["hermit:Strike_Hermit","hermit:Defend_Hermit","hermit:Defend_Hermit","hermit:Defend_Hermit","hermit:Defend_Hermit","hermit:Snapshot+1","hermit:Covet","hermit:Misfire","hermit:Vantage+1","hermit:Feint+1","hermit:ShadowCloak+1","Trip+1","hermit:Spite+1","infinitespire:Starlight+1","hermit:Quickdraw+1","Good Instincts+1","hermit:Glare","hermit:Roughhouse+1","hermit:Purgatory+1","hermit:ItchyTrigger+1","hermit:LuckOfTheDraw+1","hermit:Dive+1","hermit:FlashPowder+1","hermit:Scavenge+1","hermit:Brawl+1","Flechettes","Choke+1","hermit:WideOpen+1","hermit:LowProfile","hermit:RoundhouseKick+1","hermit:HoleUp+1","infinitespire:Collect+1","infinitespire:Menacing+1","hermit:Feint+1","hermit:Vantage+1","hermit:Spite+1","hermit:SprayPray+1","Regret"],"relics":["hermit:Momento","Replay:Arrowhead","infinitespire:Golems Mask","energizedSpire:HugeHouse","Whetstone","reliquary:Knoch","Gremlin Horn","Elementarium:ElementariumTrophy","Cursed Key","HollowMod:PaleOreRelic","Membership Card","Torii","ClockworkSouvenir","ReplayFunnel","jedi:crownofsimplicity","Akabeko","hubris:Icosahedron","Replay:Rubber Ducky","Runesmith:Nanobots"],"acts_visited":["Exordium","Menagerie:Menagerie","TheBeyond","TheEnding"],"potions_floor_usage":[55,55],"damage_taken":[{"damage":0.0,"enemies":"Menagerie:2_RABBITS","floor":1.0,"turns":3.0},{"damage":0.0,"enemies":"Menagerie:WhisperingWraith","floor":2.0,"turns":4.0},{"damage":0.0,"enemies":"Menagerie:StygianBoar","floor":3.0,"turns":3.0},{"damage":0.0,"enemies":"Menagerie:MeltingSalamander","floor":5.0,"turns":4.0},{"damage":12.0,"enemies":"Menagerie:VoidReaper","floor":7.0,"turns":7.0},{"damage":4.0,"enemies":"Menagerie:Hexasnake","floor":11.0,"turns":4.0},{"damage":2.0,"enemies":"Menagerie:KEEPER_AND_YOUNG_SUNEATER","floor":14.0,"turns":4.0},{"damage":15.0,"enemies":"Menagerie:Suneater","floor":16.0,"turns":7.0},{"damage":0.0,"enemies":"Elementarium:VoidCorruption","floor":18.0,"turns":5.0},{"damage":18.0,"enemies":"Elementarium:MUD_AND_TAR_GOLEMS","floor":20.0,"turns":3.0},{"damage":30.0,"enemies":"Elementarium:VoidBeast","floor":21.0,"turns":3.0},{"damage":39.0,"enemies":"Elementarium:ElementalPortal","floor":23.0,"turns":10.0},{"damage":2.0,"enemies":"Elementarium:RubyGolem","floor":25.0,"turns":4.0},{"damage":7.0,"enemies":"Elementarium:Hydrostalker","floor":28.0,"turns":6.0},{"damage":14.0,"enemies":"Elementarium:FIRE_NOBILITY","floor":30.0,"turns":7.0},{"damage":33.0,"enemies":"Elementarium:PHOENIXES","floor":33.0,"turns":11.0},{"damage":61.0,"enemies":"3 Shapes","floor":35.0,"turns":3.0},{"damage":0.0,"enemies":"Orb Walker","floor":37.0,"turns":3.0},{"damage":0.0,"enemies":"Writhing Mass","floor":38.0,"turns":7.0},{"damage":0.0,"enemies":"3 Darklings","floor":39.0,"turns":3.0},{"damage":22.0,"enemies":"Nemesis","floor":40.0,"turns":12.0},{"damage":1.0,"enemies":"Giant Head","floor":45.0,"turns":7.0},{"damage":1.0,"enemies":"Reptomancer","floor":47.0,"turns":7.0},{"damage":36.0,"enemies":"infinitespire:MassOfShapes","floor":50.0,"turns":10.0},{"damage":3.0,"enemies":"Shield and Spear","floor":54.0,"turns":7.0},{"damage":26,"enemies":"The Heart","floor":55,"turns":7}],"seed_played":"7918076648505077880","potions_obtained":[{"floor":2.0,"key":"blueLaboratory:AbyssPotion"},{"floor":5.0,"key":"jedi:holywater"},{"floor":7.0,"key":"Toxic Potion"},{"floor":14.0,"key":"sagemod:Wine"},{"floor":18.0,"key":"Adrenaline Potion"},{"floor":21.0,"key":"Energy Potion"},{"floor":30.0,"key":"Energy Potion"},{"floor":37.0,"key":"hermit:Tonic"},{"floor":38.0,"key":"blueLaboratory:HorrorPotion"},{"floor":40.0,"key":"DistilledChaos"},{"floor":45.0,"key":"Energy Potion"},{"floor":54.0,"key":"blueLaboratory:BottleOfRum"}],"is_trial":false,"path_per_floor":["M","M","M","$","M","$","E","?","T","R","M","R","$","M","R","B",null,"M","?","M","M","$","E","R","M","T","?","M","R","E","T","R","B",null,"M","AVR","M","M","M","E","R","$","T","R","E","R","E","?","R","B",null,"R","$","E","B",null],"character_chosen":"HERMIT","items_purchased":["Trip","Good Instincts","hermit:FlashPowder","Membership Card","Torii","ClockworkSouvenir","Replay:Rubber Ducky"],"campfire_rested":1,"item_purchase_floors":[4,13,22,42,42,42,53],"current_hp_per_floor":[68,68,68,68,68,68,56,37,37,37,48,48,48,61,61,60,68,68,56,53,38,38,14,14,27,27,27,35,35,36,36,36,18,61,14,14,14,29,29,22,22,22,22,22,36,58,72,72,72,51,69,69,69,66,55],"gold":48,"neow_bonus":"THREE_CARDS","is_daily":false,"chose_seed":false,"campfire_upgraded":18,"win_rate":0.0,"timestamp":1613195957,"path_taken":["M","M","M","$","M","?","E","?","T","R","M","R","?","?","R","BOSS","M","?","M","M","$","E","R","M","T","?","?","R","E","?","R","BOSS","M","AVR","M","M","M","E","R","$","T","R","E","R","E","?","R","BOSS","R","$","E","BOSS"],"items_purchased_type":["Card","Card","Card","Relic","Relic","Relic","Relic"],"build_version":"2020-12-22","purchased_purges":2,"victory":true,"max_hp_per_floor":[75,75,75,75,75,75,75,75,75,75,75,75,75,75,75,75,70,70,75,75,75,75,75,75,75,75,75,75,75,75,75,75,75,75,75,75,75,75,75,75,75,75,75,75,75,75,75,75,75,75,75,75,75,75,75],"card_choices":[{"not_picked":["hermit:Feint","hermit:Desperado"],"picked":"hermit:Misfire","floor":0.0},{"not_picked":["hermit:Roulette","hermit:LowProfile"],"picked":"hermit:Vantage","floor":1.0},{"not_picked":["hermit:Coalescence","hermit:BigShot"],"picked":"hermit:Feint","floor":2.0},{"not_picked":["hermit:CalledShot","hermit:Glare"],"picked":"hermit:ShadowCloak","floor":3.0},{"not_picked":["hermit:CursedWeapon","hermit:Glare"],"picked":"hermit:HighCaliber","floor":5.0},{"not_picked":["hermit:Misfire","hermit:EternalForm"],"picked":"hermit:Spite","floor":7.0},{"not_picked":["infinitespire:NeuralNetwork","infinitespire:Fortify"],"picked":"infinitespire:Starlight","floor":8.0},{"not_picked":["hermit:ItchyTrigger","hermit:TrackingShot"],"picked":"hermit:Quickdraw","floor":11.0},{"not_picked":["hermit:Coalescence","hermit:Misfire"],"picked":"hermit:Glare","floor":14.0},{"not_picked":["hermit:EternalForm","hermit:BlackWind"],"picked":"hermit:Roughhouse","floor":16.0},{"not_picked":["hermit:TrackingShot","hermit:Showdown"],"picked":"hermit:ItchyTrigger+1","floor":18.0},{"not_picked":["hermit:Headshot","hermit:Combo"],"picked":"hermit:LuckOfTheDraw+1","floor":20.0},{"not_picked":["hermit:Vantage","hermit:Feint"],"picked":"hermit:Dive","floor":21.0},{"not_picked":["hermit:PistolWhip","hermit:GoldenBullet"],"picked":"hermit:Scavenge+1","floor":23.0},{"not_picked":["hermit:Cheat+1","hermit:WideOpen"],"picked":"hermit:Brawl","floor":25.0},{"not_picked":["hermit:Desperado","hermit:TrackingShot+1"],"picked":"hermit:WideOpen+1","floor":28.0},{"not_picked":["hermit:Headshot+1","hermit:Gambit"],"picked":"hermit:LowProfile","floor":30.0},{"not_picked":["hermit:FinalCanter","hermit:Purgatory"],"picked":"hermit:RoundhouseKick","floor":33.0},{"not_picked":["hermit:Grudge+1","hermit:ItchyTrigger+1"],"picked":"hermit:HoleUp+1","floor":35.0},{"not_picked":["hermit:WideOpen","hermit:Quickdraw+1"],"picked":"hermit:Feint+1","floor":37.0},{"not_picked":["hermit:HoleUp+1","hermit:Quickdraw"],"picked":"hermit:Vantage","floor":38.0},{"not_picked":["hermit:TrackingShot+1","hermit:Snipe+1"],"picked":"hermit:Spite+1","floor":39.0},{"not_picked":["hermit:FullyLoaded","hermit:CalledShot"],"picked":"hermit:SprayPray+1","floor":40.0},{"not_picked":["hermit:Brawl","hermit:Quickdraw+1","hermit:BodyArmor+1"],"picked":"SKIP","floor":45.0},{"not_picked":["hermit:HighCaliber","hermit:FinalCanter","hermit:Roulette"],"picked":"SKIP","floor":47.0},{"not_picked":["hermit:TrackingShot","hermit:BigShot+1","hermit:SprayPray"],"picked":"SKIP","floor":54.0}],"player_experience":2160754,"relics_obtained":[{"floor":7.0,"key":"Replay:Arrowhead"},{"floor":9.0,"key":"infinitespire:Golems Mask"},{"floor":23.0,"key":"Whetstone"},{"floor":26.0,"key":"reliquary:Knoch"},{"floor":30.0,"key":"Gremlin Horn"},{"floor":40.0,"key":"HollowMod:PaleOreRelic"},{"floor":43.0,"key":"ReplayFunnel"},{"floor":45.0,"key":"jedi:crownofsimplicity"},{"floor":47.0,"key":"Akabeko"},{"floor":54.0,"key":"Runesmith:Nanobots"}],"event_choices":[{"damage_healed":0.0,"max_hp_gain":5.0,"max_hp_loss":0.0,"gold_gain":0.0,"event_name":"Elementarium:RadiantAltar","player_choice":"Sacrifice","floor":19.0,"gold_loss":0.0,"damage_taken":17.0}],"is_beta":false,"boss_relics":[{"not_picked":["aspiration:IroncladSkillbook","halation:CatFaceCupcake"],"picked":"energizedSpire:HugeHouse"},{"not_picked":["Pandora\u0027s Box","hubris:CrackedHourglass"],"picked":"Cursed Key"}],"items_purged_floors":[22,36],"is_endless":false,"potions_floor_spawned":[2,5,7,14,18,21,30,37,38,40,45,54],"ascension_level":8}}