{"host":"xox46awo447b7627","time":1613224829,"event":{"mods":["BaseMod","Colored Map","Minty Spire (QoL Compilation)","StSLib"],"gold_per_floor":[114,132,132,132,132,159,170,195,247,247,280,280,53,53,53,178,178,202,202,238,238,238,277,277,298,323,361,385,419,8,8,8,8,8],"floor_reached":33,"language":"ZHS","playtime":1833,"items_purged":["Strike_R","Strike_R"],"score":553,"play_id":"372cc30a-440e-4318-a99a-c63c3c4b28e9","local_time":"20210213220029","is_ascension_mode":true,"campfire_choices":[{"data":"Apotheosis","floor":10.0,"key":"SMITH"},{"floor":15.0,"key":"REST"},{"floor":24.0,"key":"RECALL"},{"floor":32.0,"key":"REST"}],"circlet_count":0,"master_deck":["Strike_R","Defend_R","Defend_R","Defend_R","Bash","Apotheosis+1","Pommel Strike","Evolve","Seeing Red","Havoc","Dark Embrace","Bludgeon+1","Offering","Second Wind","Exhume","Offering"],"relics":["Burning Blood","Molten Egg 2","Toy Ornithopter","Oddly Smooth Stone","Bird Faced Urn","Bag of Marbles","Golden Idol","Black Star","Red Mask","PreservedInsect","MealTicket","White Beast Statue","Bag of Preparation","Omamori","Lantern","Ginger","Akabeko"],"acts_visited":["Exordium","TheCity"],"potions_floor_usage":[33],"damage_taken":[{"damage":2.0,"enemies":"Cultist","floor":1.0,"turns":4.0},{"damage":9.0,"enemies":"Jaw Worm","floor":2.0,"turns":4.0},{"damage":16.0,"enemies":"Lagavulin","floor":6.0,"turns":6.0},{"damage":10.0,"enemies":"Small Slimes","floor":7.0,"turns":4.0},{"damage":0.0,"enemies":"Gremlin Nob","floor":8.0,"turns":2.0},{"damage":6.0,"enemies":"Lagavulin","floor":11.0,"turns":3.0},{"damage":24.0,"enemies":"Slime Boss","floor":16.0,"turns":6.0},{"damage":19.0,"enemies":"2 Thieves","floor":18.0,"turns":2.0},{"damage":18.0,"enemies":"Masked Bandits","floor":20.0,"turns":2.0},{"damage":12.0,"enemies":"Gremlin Leader","floor":23.0,"turns":2.0},{"damage":18.0,"enemies":"Shell Parasite","floor":25.0,"turns":1.0},{"damage":0.0,"enemies":"Book of Stabbing","floor":27.0,"turns":1.0},{"damage":12.0,"enemies":"Snake Plant","floor":28.0,"turns":1.0},{"damage":12.0,"enemies":"Slavers","floor":29.0,"turns":1.0},{"damage":84,"enemies":"Automaton","floor":33,"turns":8}],"seed_played":"5011752754627330607","potions_obtained":[{"floor":2.0,"key":"EntropicBrew"},{"floor":6.0,"key":"SteroidPotion"},{"floor":11.0,"key":"Ancient Potion"},{"floor":16.0,"key":"FearPotion"},{"floor":23.0,"key":"DuplicationPotion"},{"floor":27.0,"key":"BlessingOfTheForge"},{"floor":28.0,"key":"Swift Potion"}],"is_trial":false,"path_per_floor":["M","M","?","?","?","E","M","E","T","R","E","?","$","?","R","B",null,"M","?","?","?","?","E","R","M","T","E","M","E","$","?","R","B"],"character_chosen":"IRONCLAD","items_purchased":["Bag of Marbles","Ginger"],"campfire_rested":2,"item_purchase_floors":[13,30],"current_hp_per_floor":[60,57,57,50,50,40,36,42,42,42,42,47,47,47,70,56,73,60,60,57,57,57,55,55,47,47,58,56,54,69,69,79,2,2],"gold":8,"neow_bonus":"RANDOM_COLORLESS_2","is_daily":false,"chose_seed":false,"campfire_upgraded":1,"win_rate":0.0,"timestamp":1613224829,"path_taken":["M","?","?","?","?","E","?","E","T","R","E","?","$","?","R","BOSS","M","?","?","?","?","E","R","M","T","E","?","E","$","?","R","BOSS"],"items_purchased_type":["Relic","Relic"],"build_version":"2020-12-22","purchased_purges":2,"victory":false,"max_hp_per_floor":[80,80,80,80,80,80,80,80,80,80,80,85,85,79,79,79,79,79,79,79,79,79,79,79,79,79,79,79,79,79,79,79,79,79],"card_choices":[{"not_picked":["The Bomb","Metamorphosis"],"picked":"Apotheosis","floor":0.0},{"not_picked":["Sword Boomerang","Armaments"],"picked":"Pommel Strike","floor":1.0},{"not_picked":["Pummel","Twin Strike"],"picked":"Evolve","floor":2.0},{"not_picked":["Spot Weakness","Perfected Strike+1"],"picked":"Dark Embrace","floor":6.0},{"not_picked":["Clash+1","Bloodletting"],"picked":"Bludgeon+1","floor":7.0},{"not_picked":["Seeing Red","Dark Embrace"],"picked":"Offering","floor":8.0},{"not_picked":["Evolve","Burning Pact"],"picked":"Second Wind","floor":11.0},{"not_picked":["Double Tap","Bludgeon+1"],"picked":"Exhume","floor":16.0},{"not_picked":["Anger+1","Burning Pact","Inflame"],"picked":"SKIP","floor":18.0},{"not_picked":["Flex","Double Tap","Sword Boomerang+1"],"picked":"SKIP","floor":23.0},{"not_picked":["Flex","Double Tap","Sword Boomerang+1"],"picked":"SKIP","floor":23.0},{"not_picked":["Body Slam+1","Shrug It Off","Dropkick+1"],"picked":"SKIP","floor":25.0},{"not_picked":["Flex","Evolve+1","Intimidate"],"picked":"SKIP","floor":27.0},{"not_picked":["Armaments","Cleave+1","Burning Pact"],"picked":"SKIP","floor":28.0},{"not_picked":["Iron Wave+1","Twin Strike+1","Cleave+1"],"picked":"SKIP","floor":29.0}],"player_experience":206801,"relics_obtained":[{"floor":6.0,"key":"Molten Egg 2"},{"floor":8.0,"key":"Toy Ornithopter"},{"floor":9.0,"key":"Oddly Smooth Stone"},{"floor":11.0,"key":"Bird Faced Urn"},{"floor":20.0,"key":"Red Mask"},{"floor":23.0,"key":"PreservedInsect"},{"floor":23.0,"key":"MealTicket"},{"floor":27.0,"key":"White Beast Statue"},{"floor":27.0,"key":"Bag of Preparation"},{"floor":29.0,"key":"Omamori"},{"floor":29.0,"key":"Lantern"}],"event_choices":[{"damage_healed":0.0,"max_hp_gain":0.0,"max_hp_loss":0.0,"gold_gain":0.0,"cards_transformed":["Strike_R"],"event_name":"Living Wall","player_choice":"Change","floor":3.0,"gold_loss":0.0,"damage_taken":0.0,"cards_obtained":["Seeing Red"]},{"cards_removed":["Strike_R"],"damage_healed":0.0,"max_hp_gain":0.0,"max_hp_loss":0.0,"gold_gain":0.0,"event_name":"Golden Wing","player_choice":"Card Removal","floor":4.0,"gold_loss":0.0,"damage_taken":7.0},{"damage_healed":0.0,"max_hp_gain":0.0,"max_hp_loss":0.0,"gold_gain":0.0,"cards_transformed":["Defend_R"],"event_name":"Transmorgrifier","player_choice":"Transformed","floor":5.0,"gold_loss":0.0,"damage_taken":0.0,"cards_obtained":["Havoc"]},{"damage_healed":0.0,"max_hp_gain":5.0,"max_hp_loss":0.0,"gold_gain":0.0,"event_name":"Big Fish","player_choice":"Donut","floor":12.0,"gold_loss":0.0,"damage_taken":0.0},{"damage_healed":0.0,"max_hp_gain":0.0,"max_hp_loss":6.0,"gold_gain":0.0,"event_name":"Golden Idol","player_choice":"Lose Max HP","floor":14.0,"gold_loss":0.0,"damage_taken":0.0,"relics_obtained":["Golden Idol"]},{"damage_healed":0.0,"max_hp_gain":0.0,"max_hp_loss":0.0,"gold_gain":0.0,"event_name":"Cursed Tome","player_choice":"Ignored","floor":19.0,"gold_loss":0.0,"damage_taken":0.0},{"damage_healed":0.0,"max_hp_gain":0.0,"max_hp_loss":0.0,"gold_gain":0.0,"event_name":"Masked Bandits","player_choice":"Fought Bandits","floor":20.0,"gold_loss":0.0,"damage_taken":0.0},{"damage_healed":0.0,"max_hp_gain":0.0,"max_hp_loss":0.0,"gold_gain":0.0,"event_name":"Ghosts","player_choice":"Ignored","floor":21.0,"gold_loss":0.0,"damage_taken":0.0},{"damage_healed":0.0,"max_hp_gain":0.0,"max_hp_loss":0.0,"gold_gain":0.0,"event_name":"Duplicator","player_choice":"Copied","floor":22.0,"gold_loss":0.0,"damage_taken":0.0,"cards_obtained":["Offering"]},{"damage_healed":0.0,"max_hp_gain":0.0,"max_hp_loss":0.0,"gold_gain":0.0,"event_name":"The Mausoleum","player_choice":"Opened","floor":31.0,"gold_loss":0.0,"damage_taken":0.0,"relics_obtained":["Akabeko"],"cards_obtained":["Writhe"]}],"is_beta":false,"boss_relics":[{"not_picked":["Velvet Choker","Calling Bell"],"picked":"Black Star"}],"items_purged_floors":[13,30],"is_endless":false,"potions_floor_spawned":[2,6,11,16,18,23,27,28,29],"killed_by":"Automaton","ascension_level":5}}