{"host":"i8x3uekhioq8aaet","time":1613220878,"event":{"mods":["AchievementEnabler","BaseMod","Colored Map","Colored Powertips","DeckTracker","Minty Spire (QoL Compilation)","Relic Sorter","StSLib"],"gold_per_floor":[113,123,142,154,9,9,51,51,51,74,74,116,116,140,140,250,277,302,401,290,290,290,319,346,346,346,0,0,0,41,54,54,54,54],"floor_reached":33,"language":"ZHT","playtime":979,"items_purged":[],"score":396,"play_id":"5a30be88-cfd3-4673-97e4-8fdb6989de2b","local_time":"20210213205438","is_ascension_mode":true,"campfire_choices":[{"floor":6,"key":"REST"},{"data":"Flame Barrier","floor":11,"key":"SMITH"},{"data":"Perfected Strike","floor":13,"key":"SMITH"},{"floor":15,"key":"REST"},{"floor":25,"key":"REST"},{"floor":32,"key":"REST"}],"circlet_count":0,"master_deck":["Strike_R","Strike_R","Strike_R","Strike_R","Defend_R","Defend_R","Defend_R","Bash","Thunderclap","Pummel","Headbutt","Flame Barrier+1","Perfected Strike+1","Flex","Impervious","Dark Embrace+1","Feed+1","Intimidate+1","True Grit+1","Armaments","Sword Boomerang","Perfected Strike"],"relics":["Runic Cube","Sling","CeramicFish","Bronze Scales","Eternal Feather","Astrolabe","MutagenicStrength","Pantograph","Juzu Bracelet","Mercury Hourglass","Lee\u0027s Waffle","Omamori","Akabeko"],"acts_visited":["Exordium","TheCity"],"potions_floor_usage":[12,16,24,24,30,33],"damage_taken":[{"damage":6,"enemies":"Cultist","floor":1,"turns":3},{"damage":7,"enemies":"Small Slimes","floor":2,"turns":3},{"damage":12,"enemies":"Jaw Worm","floor":3,"turns":2},{"damage":31,"enemies":"Large Slime","floor":4,"turns":8},{"damage":25,"enemies":"Lagavulin","floor":7,"turns":5},{"damage":11,"enemies":"Looter","floor":10,"turns":2},{"damage":16,"enemies":"Gremlin Nob","floor":12,"turns":3},{"damage":7,"enemies":"Exordium Wildlife","floor":14,"turns":4},{"damage":48,"enemies":"Slime Boss","floor":16,"turns":9},{"damage":22,"enemies":"Spheric Guardian","floor":18,"turns":4},{"damage":14,"enemies":"3 Byrds","floor":23,"turns":6},{"damage":29,"enemies":"Book of Stabbing","floor":24,"turns":4},{"damage":28,"enemies":"Gremlin Leader","floor":30,"turns":4},{"damage":21,"enemies":"Snake Plant","floor":31,"turns":3},{"damage":110,"enemies":"Champ","floor":33,"turns":10}],"seed_played":"305241830845081746","potions_obtained":[{"floor":4,"key":"Swift Potion"},{"floor":7,"key":"Weak Potion"},{"floor":10,"key":"ColorlessPotion"},{"floor":12,"key":"Regen Potion"},{"floor":30,"key":"DistilledChaos"}],"is_trial":false,"path_per_floor":["M","M","M","M","$","R","E","?","T","M","R","E","R","M","R","B",null,"M","?","$","?","?","M","E","R","T","$","?","$","E","M","R","B"],"character_chosen":"IRONCLAD","items_purchased":["Sling","CultistPotion","Armaments","Lee\u0027s Waffle","Omamori","Fire Potion"],"campfire_rested":4,"item_purchase_floors":[5,20,20,27,27,27],"current_hp_per_floor":[66,59,47,16,16,40,15,80,80,69,69,53,62,55,80,32,68,46,46,46,46,46,36,19,56,56,91,91,91,63,42,81,0,0],"gold":54,"neow_bonus":"BOSS_RELIC","is_daily":false,"chose_seed":false,"campfire_upgraded":2,"win_rate":0.0,"timestamp":1613220878,"path_taken":["M","M","?","M","?","R","E","?","T","?","R","E","R","M","R","BOSS","M","?","$","?","?","M","E","R","T","$","?","$","E","M","R","BOSS"],"items_purchased_type":["Relic","Potion","Card","Relic","Relic","Potion"],"build_version":"2020-12-22","purchased_purges":0,"victory":false,"max_hp_per_floor":[80,80,80,80,80,80,80,80,80,80,80,80,80,80,80,80,80,80,80,80,80,80,84,84,84,84,91,91,91,91,91,91,91,91],"card_choices":[{"not_picked":["Sword Boomerang","Feel No Pain"],"picked":"Thunderclap","floor":1},{"not_picked":["Second Wind","Feel No Pain"],"picked":"Pummel","floor":2},{"not_picked":["Clothesline","Dark Embrace"],"picked":"Headbutt","floor":3},{"not_picked":["Dark Embrace","Clothesline"],"picked":"Headbutt","floor":4},{"not_picked":["Double Tap","Twin Strike"],"picked":"Uppercut","floor":7},{"not_picked":["Battle Trance","Body Slam"],"picked":"Flame Barrier","floor":10},{"not_picked":["Carnage","Disarm"],"picked":"Perfected Strike","floor":12},{"not_picked":["Body Slam","Rampage"],"picked":"Flex","floor":14},{"not_picked":["Double Tap","Immolate"],"picked":"Impervious","floor":16},{"not_picked":["Wild Strike","Iron Wave+1"],"picked":"True Grit+1","floor":18},{"not_picked":["Anger","Body Slam"],"picked":"Sword Boomerang","floor":23},{"not_picked":["Second Wind","Clash","Barricade"],"picked":"SKIP","floor":24},{"not_picked":["Warcry","Brutality"],"picked":"Perfected Strike","floor":30},{"not_picked":["Metallicize","Clash","Twin Strike"],"picked":"SKIP","floor":31}],"player_experience":329403,"relics_obtained":[{"floor":7,"key":"CeramicFish"},{"floor":9,"key":"Bronze Scales"},{"floor":12,"key":"Eternal Feather"},{"floor":24,"key":"Juzu Bracelet"},{"floor":26,"key":"Mercury Hourglass"},{"floor":30,"key":"Akabeko"}],"event_choices":[{"cards_removed":["Uppercut"],"damage_healed":65,"gold_gain":0,"player_choice":"Offered Uncommon","damage_taken":0,"max_hp_gain":0,"max_hp_loss":0,"event_name":"Bonfire Elementals","floor":8,"gold_loss":0},{"damage_healed":0,"gold_gain":99,"player_choice":"Stole From Cult","damage_taken":0,"max_hp_gain":0,"max_hp_loss":0,"event_name":"Nest","floor":19,"gold_loss":0},{"damage_healed":0,"gold_gain":0,"player_choice":"Inject Mutagens","damage_taken":0,"relics_obtained":["MutagenicStrength"],"max_hp_gain":0,"max_hp_loss":0,"event_name":"Drug Dealer","floor":21,"gold_loss":0},{"damage_healed":0,"gold_gain":0,"player_choice":"Opened","damage_taken":0,"relics_obtained":["Pantograph"],"max_hp_gain":0,"max_hp_loss":0,"event_name":"The Mausoleum","floor":22,"gold_loss":0},{"damage_healed":0,"gold_gain":0,"player_choice":"Ignored","damage_taken":0,"max_hp_gain":0,"max_hp_loss":0,"event_name":"Vampires","floor":28,"gold_loss":0}],"is_beta":false,"boss_relics":[{"not_picked":["Sozu","Snecko Eye"],"picked":"Astrolabe"}],"items_purged_floors":[],"is_endless":false,"potions_floor_spawned":[4,7,10,12,23,30],"killed_by":"Champ","ascension_level":7}}