{"host":"x4i48uok34n1rpsm","time":1613221021,"event":{"mods":["Aspiration","BaseMod","Better Third Choice","Colored Map","Highlight Path","Minty Spire (QoL Compilation)","Permanent Neow","Replay The Spire","StSLib"],"gold_per_floor":[13,33,33,33,51,51,86,86,110,120,147,158,172,182,182,283,283,294,294,305,305,319,319,319],"floor_reached":23,"language":"ENG","playtime":1927,"items_purged":[],"score":215,"play_id":"fd176034-fdd5-47f2-85da-aa6a74b3bd13","local_time":"20210213145701","is_ascension_mode":true,"campfire_choices":[{"data":"Hologram","floor":6,"key":"SMITH"},{"floor":8,"key":"REST"},{"floor":15,"key":"REST"}],"circlet_count":0,"master_deck":["Strike_B","Strike_B","Strike_B","Strike_B","Defend_B","Defend_B","Defend_B","Defend_B","Zap","Dualcast","Redo","Hologram+1","Meteor Strike","Zap","Panic Button","Undo","Rainbow","Reinforced Body","Go for the Eyes","Cold Snap","Coolheaded","Machine Learning","Rip and Tear","Compile Driver"],"relics":["Cracked Core","aspiration:HatOfInfinitePower","Smiling Mask","Replay:Towering Pillar of Hats","SlaversCollar","Toy Ornithopter"],"acts_visited":["Exordium","TheCity"],"potions_floor_usage":[2,7,16,16],"damage_taken":[{"damage":1,"enemies":"Cultist","floor":1,"turns":3},{"damage":2,"enemies":"2 Louse","floor":2,"turns":2},{"damage":6,"enemies":"Jaw Worm","floor":5,"turns":3},{"damage":39,"enemies":"Lagavulin","floor":7,"turns":11},{"damage":16,"enemies":"Exordium Thugs","floor":10,"turns":4},{"damage":20,"enemies":"Gremlin Nob","floor":11,"turns":4},{"damage":0,"enemies":"Gremlin Gang","floor":12,"turns":5},{"damage":0,"enemies":"2 Fungi Beasts","floor":13,"turns":2},{"damage":2,"enemies":"Blue Slaver","floor":14,"turns":3},{"damage":16,"enemies":"Slime Boss","floor":16,"turns":13},{"damage":17,"enemies":"Spheric Guardian","floor":18,"turns":9},{"damage":15,"enemies":"Shell Parasite","floor":20,"turns":10},{"damage":26,"enemies":"Sentry and Sphere","floor":22,"turns":10},{"damage":5,"enemies":"Book of Stabbing","floor":23,"turns":1}],"seed_played":"-2236081890332291251","potions_obtained":[{"floor":1,"key":"SkillPotion"},{"floor":5,"key":"SkillPotion"},{"floor":13,"key":"SteroidPotion"},{"floor":14,"key":"Explosive Potion"},{"floor":22,"key":"Strength Potion"}],"is_trial":false,"path_per_floor":["M","M","?","$","M","R","E","R","T","M","E","M","M","M","R","B",null,"M","?","M","T","M","E"],"character_chosen":"DEFECT","items_purchased":[],"campfire_rested":2,"item_purchase_floors":[],"current_hp_per_floor":[74,72,72,72,66,66,27,49,49,33,13,13,13,11,33,17,75,58,44,29,29,3,0,0],"gold":319,"neow_bonus":"ONE_RARE_RELIC","is_daily":false,"chose_seed":false,"campfire_upgraded":1,"win_rate":0.0,"timestamp":1613221021,"path_taken":["M","?","?","?","?","R","E","R","T","M","E","M","M","M","R","BOSS","M","?","M","?","M","E"],"items_purchased_type":[],"build_version":"2020-12-22","purchased_purges":0,"victory":false,"max_hp_per_floor":[75,75,75,75,75,75,75,75,75,75,75,75,75,75,75,75,75,75,80,80,80,80,80,80],"card_choices":[{"not_picked":["Melter","Aggregate"],"picked":"Redo","floor":1},{"not_picked":["BootSequence","ReplaySolidLightProjector"],"picked":"Hologram","floor":2},{"not_picked":["ReplaySolidLightProjector","Redo"],"picked":"Undo","floor":5},{"not_picked":["Steam Power","ReplayTheSpireMod:GoodbyeWorld"],"picked":"Rainbow","floor":7},{"not_picked":["Streamline","Ball Lightning"],"picked":"Reinforced Body","floor":10},{"not_picked":["Rebound","ReplayTheSpireMod:Omega Cannon"],"picked":"Go for the Eyes","floor":11},{"not_picked":["Beam Cell","Turbo","ReplayTheSpireMod:GoodbyeWorld"],"picked":"SKIP","floor":12},{"not_picked":["Steam Power","Force Field"],"picked":"Cold Snap","floor":13},{"not_picked":["Hologram","Leap"],"picked":"Coolheaded","floor":14},{"not_picked":["Core Surge","Mirror Shield"],"picked":"Machine Learning","floor":16},{"not_picked":["Cold Snap","Steam","Coolheaded"],"picked":"SKIP","floor":18},{"not_picked":["ReplayTheSpireMod:GoodbyeWorld","Gash"],"picked":"Rip and Tear","floor":20},{"not_picked":["Turbo","ReplayTheSpireMod:Reroute Power"],"picked":"Compile Driver","floor":22}],"player_experience":252066,"relics_obtained":[{"floor":7,"key":"Smiling Mask"},{"floor":11,"key":"Replay:Towering Pillar of Hats"},{"floor":21,"key":"Toy Ornithopter"}],"event_choices":[{"damage_healed":0,"gold_gain":0,"player_choice":"3 cards matched","damage_taken":0,"max_hp_gain":0,"max_hp_loss":0,"event_name":"Match and Keep!","floor":3,"gold_loss":0,"cards_obtained":["Meteor Strike","Zap","Panic Button"]},{"damage_healed":0,"gold_gain":0,"player_choice":"Shed Blood","damage_taken":19,"max_hp_gain":5,"max_hp_loss":0,"event_name":"Forgotten Altar","floor":19,"gold_loss":0}],"is_beta":false,"boss_relics":[{"not_picked":["Calling Bell","Tiny House"],"picked":"SlaversCollar"}],"items_purged_floors":[],"is_endless":false,"potions_floor_spawned":[1,5,13,14,22],"killed_by":"Book of Stabbing","ascension_level":1}}