{"host":"5h6e4l6hpn0p5lap","time":1613217616,"event":{"mods":["AchievementEnabler","BaseMod","Better Altar","Better Match","Better Sensory Stone","Better Skull","Better Third Choice","Colored Map","Filter the Spire","Minty Spire (QoL Compilation)","StSLib"],"gold_per_floor":[109,124,135,145,145,145,179,0,26,58,70,88,88,53,53,149,149,165,165,81,81,94,94,128,128,152,183,183,216,216,251,251,354,354,369,369,380,308,308,308],"floor_reached":39,"language":"ENG","playtime":1724,"items_purged":["Strike_P","Defend_P","Eruption+1"],"score":743,"play_id":"17d9b43a-fa48-46a7-b78c-b7fcd8753736","local_time":"20210213070016","is_ascension_mode":true,"campfire_choices":[{"data":"Eruption","floor":6.0,"key":"SMITH"},{"floor":13.0,"key":"REST"},{"data":"Adaptation","floor":15.0,"key":"SMITH"},{"floor":23.0,"key":"REST"},{"floor":25.0,"key":"REST"},{"floor":28.0,"key":"REST"},{"floor":30.0,"key":"REST"},{"floor":32.0,"key":"REST"}],"circlet_count":0,"master_deck":["AscendersBane","Defend_P","Defend_P","Defend_P","Vigilance","SashWhip","FlurryOfBlows","ReachHeaven","CutThroughFate","EmptyFist","Adaptation+1","Conclude","FlurryOfBlows+1","ThirdEye","Halt","Devotion","Nirvana+1","Wireheading","EmptyMind","Tantrum","CarveReality","Perseverance","FlurryOfBlows+1","Vault","ThirdEye+1","WindmillStrike+1","FearNoEvil+1","Prostrate+1","Protect","Prostrate"],"relics":["Black Star","Lantern","Oddly Smooth Stone","Smiling Mask","White Beast Statue","TungstenRod","Sozu","Yang","Bird Faced Urn","Pen Nib","Nunchaku","Mummified Hand","Unceasing Top","Bag of Marbles","Red Mask","Astrolabe"],"acts_visited":["Exordium","TheCity","TheBeyond"],"potions_floor_usage":[],"damage_taken":[{"damage":2.0,"enemies":"Jaw Worm","floor":1.0,"turns":3.0},{"damage":1.0,"enemies":"2 Louse","floor":2.0,"turns":4.0},{"damage":4.0,"enemies":"Small Slimes","floor":3.0,"turns":4.0},{"damage":7.0,"enemies":"Looter","floor":4.0,"turns":3.0},{"damage":5.0,"enemies":"Gremlin Nob","floor":7.0,"turns":3.0},{"damage":29.0,"enemies":"Lagavulin","floor":10.0,"turns":8.0},{"damage":3.0,"enemies":"Large Slime","floor":11.0,"turns":4.0},{"damage":0.0,"enemies":"3 Louse","floor":12.0,"turns":2.0},{"damage":0.0,"enemies":"Slime Boss","floor":16.0,"turns":3.0},{"damage":7.0,"enemies":"Spheric Guardian","floor":18.0,"turns":3.0},{"damage":29.0,"enemies":"3 Byrds","floor":22.0,"turns":7.0},{"damage":39.0,"enemies":"Book of Stabbing","floor":24.0,"turns":6.0},{"damage":14.0,"enemies":"Slavers","floor":27.0,"turns":6.0},{"damage":23.0,"enemies":"Book of Stabbing","floor":29.0,"turns":4.0},{"damage":19.0,"enemies":"Masked Bandits","floor":31.0,"turns":5.0},{"damage":26.0,"enemies":"Collector","floor":33.0,"turns":6.0},{"damage":0,"enemies":"3 Darklings","floor":35,"turns":3},{"damage":12,"enemies":"3 Shapes","floor":37,"turns":5},{"damage":71,"enemies":"Writhing Mass","floor":39,"turns":4}],"seed_played":"-7233345356625706021","potions_obtained":[{"floor":1.0,"key":"Swift Potion"},{"floor":3.0,"key":"BlessingOfTheForge"},{"floor":11.0,"key":"Swift Potion"},{"floor":12.0,"key":"Ambrosia"},{"floor":16.0,"key":"DuplicationPotion"}],"is_trial":false,"path_per_floor":["M","M","M","M","?","R","E","$","T","E","M","M","R","?","R","B",null,"M","?","$","?","M","R","E","R","T","E","R","E","R","?","R","B",null,"M","?","M","$","M"],"character_chosen":"WATCHER","items_purchased":["Adaptation","Conclude","Wireheading","Prostrate"],"campfire_rested":6,"item_purchase_floors":[8,8,20,38],"current_hp_per_floor":[63,62,58,51,72,72,67,67,67,38,35,35,56,72,72,72,72,65,65,65,65,36,57,18,39,39,31,52,33,54,41,62,44,65,69,68,61,61,0,0],"gold":308,"neow_bonus":"BOSS_RELIC","is_daily":false,"chose_seed":false,"campfire_upgraded":2,"win_rate":0.0,"timestamp":1613217616,"path_taken":["M","M","M","M","?","R","E","$","T","E","M","M","R","?","R","BOSS","M","?","$","?","?","R","E","R","T","E","R","E","R","?","R","BOSS","M","?","M","$","M"],"items_purchased_type":["Card","Card","Card","Card"],"build_version":"2020-12-22","purchased_purges":3,"victory":false,"max_hp_per_floor":[72,72,72,72,72,72,72,72,72,72,72,72,72,72,72,72,72,72,72,72,72,72,72,72,72,72,72,72,72,72,72,72,72,72,72,68,68,68,68,68],"card_choices":[{"not_picked":["WaveOfTheHand","Crescendo"],"picked":"SashWhip","floor":1.0},{"not_picked":["SandsOfTime","ClearTheMind"],"picked":"FlurryOfBlows","floor":2.0},{"not_picked":["SignatureMove","Nirvana"],"picked":"ReachHeaven","floor":3.0},{"not_picked":["Vault","Collect"],"picked":"CutThroughFate","floor":4.0},{"not_picked":["EmptyMind","FlyingSleeves"],"picked":"EmptyFist","floor":7.0},{"not_picked":["WreathOfFlame","InnerPeace"],"picked":"FlurryOfBlows","floor":10.0},{"not_picked":["PathToVictory","CrushJoints"],"picked":"ThirdEye","floor":11.0},{"not_picked":["Prostrate","ThirdEye"],"picked":"Halt","floor":12.0},{"not_picked":["MasterReality","Judgement"],"picked":"Devotion","floor":16.0},{"not_picked":["PathToVictory","CutThroughFate"],"picked":"Nirvana+1","floor":18.0},{"not_picked":["EmptyFist","SashWhip"],"picked":"EmptyMind","floor":22.0},{"not_picked":["Crescendo","WaveOfTheHand+1"],"picked":"Tantrum","floor":24.0},{"not_picked":["ThirdEye","SashWhip+1"],"picked":"CarveReality","floor":27.0},{"not_picked":["EmptyFist+1","FearNoEvil"],"picked":"Perseverance","floor":29.0},{"not_picked":["Nirvana","SandsOfTime"],"picked":"FlurryOfBlows+1","floor":31.0},{"not_picked":["Establishment","Alpha"],"picked":"Vault","floor":33.0},{"not_picked":["WindmillStrike","ThirdEye"],"picked":"Prostrate+1","floor":35},{"not_picked":["FollowUp","ClearTheMind"],"picked":"Protect","floor":37}],"player_experience":1105426,"relics_obtained":[{"floor":7.0,"key":"Lantern"},{"floor":7.0,"key":"Oddly Smooth Stone"},{"floor":9.0,"key":"Smiling Mask"},{"floor":10.0,"key":"White Beast Statue"},{"floor":10.0,"key":"TungstenRod"},{"floor":24.0,"key":"Yang"},{"floor":24.0,"key":"Bird Faced Urn"},{"floor":26.0,"key":"Pen Nib"},{"floor":27.0,"key":"Nunchaku"},{"floor":27.0,"key":"Mummified Hand"},{"floor":29.0,"key":"Unceasing Top"},{"floor":29.0,"key":"Bag of Marbles"},{"floor":31.0,"key":"Red Mask"}],"event_choices":[{"damage_healed":24.0,"max_hp_gain":0.0,"max_hp_loss":0.0,"gold_gain":0.0,"event_name":"Big Fish","player_choice":"Banana","floor":5.0,"gold_loss":0.0,"damage_taken":0.0},{"damage_healed":18.0,"max_hp_gain":0.0,"max_hp_loss":0.0,"gold_gain":0.0,"event_name":"The Cleric","player_choice":"Healed","floor":14.0,"gold_loss":35.0,"damage_taken":0.0},{"damage_healed":0.0,"max_hp_gain":0.0,"max_hp_loss":0.0,"gold_gain":0.0,"event_name":"Beggar","player_choice":"Ignored","floor":19.0,"gold_loss":0.0,"damage_taken":0.0},{"damage_healed":0.0,"max_hp_gain":0.0,"max_hp_loss":0.0,"gold_gain":0.0,"event_name":"Accursed Blacksmith","player_choice":"Forge","floor":21.0,"gold_loss":0.0,"damage_taken":0.0,"cards_upgraded":["FlurryOfBlows"]},{"damage_healed":0.0,"max_hp_gain":0.0,"max_hp_loss":0.0,"gold_gain":0.0,"event_name":"Masked Bandits","player_choice":"Fought Bandits","floor":31.0,"gold_loss":0.0,"damage_taken":0.0},{"damage_healed":0,"gold_gain":0,"player_choice":"Max HP","damage_taken":0,"max_hp_gain":0,"max_hp_loss":4,"event_name":"Winding Halls","floor":36,"gold_loss":0}],"is_beta":false,"boss_relics":[{"not_picked":["Velvet Choker","Philosopher\u0027s Stone"],"picked":"Sozu"},{"not_picked":["Cursed Key","Tiny House"],"picked":"Astrolabe"}],"items_purged_floors":[8,20,38],"is_endless":false,"potions_floor_spawned":[1,3,11,12,16,18,22,24,27,29,31,33,35,37],"killed_by":"Writhing Mass","ascension_level":10}}