{"host":"oigynbtg272c19pw","time":1613239314,"event":{"mods":["BaseMod","Colored Map","Minty Spire (QoL Compilation)","Relic Stats","Slay the Relics Exporter","StSLib"],"gold_per_floor":[13,28,28,28,44,44,74,74,74,89,101,26,61,61,61,135,135,145,70,89,105,120,120,120],"floor_reached":23,"playtime":1384,"items_purged":["Strike_P+1"],"score":406,"play_id":"e9fbd965-118d-45ca-b1c8-24b8e4ee13fe","local_time":"20210213190154","is_ascension_mode":true,"campfire_choices":[{"floor":6.0,"key":"REST"},{"floor":8.0,"key":"REST"},{"floor":15,"key":"REST"}],"circlet_count":0,"master_deck":["AscendersBane","Strike_P+1","Defend_P","Defend_P+1","Defend_P","Defend_P+1","Eruption+1","Vigilance+1","LessonLearned+1","Worship+1","CrushJoints+1","TalkToTheHand","WaveOfTheHand","TalkToTheHand","TalkToTheHand","Tantrum+1","Omniscience+1","Halt"],"relics":["PureWater","Bottled Flame","Nunchaku","Dead Branch","Cursed Key"],"acts_visited":["Exordium","TheCity"],"potions_floor_usage":[20,22,23],"damage_taken":[{"damage":1.0,"enemies":"Small Slimes","floor":1.0,"turns":4.0},{"damage":6.0,"enemies":"2 Louse","floor":2.0,"turns":4.0},{"damage":0.0,"enemies":"Cultist","floor":5.0,"turns":2.0},{"damage":28.0,"enemies":"Lagavulin","floor":7.0,"turns":8.0},{"damage":12.0,"enemies":"Blue Slaver","floor":10.0,"turns":5.0},{"damage":0.0,"enemies":"Large Slime","floor":11.0,"turns":5.0},{"damage":88,"enemies":"3 Sentries","floor":13,"turns":23},{"damage":4,"enemies":"Hexaghost","floor":16,"turns":9},{"damage":13,"enemies":"2 Thieves","floor":18,"turns":4},{"damage":0,"enemies":"3 Byrds","floor":20,"turns":4},{"damage":0,"enemies":"Shelled Parasite and Fungi","floor":21,"turns":3},{"damage":1,"enemies":"Centurion and Healer","floor":22,"turns":7},{"damage":50,"enemies":"Slavers","floor":23,"turns":8}],"seed_played":"4350040384968121779","potions_obtained":[{"floor":1.0,"key":"EssenceOfSteel"},{"floor":10.0,"key":"AttackPotion"},{"floor":13,"key":"Fire Potion"},{"floor":18,"key":"Swift Potion"},{"floor":21,"key":"Energy Potion"}],"is_trial":false,"path_per_floor":["M","M","?","?","M","R","E","R","T","M","M","?","E","$","R","B",null,"M","$","M","M","M","E"],"character_chosen":"WATCHER","items_purchased":[],"campfire_rested":3,"item_purchase_floors":[],"current_hp_per_floor":[60,54,54,34,34,54,26,46,46,34,34,34,13,13,33,29,58,45,45,45,45,44,0,0],"gold":120,"neow_bonus":"THREE_RARE_CARDS","is_daily":false,"chose_seed":false,"campfire_upgraded":0,"win_rate":0.0,"timestamp":1613239314,"path_taken":["M","M","?","?","M","R","E","R","T","M","M","?","E","$","R","BOSS","M","$","M","M","M","E"],"items_purchased_type":[],"build_version":"2020-12-13","purchased_purges":1,"victory":false,"max_hp_per_floor":[68,68,68,68,68,68,68,68,68,68,68,68,68,68,68,68,68,68,68,68,68,68,68,68],"relic_stats":{"Nunchaku":[10],"counters":[13,86],"Dead Branch":[48],"Cursed Key":0,"obtain_stats":[{"Bottled Flame":7,"Nunchaku":9,"Dead Branch":13,"PureWater":0,"Cursed Key":17},{"Bottled Flame":4,"Nunchaku":4,"Dead Branch":7,"PureWater":0,"Cursed Key":8},{"Bottled Flame":18,"Nunchaku":18,"Dead Branch":51,"PureWater":0,"Cursed Key":60}]},"card_choices":[{"not_picked":["ConjureBlade","Devotion"],"picked":"LessonLearned","floor":0.0},{"not_picked":["CutThroughFate","Swivel"],"picked":"Worship","floor":1.0},{"not_picked":["FollowUp","FlyingSleeves"],"picked":"CrushJoints","floor":2.0},{"not_picked":["InnerPeace","FlyingSleeves"],"picked":"TalkToTheHand","floor":5.0},{"not_picked":["Vengeance","SandsOfTime"],"picked":"WaveOfTheHand","floor":7.0},{"not_picked":["ThirdEye","Perseverance"],"picked":"TalkToTheHand","floor":10.0},{"not_picked":["Wireheading","SashWhip"],"picked":"TalkToTheHand","floor":11.0},{"not_picked":["PathToVictory","Wish"],"picked":"Tantrum","floor":13},{"not_picked":["Scrawl","ConjureBlade"],"picked":"Omniscience","floor":16},{"not_picked":["JustLucky","FlurryOfBlows","PathToVictory"],"picked":"SKIP","floor":18},{"not_picked":["LikeWater","PathToVictory","Indignation"],"picked":"SKIP","floor":20},{"not_picked":["Evaluate","EmptyBody"],"picked":"Halt","floor":21},{"not_picked":["Halt","Crescendo","ThirdEye"],"picked":"SKIP","floor":22}],"player_experience":1598687,"relics_obtained":[{"floor":7.0,"key":"Bottled Flame"},{"floor":9.0,"key":"Nunchaku"},{"floor":13,"key":"Dead Branch"}],"event_choices":[{"cards_removed":["Strike_P"],"damage_healed":0.0,"max_hp_gain":0.0,"max_hp_loss":0.0,"gold_gain":0.0,"event_name":"Living Wall","player_choice":"Forget","floor":3.0,"gold_loss":0.0,"damage_taken":0.0},{"damage_healed":0.0,"max_hp_gain":0.0,"max_hp_loss":0.0,"gold_gain":0.0,"event_name":"Shining Light","player_choice":"Entered Light","floor":4.0,"gold_loss":0.0,"damage_taken":20.0,"cards_upgraded":["Worship","Eruption"]},{"cards_removed":["Strike_P"],"damage_healed":0.0,"max_hp_gain":0.0,"max_hp_loss":0.0,"gold_gain":0.0,"event_name":"The Cleric","player_choice":"Card Removal","floor":12.0,"gold_loss":75.0,"damage_taken":0.0}],"is_beta":false,"boss_relics":[{"not_picked":["Calling Bell","Empty Cage"],"picked":"Cursed Key"}],"items_purged_floors":[19],"is_endless":false,"potions_floor_spawned":[1,10,13,18,21],"killed_by":"Slavers","ascension_level":20}}