{"host":"pqs17sqrgflf4eqa","time":1613226625,"event":{"mods":["AchievementEnabler","BaseMod","Bestiary","Better Altar","Better Match","Better Skull","Block Reminder","Bossed Relics","Colored Map","Colored Powertips","Curses Come First","Dark Map","DeckTracker","Defective Defect","Displayed Cursed Tome","Emptier Cage","Googly Eyes","Highlight Path","Minty Spire (QoL Compilation)","Quick Restart","Slay-I","StSLib","SuperFastMode","Synergy Search","Thieving Mod","Transform Curses","everything is the same but u backflip on backflip","slay the spire mod where everything is the same but ironclad has a cowboy hat"],"gold_per_floor":[10,10,34,48,148,179,203,239,262,262,63,101,101,136,136,265,265,265,220,220,61,61],"floor_reached":21,"language":"ENG","playtime":516,"items_purged":[],"score":369,"play_id":"9c55eabe-8faa-45b0-b1b6-73c6bf269f9f","local_time":"20210213093025","is_ascension_mode":true,"campfire_choices":[{"data":"Eruption","floor":10,"key":"SMITH"},{"data":"DeceiveReality","floor":15,"key":"SMITH"}],"circlet_count":0,"master_deck":["Strike_P","Strike_P","Strike_P","Strike_P","Defend_P","Defend_P","Defend_P","Defend_P","Eruption+1","Vigilance","Blasphemy","CrushJoints","EmptyFist","SandsOfTime","Halt","Brilliance","ThirdEye","Wallop","FollowUp","DeceiveReality+1","Ragnarok","Perseverance+1","EmptyFist","Vengeance","Vault"],"relics":["PureWater","Golden Idol","CaptainsWheel","Boot","Omamori","Orrery","Damaru","White Beast Statue","Ectoplasm","Pen Nib"],"acts_visited":["Exordium","TheCity"],"potions_floor_usage":[4,8,16],"damage_taken":[{"damage":0,"enemies":"Jaw Worm","floor":1,"turns":1},{"damage":0,"enemies":"2 Louse","floor":3,"turns":1},{"damage":0,"enemies":"Cultist","floor":4,"turns":2},{"damage":0,"enemies":"Gremlin Nob","floor":6,"turns":2},{"damage":40,"enemies":"2 Fungi Beasts","floor":7,"turns":3},{"damage":0,"enemies":"Lagavulin","floor":8,"turns":2},{"damage":9,"enemies":"3 Sentries","floor":12,"turns":7},{"damage":0,"enemies":"Gremlin Nob","floor":14,"turns":3},{"damage":4,"enemies":"Hexaghost","floor":16,"turns":9},{"damage":4,"enemies":"Spheric Guardian","floor":18,"turns":3},{"damage":3,"enemies":"2 Thieves","floor":19,"turns":3},{"damage":28,"enemies":"Snake Plant","floor":20,"turns":3}],"seed_played":"969380026813306898","potions_obtained":[{"floor":3,"key":"FearPotion"},{"floor":4,"key":"BlessingOfTheForge"},{"floor":6,"key":"DuplicationPotion"},{"floor":7,"key":"DistilledChaos"},{"floor":16,"key":"FearPotion"},{"floor":18,"key":"FearPotion"},{"floor":19,"key":"Dexterity Potion"}],"is_trial":false,"path_per_floor":["M","?","M","M","?","E","M","E","T","R","$","E","?","E","R","B",null,"M","M","M","$"],"character_chosen":"WATCHER","items_purchased":["ThirdEye","Orrery","Vault"],"campfire_rested":0,"item_purchase_floors":[11,11,21],"current_hp_per_floor":[65,65,65,65,65,65,25,25,25,25,25,16,16,16,16,12,53,49,46,18,0,0],"gold":61,"neow_bonus":"THREE_RARE_CARDS","is_daily":false,"chose_seed":false,"campfire_upgraded":2,"win_rate":0.0,"timestamp":1613226625,"path_taken":["M","?","M","M","?","E","?","E","T","R","$","E","?","E","R","BOSS","M","M","M","$"],"items_purchased_type":["Card","Relic","Card"],"build_version":"2020-12-22","purchased_purges":0,"victory":false,"max_hp_per_floor":[72,67,67,67,67,67,67,67,67,67,67,67,67,67,67,67,67,67,67,67,67,67],"card_choices":[{"not_picked":["ConjureBlade","Omniscience"],"picked":"Blasphemy","floor":0},{"not_picked":["SignatureMove","PathToVictory"],"picked":"CrushJoints","floor":1},{"not_picked":["ClearTheMind","CrushJoints","EmptyMind"],"picked":"SKIP","floor":3},{"not_picked":["FlyingSleeves","EmptyMind"],"picked":"EmptyFist","floor":4},{"not_picked":["Adaptation","TalkToTheHand"],"picked":"SandsOfTime","floor":6},{"not_picked":["ReachHeaven","TalkToTheHand"],"picked":"Halt","floor":7},{"not_picked":["Protect","FlurryOfBlows"],"picked":"Brilliance","floor":8},{"not_picked":["FlyingSleeves","Prostrate"],"picked":"Wallop","floor":11},{"not_picked":["Wireheading","FlyingSleeves"],"picked":"FollowUp","floor":11},{"not_picked":["WaveOfTheHand","EmptyFist"],"picked":"DeceiveReality","floor":11},{"not_picked":["InnerPeace","ForeignInfluence","Perseverance"],"picked":"SKIP","floor":12},{"not_picked":["Collect","WreathOfFlame","SignatureMove"],"picked":"SKIP","floor":14},{"not_picked":["Omniscience","ConjureBlade"],"picked":"Ragnarok","floor":16},{"not_picked":["FlyingSleeves","Prostrate+1"],"picked":"Perseverance+1","floor":18},{"not_picked":["Crescendo","Prostrate"],"picked":"EmptyFist","floor":19},{"not_picked":["Crescendo","CutThroughFate+1"],"picked":"Vengeance","floor":20}],"player_experience":202064,"relics_obtained":[{"floor":6,"key":"CaptainsWheel"},{"floor":8,"key":"Boot"},{"floor":9,"key":"Omamori"},{"floor":12,"key":"Damaru"},{"floor":14,"key":"White Beast Statue"}],"event_choices":[{"damage_healed":0,"gold_gain":0,"player_choice":"Lose Max HP","damage_taken":0,"relics_obtained":["Golden Idol"],"max_hp_gain":0,"max_hp_loss":5,"event_name":"Golden Idol","floor":2,"gold_loss":0},{"damage_healed":0,"gold_gain":100,"player_choice":"Pray","damage_taken":0,"max_hp_gain":0,"max_hp_loss":0,"event_name":"Golden Shrine","floor":5,"gold_loss":0},{"damage_healed":0,"gold_gain":0,"player_choice":"3","damage_taken":0,"max_hp_gain":0,"max_hp_loss":0,"event_name":"betterMatch:BetterMatch","floor":13,"gold_loss":0,"cards_obtained":[]}],"is_beta":false,"boss_relics":[{"not_picked":["Coffee Dripper","SacredBark"],"picked":"Ectoplasm"}],"items_purged_floors":[],"is_endless":false,"potions_floor_spawned":[3,4,6,7,16,18,19,20],"ascension_level":6}}