{"host":"i8x3uekhioq8aaet","time":1613196986,"event":{"mods":["AchievementEnabler","BaseMod","Colored Map","Colored Powertips","DeckTracker","Minty Spire (QoL Compilation)","Relic Sorter","StSLib"],"gold_per_floor":[114,18,18,18,18,50,50,62,87,103,120,133,133,144,144,247,247,261,186,186,26,38,38,51,70,70,87,87,87],"floor_reached":28,"language":"ZHT","playtime":703,"items_purged":[],"score":367,"play_id":"40e4fdc7-838c-4654-a1d5-a440227d4ac4","local_time":"20210213141626","is_ascension_mode":true,"campfire_choices":[{"floor":7.0,"key":"REST"},{"floor":15.0,"key":"REST"},{"floor":23,"key":"REST"}],"circlet_count":0,"master_deck":["Strike_R","Strike_R","Strike_R","Strike_R","Defend_R+1","Defend_R","Defend_R+1","Bash","Whirlwind+1","Ghostly Armor","Second Wind","Inflame","Spot Weakness","Demon Form","CurseOfTheBell","Cleave","Corruption","Infernal Blade","Flame Barrier"],"relics":["Runic Pyramid","Orichalcum","Happy Flower","Matryoshka","Calling Bell","War Paint","Letter Opener","Champion Belt","Singing Bowl","StrikeDummy"],"acts_visited":["Exordium","TheCity"],"potions_floor_usage":[24],"damage_taken":[{"damage":15.0,"enemies":"2 Louse","floor":1.0,"turns":3.0},{"damage":10.0,"enemies":"3 Sentries","floor":6.0,"turns":3.0},{"damage":7.0,"enemies":"Jaw Worm","floor":8.0,"turns":3.0},{"damage":0.0,"enemies":"Cultist","floor":10.0,"turns":2.0},{"damage":7.0,"enemies":"Looter","floor":11.0,"turns":3.0},{"damage":0.0,"enemies":"3 Louse","floor":12.0,"turns":1.0},{"damage":6.0,"enemies":"Exordium Wildlife","floor":14.0,"turns":3.0},{"damage":0.0,"enemies":"Slime Boss","floor":16.0,"turns":6.0},{"damage":32.0,"enemies":"Shell Parasite","floor":18.0,"turns":7.0},{"damage":12,"enemies":"Chosen","floor":22,"turns":7},{"damage":17,"enemies":"Snake Plant","floor":24,"turns":5},{"damage":6,"enemies":"Cultist and Chosen","floor":25,"turns":6},{"damage":18,"enemies":"Shelled Parasite and Fungi","floor":27,"turns":5},{"damage":25,"enemies":"Snake Plant","floor":28,"turns":2}],"seed_played":"-8822074624886991819","potions_obtained":[{"floor":1.0,"key":"DistilledChaos"},{"floor":6.0,"key":"SkillPotion"},{"floor":12.0,"key":"ColorlessPotion"},{"floor":22,"key":"EssenceOfSteel"},{"floor":24,"key":"Swift Potion"}],"is_trial":false,"path_per_floor":["M","$","?","?","?","E","R","M","T","M","M","M","?","M","R","B",null,"M","?","?","$","M","R","M","M","T","M","M"],"character_chosen":"IRONCLAD","items_purchased":["SteroidPotion","Fire Potion","Corruption"],"campfire_rested":3,"item_purchase_floors":[2,2,21],"current_hp_per_floor":[57,57,57,62,62,52,77,70,70,70,63,63,56,50,75,75,83,51,51,51,51,39,64,47,41,41,23,0,0],"gold":87,"neow_bonus":"BOSS_RELIC","is_daily":false,"chose_seed":false,"campfire_upgraded":0,"win_rate":0.0,"timestamp":1613196986,"path_taken":["M","$","?","?","?","E","R","?","T","M","M","?","?","M","R","BOSS","M","?","?","?","M","R","M","M","T","M","?"],"items_purchased_type":["Potion","Potion","Card"],"build_version":"2020-12-22","purchased_purges":0,"victory":false,"max_hp_per_floor":[80,80,80,85,85,85,85,85,85,85,85,85,85,85,85,85,85,85,85,85,85,85,85,85,85,85,85,85,85],"card_choices":[{"not_picked":["Anger","Uppercut"],"picked":"Whirlwind","floor":1.0},{"not_picked":["Infernal Blade","Clash"],"picked":"Ghostly Armor","floor":6.0},{"not_picked":["Headbutt","Anger"],"picked":"Second Wind","floor":8.0},{"not_picked":["Clothesline","Iron Wave","Ghostly Armor"],"picked":"SKIP","floor":10.0},{"not_picked":["Spot Weakness","Clash"],"picked":"Inflame","floor":11.0},{"not_picked":["Wild Strike","Bloodletting","Second Wind"],"picked":"SKIP","floor":12.0},{"not_picked":["Sever Soul","Dark Embrace"],"picked":"Spot Weakness","floor":14.0},{"not_picked":["Barricade","Exhume"],"picked":"Demon Form","floor":16.0},{"not_picked":["Wild Strike","Iron Wave+1"],"picked":"Cleave","floor":18.0},{"not_picked":["Feel No Pain","Bloodletting","Clash"],"picked":"SKIP","floor":22},{"not_picked":["Iron Wave+1","Warcry","Fire Breathing"],"picked":"SKIP","floor":24},{"not_picked":["Perfected Strike+1","Body Slam+1"],"picked":"Infernal Blade","floor":25},{"not_picked":["Rampage","Clothesline"],"picked":"Flame Barrier","floor":27}],"player_experience":328128,"relics_obtained":[{"floor":6.0,"key":"Orichalcum"},{"floor":9.0,"key":"Happy Flower"},{"floor":17.0,"key":"War Paint"},{"floor":17.0,"key":"Letter Opener"},{"floor":17.0,"key":"Champion Belt"},{"floor":26,"key":"Singing Bowl"},{"floor":26,"key":"StrikeDummy"}],"event_choices":[{"damage_healed":0.0,"max_hp_gain":0.0,"max_hp_loss":0.0,"gold_gain":0.0,"event_name":"Living Wall","player_choice":"Grow","floor":3.0,"gold_loss":0.0,"damage_taken":0.0,"cards_upgraded":["Whirlwind"]},{"damage_healed":0.0,"max_hp_gain":5.0,"max_hp_loss":0.0,"gold_gain":0.0,"event_name":"Big Fish","player_choice":"Donut","floor":4.0,"gold_loss":0.0,"damage_taken":0.0},{"damage_healed":0.0,"max_hp_gain":0.0,"max_hp_loss":0.0,"gold_gain":0.0,"event_name":"Golden Idol","player_choice":"Ignored","floor":5.0,"gold_loss":0.0,"damage_taken":0.0},{"damage_healed":0.0,"max_hp_gain":0.0,"max_hp_loss":0.0,"gold_gain":0.0,"event_name":"Scrap Ooze","player_choice":"Success","floor":13.0,"gold_loss":0.0,"damage_taken":7.0,"relics_obtained":["Matryoshka"]},{"cards_removed":["Strike_R"],"damage_healed":0.0,"max_hp_gain":0.0,"max_hp_loss":0.0,"gold_gain":0.0,"event_name":"Beggar","player_choice":"Gave Gold","floor":19.0,"gold_loss":75.0,"damage_taken":0.0},{"cards_removed":["Defend_R"],"damage_healed":0.0,"max_hp_gain":0.0,"max_hp_loss":0.0,"gold_gain":0.0,"event_name":"Back to Basics","player_choice":"Elegance","floor":20.0,"gold_loss":0.0,"damage_taken":0.0}],"is_beta":false,"boss_relics":[{"not_picked":["Busted Crown","SacredBark"],"picked":"Calling Bell"}],"items_purged_floors":[],"is_endless":false,"potions_floor_spawned":[1,6,12,22,24],"killed_by":"Snake Plant","ascension_level":7}}