{"host":"7jxhn92mkgyil7o5","time":1613237323,"event":{"mods":["BaseMod","Colored Map","Colored Powertips","Friendly Minions","Hermit","Kiyohime????","Marisa????????","Minty Spire (QoL Compilation)","Permanent Neow","StSLib","The Cursed","The Disciple","The Hierophant","The Poker Player","The Runesmith"],"gold_per_floor":[410,0,19,19,34,62,73,73,100,72,116,128,150,187,199,285,297,326,338,350,362,374,386,432,444,456,468,513,6,6,32,32,106,106,123,168,186,186,206,206,223,250,302,333,333,333,362,127,127,127,127,127,127,42,70,70],"floor_reached":57,"language":"ENG","playtime":4719,"items_purged":["Defend_G+1"],"score":3130,"play_id":"ba6e5f74-571e-4e64-8145-472c1562083c","local_time":"20210213182843","is_ascension_mode":true,"campfire_choices":[{"floor":8.0,"key":"REST"},{"data":"Neutralize","floor":15.0,"key":"SMITH"},{"data":"Burst","floor":23.0,"key":"SMITH"},{"data":"Blade Dance","floor":25.0,"key":"SMITH"},{"data":"Accuracy","floor":27.0,"key":"SMITH"},{"data":"Wraith Form v2","floor":32.0,"key":"SMITH"},{"floor":40,"key":"RECALL"},{"data":"Well Laid Plans","floor":49,"key":"SMITH"},{"data":"Envenom","floor":53,"key":"SMITH"}],"circlet_count":0,"master_deck":["AscendersBane","Strike_G+1","Strike_G+1","Strike_G+1","Strike_G+1","Defend_G+1","Defend_G+1","Defend_G+1","Defend_G+1","Survivor","Neutralize+1","Calculated Gamble","Infinite Blades","Crippling Poison","All Out Attack","Venomology","Bouncing Flask","Wraith Form v2+1","Accuracy+1","Burst+1","Blade Dance+1","Acrobatics","Ghostly","Ghostly","Ghostly","Setup","Wraith Form v2+1","Well Laid Plans+1","Bandage Up","Malaise","PiercingWail","Predator+1","PiercingWail","Acrobatics","PiercingWail","Acrobatics","Footwork","Cloak And Dagger+1","Envenom+1","Calculated Gamble+1"],"relics":["Ring of the Snake","Old Coin","Meat on the Bone","Bag of Marbles","MawBank","Tiny Chest","Prayer Wheel","SlaversCollar","Nilry\u0027s Codex","FossilizedHelix","Juzu Bracelet","Art of War","Gremlin Horn","Shuriken","Orichalcum","Potion Belt","Coffee Dripper","Ginger","White Beast Statue","Omamori","Snake Skull","Ornamental Fan","Medical Kit","Bird Faced Urn"],"acts_visited":["Exordium","TheCity","TheBeyond","TheEnding"],"potions_floor_usage":[35,36,36,36,36,37,42,44,44,47,47,50,50,50,50,51,56,56,56],"damage_taken":[{"damage":7.0,"enemies":"Small Slimes","floor":1.0,"turns":7.0},{"damage":0.0,"enemies":"2 Louse","floor":3.0,"turns":4.0},{"damage":2.0,"enemies":"Jaw Worm","floor":5.0,"turns":6.0},{"damage":36.0,"enemies":"Lagavulin","floor":6.0,"turns":11.0},{"damage":12.0,"enemies":"3 Louse","floor":7.0,"turns":3.0},{"damage":0.0,"enemies":"Looter","floor":10.0,"turns":4.0},{"damage":29.0,"enemies":"Gremlin Nob","floor":11.0,"turns":4.0},{"damage":0.0,"enemies":"Lots of Slimes","floor":13.0,"turns":1.0},{"damage":11.0,"enemies":"Lagavulin","floor":14.0,"turns":8.0},{"damage":24.0,"enemies":"Hexaghost","floor":16.0,"turns":9.0},{"damage":28.0,"enemies":"Shell Parasite","floor":18.0,"turns":7.0},{"damage":0.0,"enemies":"Book of Stabbing","floor":24.0,"turns":3.0},{"damage":5.0,"enemies":"Gremlin Leader","floor":28.0,"turns":8.0},{"damage":8,"enemies":"Automaton","floor":33,"turns":10},{"damage":1,"enemies":"3 Shapes","floor":35,"turns":5},{"damage":11,"enemies":"2 Orb Walkers","floor":36,"turns":5},{"damage":0,"enemies":"Orb Walker","floor":37,"turns":5},{"damage":0,"enemies":"Transient","floor":39,"turns":6},{"damage":0,"enemies":"Sphere and 2 Shapes","floor":41,"turns":6},{"damage":0,"enemies":"Nemesis","floor":42,"turns":11},{"damage":0,"enemies":"Giant Head","floor":44,"turns":8},{"damage":0,"enemies":"Reptomancer","floor":47,"turns":7},{"damage":0,"enemies":"Donu and Deca","floor":50,"turns":11},{"damage":0,"enemies":"Time Eater","floor":51,"turns":13},{"damage":8,"enemies":"Shield and Spear","floor":55,"turns":9},{"damage":37,"enemies":"The Heart","floor":56,"turns":13}],"seed_played":"-1155254911715030080","potions_obtained":[{"floor":3.0,"key":"SpeedPotion"},{"floor":7.0,"key":"CultistPotion"},{"floor":13.0,"key":"Dexterity Potion"},{"floor":16.0,"key":"Strength Potion"},{"floor":18.0,"key":"DistilledChaos"},{"floor":33,"key":"SteroidPotion"},{"floor":36,"key":"Dexterity Potion"},{"floor":42,"key":"SkillPotion"},{"floor":44,"key":"Block Potion"},{"floor":47,"key":"BlessingOfTheForge"}],"is_trial":false,"path_per_floor":["M","$","M","?","M","E","M","R","T","M","E","?","M","E","R","B",null,"M","?","?","T","?","R","E","R","T","R","E","$","?","T","R","B",null,"M","?","M","?","M","R","M","E","T","E","?","T","E","$","R","B","B",null,"R","$","E","B",null],"character_chosen":"THE_SILENT","items_purchased":["Meat on the Bone","Infinite Blades","DuplicationPotion","Shuriken","Orichalcum","Well Laid Plans","Medical Kit","GamblersBrew"],"campfire_rested":1,"item_purchase_floors":[2,2,2,29,29,29,48,54],"current_hp_per_floor":[52,52,52,52,50,26,26,44,44,44,27,27,39,40,40,28,52,36,15,15,15,15,15,27,27,27,27,22,22,10,10,10,22,28,29,22,26,26,30,30,30,30,30,30,30,30,30,30,30,30,30,30,30,30,26,17],"gold":70,"neow_bonus":"ONE_RARE_RELIC","is_daily":false,"chose_seed":false,"campfire_upgraded":7,"win_rate":0.0,"timestamp":1613237323,"path_taken":["M","$","M","?","M","E","M","R","T","M","E","?","M","E","R","BOSS","M","?","?","?","?","R","E","R","T","R","E","?","?","?","R","BOSS","M","?","M","?","M","R","M","E","T","E","?","?","E","$","R","BOSS","BOSS","R","$","E","BOSS"],"items_purchased_type":["Relic","Card","Potion","Relic","Relic","Card","Relic","Potion"],"build_version":"2020-12-22","purchased_purges":1,"victory":true,"max_hp_per_floor":[60,60,60,60,60,60,60,60,60,60,60,60,60,60,60,60,60,60,60,60,60,30,30,30,30,30,30,30,30,30,30,30,30,30,30,30,30,30,30,30,30,30,30,30,30,30,30,30,30,30,30,30,30,30,30,30],"card_choices":[{"not_picked":["Outmaneuver","Dagger Throw"],"picked":"Calculated Gamble","floor":1.0},{"not_picked":["Flying Knee","Dagger Spray"],"picked":"Crippling Poison","floor":3.0},{"not_picked":["Poisoned Stab","Underhanded Strike"],"picked":"All Out Attack","floor":5.0},{"not_picked":["Acrobatics","Deflect"],"picked":"Venomology","floor":6.0},{"not_picked":["Flying Knee","Eviscerate","Deflect"],"picked":"SKIP","floor":7.0},{"not_picked":["Flying Knee","Eviscerate","Deflect"],"picked":"SKIP","floor":7.0},{"not_picked":["Underhanded Strike","Backflip"],"picked":"Bouncing Flask","floor":10.0},{"not_picked":["Infinite Blades","PiercingWail"],"picked":"Wraith Form v2","floor":11.0},{"not_picked":["Backstab","Quick Slash"],"picked":"Accuracy","floor":13.0},{"not_picked":["Terror","Deflect","Bane"],"picked":"SKIP","floor":14.0},{"not_picked":["Glass Knife","Unload"],"picked":"Burst","floor":16.0},{"not_picked":["Riddle With Holes","Dodge and Roll"],"picked":"Blade Dance","floor":18.0},{"not_picked":["Eviscerate","Quick Slash"],"picked":"Acrobatics","floor":18.0},{"not_picked":["Choke","Underhanded Strike+1"],"picked":"Setup","floor":24.0},{"not_picked":["Skewer","Setup"],"picked":"Wraith Form v2","floor":28.0},{"not_picked":["Envenom","Storm of Steel"],"picked":"Malaise","floor":33},{"not_picked":["Backflip+1","Outmaneuver"],"picked":"PiercingWail","floor":35},{"not_picked":["Caltrops","Quick Slash"],"picked":"Predator+1","floor":35},{"not_picked":["Slice","Calculated Gamble"],"picked":"PiercingWail","floor":36},{"not_picked":["Choke","Quick Slash"],"picked":"Acrobatics","floor":37},{"not_picked":["Prepared","Dagger Spray","Flechettes"],"picked":"SKIP","floor":37},{"not_picked":["Flying Knee","Reflex+1"],"picked":"PiercingWail","floor":39},{"not_picked":["Sucker Punch+1","Noxious Fumes"],"picked":"Acrobatics","floor":39},{"not_picked":["Dodge and Roll","Underhanded Strike"],"picked":"Footwork","floor":41},{"not_picked":["Escape Plan","Skewer","Dash"],"picked":"SKIP","floor":41},{"not_picked":["Bane","Backflip"],"picked":"Cloak And Dagger+1","floor":42},{"not_picked":["Predator","Quick Slash","Underhanded Strike"],"picked":"SKIP","floor":44},{"not_picked":["Outmaneuver","Deflect+1"],"picked":"Envenom","floor":47},{"not_picked":["Prepared","Dagger Spray"],"picked":"Calculated Gamble+1","floor":55}],"player_experience":2018862,"relics_obtained":[{"floor":6.0,"key":"Bag of Marbles"},{"floor":9.0,"key":"MawBank"},{"floor":11.0,"key":"Tiny Chest"},{"floor":14.0,"key":"Prayer Wheel"},{"floor":19.0,"key":"Nilry\u0027s Codex"},{"floor":21.0,"key":"FossilizedHelix"},{"floor":24.0,"key":"Juzu Bracelet"},{"floor":26.0,"key":"Art of War"},{"floor":28.0,"key":"Gremlin Horn"},{"floor":31.0,"key":"Potion Belt"},{"floor":36,"key":"Ginger"},{"floor":42,"key":"White Beast Statue"},{"floor":43,"key":"Omamori"},{"floor":44,"key":"Snake Skull"},{"floor":47,"key":"Ornamental Fan"},{"floor":55,"key":"Bird Faced Urn"}],"event_choices":[{"damage_healed":0.0,"max_hp_gain":0.0,"max_hp_loss":0.0,"gold_gain":0.0,"event_name":"Liars Game","player_choice":"Ignored","floor":4.0,"gold_loss":0.0,"damage_taken":0.0},{"damage_healed":0.0,"max_hp_gain":0.0,"max_hp_loss":0.0,"gold_gain":0.0,"event_name":"Living Wall","player_choice":"Grow","floor":12.0,"gold_loss":0.0,"damage_taken":0.0,"cards_upgraded":["Wraith Form v2"]},{"damage_healed":0.0,"max_hp_gain":0.0,"max_hp_loss":0.0,"gold_gain":0.0,"event_name":"Cursed Tome","player_choice":"Obtained Book","floor":19.0,"gold_loss":0.0,"damage_taken":21.0},{"damage_healed":0.0,"max_hp_gain":0.0,"max_hp_loss":0.0,"gold_gain":0.0,"event_name":"Back to Basics","player_choice":"Simplicity","floor":20.0,"gold_loss":0.0,"damage_taken":0.0,"cards_upgraded":["Strike_G","Strike_G","Strike_G","Strike_G","Strike_G","Defend_G","Defend_G","Defend_G","Defend_G","Defend_G"]},{"damage_healed":0.0,"max_hp_gain":0.0,"max_hp_loss":30.0,"gold_gain":0.0,"event_name":"Ghosts","player_choice":"Became a Ghost","floor":22.0,"gold_loss":0.0,"damage_taken":0.0,"cards_obtained":["Ghostly","Ghostly","Ghostly"]},{"damage_healed":0.0,"max_hp_gain":0.0,"max_hp_loss":0.0,"gold_gain":0.0,"event_name":"Knowing Skull","player_choice":"CARD ","floor":30.0,"potions_obtained":[],"gold_loss":0.0,"damage_taken":12.0,"cards_obtained":["Bandage Up"]},{"damage_healed":0,"gold_gain":0,"player_choice":"Fight","damage_taken":0,"max_hp_gain":0,"max_hp_loss":0,"event_name":"Mysterious Sphere","floor":36,"gold_loss":0},{"cards_removed":["Strike_G"],"damage_healed":0,"gold_gain":0,"player_choice":"Removed Attack","damage_taken":0,"max_hp_gain":0,"max_hp_loss":0,"event_name":"Falling","floor":38,"gold_loss":0},{"damage_healed":0,"gold_gain":0,"player_choice":"0 cards matched","damage_taken":0,"max_hp_gain":0,"max_hp_loss":0,"event_name":"Match and Keep!","floor":45,"gold_loss":0,"cards_obtained":[]}],"is_beta":false,"boss_relics":[{"not_picked":["Empty Cage","Cursed Key"],"picked":"SlaversCollar"},{"not_picked":["Runic Pyramid","Ring of the Serpent"],"picked":"Coffee Dripper"}],"items_purged_floors":[48],"is_endless":false,"potions_floor_spawned":[3,7,13,16,18,33,35,36,42,44,47,55],"ascension_level":20}}