{"host":"6ggzka4dag2kvku2","time":1613225856,"event":{"mods":["AchievementEnabler","BaseMod","DeckTracker","Minty Spire (QoL Compilation)","Permanent Neow","Quick Restart","SuperFastMode"],"gold_per_floor":[110,127,145,161,161,189,189,189,189,189,206,220,220,245,245,342,342,352,202,214,214,33,33,60,60,108,108,108,118,118,49,49,49,49],"floor_reached":33,"language":"KOR","playtime":5565,"items_purged":["Regret","Pain"],"score":328,"play_id":"6b63d827-279a-4365-b89f-e89170da4371","local_time":"20210213231736","is_ascension_mode":true,"campfire_choices":[{"data":"Electrodynamics","floor":7,"key":"SMITH"},{"data":"Dualcast","floor":10,"key":"SMITH"},{"floor":13,"key":"REST"},{"floor":15,"key":"REST"},{"data":"Defragment","floor":23,"key":"SMITH"},{"data":"Consume","floor":25,"key":"SMITH"},{"data":"Thunder Strike","floor":30,"key":"SMITH"},{"data":"Echo Form","floor":32,"key":"SMITH"}],"circlet_count":0,"master_deck":["Strike_B","Strike_B","Strike_B","Strike_B","Defend_B","Defend_B","Defend_B","Defend_B","Zap","Dualcast+1","Electrodynamics+1","Skim","Self Repair","Ball Lightning","Leap","Consume+1","Echo Form+1","Defragment+1","Thunder Strike+1","Go for the Eyes","Defragment+1","Stack+1","White Noise"],"relics":["Cracked Core","Nunchaku","Question Card","WarpedTongs","Omamori","Oddly Smooth Stone","Calling Bell","Bag of Marbles","Mummified Hand","Girya","Du-Vu Doll","Orichalcum","Pen Nib"],"acts_visited":["Exordium","TheCity"],"potions_floor_usage":[12,16,29,33],"damage_taken":[{"damage":2,"enemies":"Jaw Worm","floor":1,"turns":3},{"damage":1,"enemies":"2 Louse","floor":2,"turns":2},{"damage":1,"enemies":"Cultist","floor":3,"turns":3},{"damage":15,"enemies":"2 Fungi Beasts","floor":4,"turns":3},{"damage":25,"enemies":"3 Sentries","floor":6,"turns":3},{"damage":0,"enemies":"3 Louse","floor":11,"turns":1},{"damage":40,"enemies":"Exordium Thugs","floor":12,"turns":4},{"damage":17,"enemies":"Gremlin Nob","floor":14,"turns":3},{"damage":48,"enemies":"Slime Boss","floor":16,"turns":7},{"damage":25,"enemies":"Shell Parasite","floor":18,"turns":4},{"damage":0,"enemies":"Spheric Guardian","floor":20,"turns":3},{"damage":36,"enemies":"Book of Stabbing","floor":24,"turns":5},{"damage":0,"enemies":"3 Cultists","floor":29,"turns":2},{"damage":62,"enemies":"Champ","floor":33,"turns":6}],"seed_played":"-3589925257560920385","potions_obtained":[{"floor":1,"key":"GamblersBrew"},{"floor":4,"key":"Regen Potion"},{"floor":14,"key":"Regen Potion"},{"floor":16,"key":"PotionOfCapacity"},{"floor":18,"key":"Explosive Potion"}],"is_trial":false,"path_per_floor":["M","M","M","M","?","E","R","?","T","R","M","M","R","E","R","B",null,"M","$","M","?","$","R","E","R","T","?","?","M","R","$","R","B"],"character_chosen":"DEFECT","items_purchased":["Thunder Strike","Defragment","White Noise"],"campfire_rested":2,"item_purchase_floors":[19,22,31],"current_hp_per_floor":[66,65,64,49,49,24,24,24,24,24,31,13,33,16,36,3,68,57,57,64,64,64,64,35,35,35,35,35,45,45,45,45,0,0],"gold":49,"neow_bonus":"THREE_RARE_CARDS","is_daily":false,"chose_seed":false,"campfire_upgraded":6,"win_rate":0.0,"timestamp":1613225856,"path_taken":["M","M","M","M","?","E","R","?","T","R","M","M","R","E","R","BOSS","M","$","M","?","$","R","E","R","T","?","?","?","R","?","R","BOSS"],"items_purchased_type":["Card","Card","Card"],"build_version":"2020-12-22","purchased_purges":2,"victory":false,"max_hp_per_floor":[68,68,68,68,68,68,68,68,68,68,68,68,68,68,68,68,68,68,68,68,68,68,68,68,68,68,68,68,68,68,68,68,68,68],"card_choices":[{"not_picked":["Thunder Strike","Core Surge"],"picked":"Electrodynamics","floor":0},{"not_picked":["Reinforced Body","Leap","Doom and Gloom"],"picked":"SKIP","floor":1},{"not_picked":["Leap","Turbo"],"picked":"Skim","floor":2},{"not_picked":["Streamline","Turbo"],"picked":"Self Repair","floor":3},{"not_picked":["Sweeping Beam","Cold Snap"],"picked":"Ball Lightning","floor":4},{"not_picked":["Sunder","Rebound"],"picked":"Leap","floor":6},{"not_picked":["Redo","Loop","Reinforced Body"],"picked":"Consume","floor":11},{"not_picked":["Leap","Recycle","Sweeping Beam","Hello World"],"picked":"SKIP","floor":12},{"not_picked":["Hologram","Redo","Barrage","Ball Lightning"],"picked":"SKIP","floor":14},{"not_picked":["Creative AI","Machine Learning","Buffer"],"picked":"Echo Form","floor":16},{"not_picked":["Compile Driver","Redo","Go for the Eyes"],"picked":"Defragment","floor":18},{"not_picked":["Beam Cell","Blizzard","Streamline"],"picked":"Go for the Eyes","floor":20},{"not_picked":["Rebound","Reinforced Body","Lockon","Turbo"],"picked":"SKIP","floor":24},{"not_picked":["Skim","Steam","Rainbow"],"picked":"Stack+1","floor":29}],"player_experience":173191,"relics_obtained":[{"floor":6,"key":"Question Card"},{"floor":9,"key":"Omamori"},{"floor":14,"key":"Oddly Smooth Stone"},{"floor":17,"key":"Bag of Marbles"},{"floor":17,"key":"Mummified Hand"},{"floor":17,"key":"Girya"},{"floor":24,"key":"Orichalcum"},{"floor":26,"key":"Pen Nib"}],"event_choices":[{"damage_healed":0,"gold_gain":0,"player_choice":"Box","damage_taken":0,"relics_obtained":["Nunchaku"],"max_hp_gain":0,"max_hp_loss":0,"event_name":"Big Fish","floor":5,"gold_loss":0,"cards_obtained":["Regret"]},{"damage_healed":0,"gold_gain":0,"player_choice":"Rummage","damage_taken":0,"relics_obtained":["WarpedTongs"],"max_hp_gain":0,"max_hp_loss":0,"event_name":"Accursed Blacksmith","floor":8,"gold_loss":0,"cards_obtained":["Pain"]},{"damage_healed":0,"gold_gain":0,"player_choice":"Stole Relic","damage_taken":0,"relics_obtained":["Du-Vu Doll"],"max_hp_gain":0,"max_hp_loss":0,"event_name":"Addict","floor":21,"gold_loss":0,"cards_obtained":["Shame"]},{"damage_healed":0,"gold_gain":0,"player_choice":"Ignored","damage_taken":0,"max_hp_gain":0,"max_hp_loss":0,"event_name":"Vampires","floor":27,"gold_loss":0},{"damage_healed":0,"gold_gain":0,"player_choice":"Upgraded","damage_taken":0,"max_hp_gain":0,"max_hp_loss":0,"event_name":"Upgrade Shrine","floor":28,"gold_loss":0,"cards_upgraded":["Defragment"]}],"is_beta":false,"boss_relics":[{"not_picked":["Astrolabe","FrozenCore"],"picked":"Calling Bell"}],"items_purged_floors":[19,22],"is_endless":false,"potions_floor_spawned":[1,4,14,16,18],"killed_by":"Champ","ascension_level":4}}