{"host":"67z713vnjolu4670","time":1613208885,"event":{"mods":["Act Like it!","BaseMod","Colored Map","Colored Powertips","Downfall","Gensokyo","Highlight Path","Minty Spire (QoL Compilation)","Replay The Spire","StSLib","The Animator","The Jungle"],"gold_per_floor":[128,174,174,188,212,242,260,290,290,290,290],"floor_reached":10,"language":"ZHS","playtime":975,"items_purged":[],"score":70,"play_id":"f8bbf340-6091-4b05-8183-ebcce2703c09","local_time":"20210213173445","is_ascension_mode":false,"campfire_choices":[],"circlet_count":0,"master_deck":["animator:Defend_NoGameNoLife","animator:Strike","animator:Strike","animator:Defend","animator:Defend","animator:Defend","animator:DolaSchwi","animator:DolaCouronne","animator:DolaStephanie","Iron Wave","animator:ChlammyZell","animator:FielNirvalen","animator:DolaRiku","animator:Mitsurugi","animator:ElricAlphonse"],"relics":["animator:LivingPicture","animator:TheMissingPiece","NeowsBlessing","Bag of Marbles"],"acts_visited":["Exordium"],"potions_floor_usage":[6,8,10],"damage_taken":[{"damage":0.0,"enemies":"Jaw Worm","floor":1.0,"turns":1.0},{"damage":0,"enemies":"2 Louse","floor":4,"turns":1},{"damage":0,"enemies":"Cultist","floor":5,"turns":1},{"damage":19,"enemies":"Replay:BlueRogue","floor":6,"turns":4},{"damage":19,"enemies":"Lots of Slimes","floor":7,"turns":5},{"damage":4,"enemies":"Large Slime","floor":8,"turns":4},{"damage":27,"enemies":"Gremlin Nob","floor":10,"turns":4}],"seed_played":"-7558643041032604873","potions_obtained":[{"floor":1.0,"key":"Elixir"},{"floor":5,"key":"Death Potion"},{"floor":6,"key":"DistilledChaos"}],"is_trial":false,"path_per_floor":["M","?","?","M","M","E","M","M","T","E"],"character_chosen":"THE_ANIMATOR","items_purchased":[],"campfire_rested":0,"item_purchase_floors":[],"current_hp_per_floor":[66,66,66,67,67,49,30,26,26,0,0],"gold":290,"neow_bonus":"THREE_ENEMY_KILL","is_daily":false,"chose_seed":false,"campfire_upgraded":0,"win_rate":0.0,"timestamp":1613208885,"path_taken":["M","?","?","?","M","E","M","M","T","E"],"items_purchased_type":[],"build_version":"2020-12-22","purchased_purges":0,"victory":false,"max_hp_per_floor":[66,66,66,67,67,68,68,68,68,68,68],"card_choices":[{"not_picked":["animator:DwarfShaman","animator:Megumin"],"picked":"animator:DolaStephanie","floor":1.0},{"not_picked":["animator:Scar","animator:Priestess"],"picked":"animator:ChlammyZell","floor":4},{"not_picked":["animator:DolaCouronne","animator:Jibril"],"picked":"animator:FielNirvalen","floor":5},{"not_picked":["animator:FielNirvalen","animator:Jibril"],"picked":"animator:DolaRiku","floor":6},{"not_picked":["animator:MaesHughes","animator:Aqua"],"picked":"animator:Mitsurugi","floor":7},{"not_picked":["animator:Verdia","animator:Add"],"picked":"animator:ElricAlphonse","floor":8}],"player_experience":12286,"relics_obtained":[{"floor":6,"key":"Bag of Marbles"}],"event_choices":[{"cards_removed":["animator:Strike"],"damage_healed":0.0,"max_hp_gain":0.0,"max_hp_loss":0.0,"gold_gain":0.0,"event_name":"NoteForYourself","player_choice":"Took Card","floor":3.0,"gold_loss":0.0,"damage_taken":0.0,"cards_obtained":["Iron Wave"]}],"is_beta":false,"boss_relics":[],"items_purged_floors":[],"is_endless":false,"potions_floor_spawned":[1,5,6],"killed_by":"Gremlin Nob","ascension_level":0}}