{"host":"Bilverbakes","time":1613242140,"event":{"mods":["2.2 Compatiblity","AchievementEnabler","BaseMod","Bestiary","Colored Map","Minty Spire (QoL Compilation)","Relic Stats","StSLib","ojb\u0027s Info Mod"],"gold_per_floor":[115,135,155,305,48,74,74,107,107,107,107,140,140,154,154,231,231,248,264,264,264,276,304,304,339,412,412,42,142,142,175,175,252,252,263,288,298,298,318,318,343,343,369,396,416,434,83,133,133,133,133,133,133,8,36,36],"floor_reached":57,"language":"ENG","playtime":3464,"items_purged":["Doubt","Strike_B","Strike_B"],"score":3018,"play_id":"9bbe7b21-1ee2-42fb-af5c-bfed091991b0","local_time":"20210213124900","is_ascension_mode":true,"campfire_choices":[{"floor":10.0,"key":"REST"},{"data":"Go for the Eyes","floor":13.0,"key":"SMITH"},{"data":"Sunder","floor":15.0,"key":"SMITH"},{"data":"Hyperbeam","floor":27.0,"key":"SMITH"},{"floor":30.0,"key":"REST"},{"floor":32.0,"key":"REST"},{"floor":40.0,"key":"RECALL"},{"data":"Zap","floor":49.0,"key":"PURGE"},{"data":"Dualcast","floor":53.0,"key":"PURGE"}],"circlet_count":0,"master_deck":["AscendersBane","Defend_B","Defend_B","Defend_B","Cold Snap","Go for the Eyes+1","Steam","Chill","Ball Lightning","Compile Driver","Sunder+1","Hyperbeam+1","Hologram+1","Hologram+1","Fission","Tempest","Rip and Tear","All For One","Beam Cell","Beam Cell+1","Hyperbeam","BootSequence+1","Sunder","Echo Form"],"relics":["SacredBark","Shuriken","Incense Burner","The Courier","Lantern","Snecko Eye","Mercury Hourglass","Torii","Letter Opener","Potion Belt","Happy Flower","Peace Pipe","White Beast Statue","Centennial Puzzle","SlaversCollar","Lizard Tail","StoneCalendar","DataDisk","StrikeDummy","ClockworkSouvenir","Bag of Preparation"],"acts_visited":["Exordium","TheCity","TheBeyond","TheEnding"],"potions_floor_usage":[56,56,56],"damage_taken":[{"damage":7.0,"enemies":"Small Slimes","floor":1.0,"turns":4.0},{"damage":4.0,"enemies":"2 Louse","floor":2.0,"turns":4.0},{"damage":0.0,"enemies":"Jaw Worm","floor":3.0,"turns":4.0},{"damage":13.0,"enemies":"Lagavulin","floor":6.0,"turns":8.0},{"damage":18.0,"enemies":"Gremlin Nob","floor":8.0,"turns":4.0},{"damage":12.0,"enemies":"3 Sentries","floor":12.0,"turns":9.0},{"damage":4.0,"enemies":"Exordium Thugs","floor":14.0,"turns":6.0},{"damage":0.0,"enemies":"Hexaghost","floor":16.0,"turns":11.0},{"damage":11.0,"enemies":"Shell Parasite","floor":18.0,"turns":6.0},{"damage":6.0,"enemies":"Spheric Guardian","floor":19.0,"turns":3.0},{"damage":0.0,"enemies":"Centurion and Healer","floor":22.0,"turns":6.0},{"damage":4.0,"enemies":"Book of Stabbing","floor":23.0,"turns":4.0},{"damage":0.0,"enemies":"Slavers","floor":25.0,"turns":1.0},{"damage":1.0,"enemies":"Colosseum Slavers","floor":29.0,"turns":3.0},{"damage":13.0,"enemies":"Colosseum Nobs","floor":29.0,"turns":4.0},{"damage":12.0,"enemies":"Gremlin Leader","floor":31.0,"turns":4.0},{"damage":35.0,"enemies":"Collector","floor":33.0,"turns":8.0},{"damage":1.0,"enemies":"3 Shapes","floor":35.0,"turns":1.0},{"damage":0.0,"enemies":"Mind Bloom Boss Battle","floor":36.0,"turns":2.0},{"damage":0.0,"enemies":"3 Darklings","floor":37.0,"turns":2.0},{"damage":0.0,"enemies":"Jaw Worm Horde","floor":39.0,"turns":2.0},{"damage":0.0,"enemies":"Giant Head","floor":41.0,"turns":3.0},{"damage":9.0,"enemies":"Nemesis","floor":44.0,"turns":5.0},{"damage":0.0,"enemies":"Transient","floor":45.0,"turns":4.0},{"damage":0.0,"enemies":"4 Shapes","floor":46.0,"turns":2.0},{"damage":1.0,"enemies":"Awakened One","floor":50.0,"turns":6.0},{"damage":6.0,"enemies":"Donu and Deca","floor":51.0,"turns":6.0},{"damage":59.0,"enemies":"Shield and Spear","floor":55.0,"turns":6.0},{"damage":59,"enemies":"The Heart","floor":56,"turns":5}],"seed_played":"-9121100409666492908","potions_obtained":[{"floor":1.0,"key":"EssenceOfSteel"},{"floor":6.0,"key":"PotionOfCapacity"},{"floor":12.0,"key":"EssenceOfSteel"},{"floor":16.0,"key":"Weak Potion"},{"floor":19.0,"key":"EssenceOfSteel"},{"floor":23.0,"key":"Block Potion"},{"floor":25.0,"key":"LiquidMemories"},{"floor":31.0,"key":"DistilledChaos"},{"floor":33.0,"key":"SpeedPotion"},{"floor":35.0,"key":"SpeedPotion"},{"floor":36.0,"key":"ColorlessPotion"},{"floor":37.0,"key":"Ancient Potion"},{"floor":39.0,"key":"Swift Potion"},{"floor":44.0,"key":"Dexterity Potion"},{"floor":46.0,"key":"LiquidMemories"},{"floor":55.0,"key":"Block Potion"}],"is_trial":false,"path_per_floor":["M","M","M","?","$","E","?","E","T","R","?","E","R","M","R","B",null,"M","M","?","T","M","E","?","E","T","R","$","?","R","E","R","B",null,"M","?","M","?","M","R","E","?","T","E","M","M","$","?","R","B","B",null,"R","$","E","B",null],"character_chosen":"DEFECT","items_purchased":["LiquidBronze","Chill","Ball Lightning","Potion Belt","Happy Flower","Beam Cell","ClockworkSouvenir","Echo Form","SteroidPotion","Energy Potion","Block Potion"],"campfire_rested":3,"item_purchase_floors":[5,5,5,28,28,28,47,47,54,54,54],"current_hp_per_floor":[57,53,53,53,53,40,33,15,15,36,41,29,29,25,25,25,63,52,46,46,46,46,42,20,20,20,20,20,6,30,18,42,7,63,62,62,62,62,62,62,62,62,62,53,53,53,53,53,53,52,46,72,72,72,13,25],"gold":36,"neow_bonus":"BOSS_RELIC","is_daily":false,"chose_seed":false,"campfire_upgraded":3,"win_rate":0.0,"timestamp":1613242140,"path_taken":["M","M","M","?","$","E","?","E","T","R","?","E","R","M","R","BOSS","M","M","?","?","?","E","?","E","T","R","$","?","R","E","R","BOSS","M","?","M","?","M","R","E","?","T","E","M","M","$","?","R","BOSS","BOSS","R","$","E","BOSS"],"items_purchased_type":["Potion","Card","Card","Relic","Relic","Card","Relic","Card","Potion","Potion","Potion"],"build_version":"2020-12-18","purchased_purges":3,"victory":true,"max_hp_per_floor":[71,71,71,71,71,71,71,71,71,71,76,76,76,76,76,76,76,76,76,76,76,76,76,81,81,81,81,81,81,81,81,81,81,81,81,81,81,81,81,81,81,81,81,81,81,81,81,81,81,81,81,81,81,81,81,81],"relic_stats":{"Torii":10,"Happy Flower":[21],"counters":[29,133],"StoneCalendar":[0],"Bag of Preparation":[2],"Letter Opener":[385],"Mercury Hourglass":[305],"Peace Pipe":2,"Centennial Puzzle":[21],"Lizard Tail":40,"Shuriken":[67],"Snecko Eye":[150,150,152,146],"obtain_stats":[{"Potion Belt":28,"Lantern":12,"Torii":23,"Happy Flower":28,"SacredBark":0,"StoneCalendar":41,"The Courier":9,"Incense Burner":8,"Bag of Preparation":55,"Letter Opener":25,"White Beast Statue":29,"Mercury Hourglass":21,"ClockworkSouvenir":47,"Peace Pipe":29,"SlaversCollar":34,"Centennial Puzzle":31,"Lizard Tail":36,"DataDisk":43,"Shuriken":6,"Snecko Eye":17,"Cracked Core":0,"StrikeDummy":44},{"Potion Belt":13,"Lantern":6,"Torii":12,"Happy Flower":13,"SacredBark":0,"StoneCalendar":22,"The Courier":5,"Incense Burner":5,"Bag of Preparation":28,"Letter Opener":13,"White Beast Statue":15,"Mercury Hourglass":10,"ClockworkSouvenir":25,"Peace Pipe":15,"SlaversCollar":17,"Centennial Puzzle":16,"Lizard Tail":19,"DataDisk":22,"Shuriken":4,"Snecko Eye":8,"Cracked Core":0,"StrikeDummy":23},{"Potion Belt":70,"Lantern":33,"Torii":69,"Happy Flower":70,"SacredBark":0,"StoneCalendar":99,"The Courier":24,"Incense Burner":24,"Bag of Preparation":128,"Letter Opener":70,"White Beast Statue":77,"Mercury Hourglass":59,"ClockworkSouvenir":110,"Peace Pipe":77,"SlaversCollar":89,"Centennial Puzzle":81,"Lizard Tail":92,"DataDisk":99,"Shuriken":20,"Snecko Eye":50,"Cracked Core":0,"StrikeDummy":104}]},"card_choices":[{"not_picked":["Loop","Gash"],"picked":"Cold Snap","floor":1.0},{"not_picked":["Hologram","White Noise"],"picked":"Go for the Eyes","floor":2.0},{"not_picked":["Scrape","Recycle"],"picked":"Steam","floor":3.0},{"not_picked":["Gash","Meteor Strike"],"picked":"Compile Driver","floor":6.0},{"not_picked":["Redo","Aggregate","Turbo"],"picked":"SKIP","floor":8.0},{"not_picked":["Conserve Battery","Gash"],"picked":"Auto Shields","floor":12.0},{"not_picked":["Cold Snap","Go for the Eyes"],"picked":"Sunder","floor":14.0},{"not_picked":["Rainbow","Creative AI"],"picked":"Hyperbeam","floor":16.0},{"not_picked":["Beam Cell","Cold Snap"],"picked":"Hologram+1","floor":18.0},{"not_picked":["Turbo","Cold Snap"],"picked":"Hologram+1","floor":19.0},{"not_picked":["Go for the Eyes","Rebound"],"picked":"Rip and Tear","floor":22.0},{"not_picked":["Turbo","Stack","Blizzard+1"],"picked":"SKIP","floor":23.0},{"not_picked":["Compile Driver","Aggregate+1"],"picked":"All For One","floor":25.0},{"not_picked":["Scrape","Hologram"],"picked":"Beam Cell+1","floor":31.0},{"not_picked":["Machine Learning","Amplify"],"picked":"Hyperbeam","floor":33.0},{"not_picked":["Steam","Chaos"],"picked":"BootSequence+1","floor":35.0},{"not_picked":["Sweeping Beam","White Noise","Gash"],"picked":"SKIP","floor":37.0},{"not_picked":["Gash+1","Compile Driver+1"],"picked":"Sunder","floor":39.0},{"not_picked":["Sweeping Beam","Barrage","Coolheaded"],"picked":"SKIP","floor":41.0},{"not_picked":["Coolheaded","Lockon","Storm"],"picked":"SKIP","floor":44.0},{"not_picked":["Coolheaded","Streamline","Chill+1"],"picked":"SKIP","floor":45.0},{"not_picked":["Beam Cell","Leap","Compile Driver"],"picked":"SKIP","floor":46.0},{"not_picked":["Electrodynamics","Cold Snap+1","Stack"],"picked":"SKIP","floor":55.0}],"player_experience":959775,"relics_obtained":[{"floor":6.0,"key":"Shuriken"},{"floor":8.0,"key":"Incense Burner"},{"floor":9.0,"key":"The Courier"},{"floor":12.0,"key":"Lantern"},{"floor":21.0,"key":"Mercury Hourglass"},{"floor":23.0,"key":"Torii"},{"floor":25.0,"key":"Letter Opener"},{"floor":29.0,"key":"Peace Pipe"},{"floor":29.0,"key":"White Beast Statue"},{"floor":31.0,"key":"Centennial Puzzle"},{"floor":36.0,"key":"Lizard Tail"},{"floor":41.0,"key":"StoneCalendar"},{"floor":43.0,"key":"DataDisk"},{"floor":44.0,"key":"StrikeDummy"},{"floor":55.0,"key":"Bag of Preparation"}],"event_choices":[{"damage_healed":0.0,"max_hp_gain":0.0,"max_hp_loss":0.0,"gold_gain":150.0,"event_name":"Liars Game","player_choice":"AGREE","floor":4.0,"gold_loss":0.0,"damage_taken":0.0,"cards_obtained":["Doubt"]},{"cards_removed":["Strike_B"],"damage_healed":0.0,"max_hp_gain":0.0,"max_hp_loss":0.0,"gold_gain":0.0,"event_name":"Golden Wing","player_choice":"Card Removal","floor":7.0,"gold_loss":0.0,"damage_taken":7.0},{"damage_healed":0.0,"max_hp_gain":5.0,"max_hp_loss":0.0,"gold_gain":0.0,"event_name":"Big Fish","player_choice":"Donut","floor":11.0,"gold_loss":0.0,"damage_taken":0.0},{"damage_healed":0.0,"max_hp_gain":0.0,"max_hp_loss":0.0,"gold_gain":0.0,"cards_transformed":["Strike_B","Defend_B"],"event_name":"Drug Dealer","player_choice":"Became Test Subject","floor":20.0,"gold_loss":0.0,"damage_taken":0.0,"cards_obtained":["Fission","Tempest"]},{"damage_healed":0.0,"max_hp_gain":5.0,"max_hp_loss":0.0,"gold_gain":0.0,"event_name":"Forgotten Altar","player_choice":"Shed Blood","floor":24.0,"gold_loss":0.0,"damage_taken":27.0},{"damage_healed":0.0,"max_hp_gain":0.0,"max_hp_loss":0.0,"gold_gain":0.0,"event_name":"Colosseum","player_choice":"Fight","floor":29.0,"gold_loss":0.0,"damage_taken":0.0},{"damage_healed":0.0,"max_hp_gain":0.0,"max_hp_loss":0.0,"gold_gain":0.0,"event_name":"Colosseum","player_choice":"Fought Nobs","floor":29.0,"gold_loss":0.0,"damage_taken":0.0},{"damage_healed":0.0,"max_hp_gain":0.0,"max_hp_loss":0.0,"gold_gain":0.0,"event_name":"MindBloom","player_choice":"Fight","floor":36.0,"gold_loss":0.0,"damage_taken":0.0},{"damage_healed":0.0,"max_hp_gain":0.0,"max_hp_loss":0.0,"gold_gain":0.0,"event_name":"SensoryStone","player_choice":"Memory 1","floor":38.0,"gold_loss":0.0,"damage_taken":0.0},{"cards_removed":["Auto Shields"],"damage_healed":0.0,"max_hp_gain":0.0,"max_hp_loss":0.0,"gold_gain":0.0,"event_name":"Falling","player_choice":"Removed Skill","floor":42.0,"gold_loss":0.0,"damage_taken":0.0},{"damage_healed":0.0,"max_hp_gain":0.0,"max_hp_loss":0.0,"gold_gain":50.0,"event_name":"Golden Shrine","player_choice":"Pray","floor":48.0,"gold_loss":0.0,"damage_taken":0.0}],"is_beta":true,"boss_relics":[{"not_picked":["Sozu","Coffee Dripper"],"picked":"Snecko Eye"},{"not_picked":["Velvet Choker","Inserter"],"picked":"SlaversCollar"}],"items_purged_floors":[5,28,47],"is_endless":false,"potions_floor_spawned":[1,6,12,14,16,19,23,25,31,33,35,36,37,39,41,44,45,46,55],"ascension_level":20}}