{"host":"5f3w3xqo483bhjcu","time":1613226429,"event":{"mods":["Act Like it!","BaseMod","KinomotoSakuraMod(ƒæ÷Æ±æ”£)","Koishi","Marisa£®ÏF”Í°°ƒß¿Ì…≥£©","Minty Spire (QoL Compilation)","Reimu£®≤©¿ˆ¡È√Œ£©","Remilia£®¿Ÿ√◊¿Ú—«£©","StSLib","The Servant 0.9.4","Waifu the Spire","WarShipGirlsR/’ΩΩ¢…Ÿ≈ÆR mod","Yakumo Yukari mod","Youmu£®ªÍ∆«—˝√Œ£©","Yuyuko","[IsaacMod]“‘»ˆº‚À˛","°æ“≈ŒÔø®≈∆°øREMEMod"],"gold_per_floor":[112,262,105,123,48,48,48,93,93,93,113,138,138,151,151,228,278,297,37,37,47,47,47,47,47],"floor_reached":24,"language":"ZHS","playtime":671,"items_purged":["Doubt"],"score":354,"play_id":"1e5a4ec5-08ef-403e-9b57-2fe0a93f22fe","local_time":"20210213222709","is_ascension_mode":true,"campfire_choices":[{"data":"REME_TheLastStrike","floor":6,"key":"SMITH"},{"floor":10,"key":"REST"},{"data":"Inflame","floor":13,"key":"SMITH"},{"floor":15,"key":"REST"},{"data":"BettingIsNotGood","floor":23,"key":"SMITH"}],"circlet_count":0,"master_deck":["AscendersBane","Strike_R","Strike_R","Strike_R","Strike_R","Defend_R","Defend_R","Defend_R","Bash","BettingIsNotGood+1","Flex+1","REME_TheLastStrike+1","Heavy Blade","Inflame+1","Burning Pact","Shrug It Off","Demon Form","Armaments","Shame","Warcry+1","CarveReality"],"relics":["Burning Blood","REME_ComplimentaryCards","HushsDoor","MaYiHuaBei","BookOfRevelations","REME_LimitBreaker","Letter Opener","Unceasing Top","Tiny House","Bottled Tornado","GnawedLeaf"],"acts_visited":["Exordium","TheCity"],"potions_floor_usage":[8,16,18,21],"damage_taken":[{"damage":7,"enemies":"2 Louse","floor":1,"turns":4},{"damage":8,"enemies":"Small Slimes","floor":4,"turns":2},{"damage":45,"enemies":"Gremlin Nob","floor":8,"turns":5},{"damage":1,"enemies":"Cultist","floor":11,"turns":3},{"damage":20,"enemies":"3 Sentries","floor":12,"turns":4},{"damage":16,"enemies":"Blue Slaver","floor":14,"turns":3},{"damage":35,"enemies":"The Guardian","floor":16,"turns":11},{"damage":5,"enemies":"3 Byrds","floor":18,"turns":3},{"damage":37,"enemies":"2 Thieves","floor":21,"turns":4},{"damage":45,"enemies":"Slavers","floor":24,"turns":2}],"seed_played":"1268444586380107577","potions_obtained":[{"floor":1,"key":"ColorlessPotion"},{"floor":11,"key":"SteroidPotion"},{"floor":16,"key":"SkillPotion"},{"floor":17,"key":"Fire Potion"}],"is_trial":false,"path_per_floor":["M","?","$","M","?","R","?","E","T","R","M","E","R","M","R","B",null,"M","$","?","M","?","R","E"],"character_chosen":"IRONCLAD","items_purchased":["REME_TheLastStrike","Bottled Tornado"],"campfire_rested":2,"item_purchase_floors":[3,19],"current_hp_per_floor":[67,67,67,65,65,65,50,11,11,33,43,29,29,24,46,17,66,67,67,67,41,41,41,0,0],"gold":47,"neow_bonus":"REMOVE_CARD","is_daily":false,"chose_seed":false,"campfire_upgraded":3,"win_rate":0.0,"timestamp":1613226429,"path_taken":["M","?","?","M","?","R","?","E","T","R","M","E","R","M","R","BOSS","M","$","?","M","?","R","E"],"items_purchased_type":["Card","Relic"],"build_version":"2020-12-22","purchased_purges":1,"victory":false,"max_hp_per_floor":[75,75,75,75,75,75,75,75,75,75,75,75,75,75,75,75,80,80,80,80,80,80,80,80,80],"card_choices":[{"not_picked":[],"picked":"BettingIsNotGood","floor":0},{"not_picked":["Twin Strike","Feel No Pain"],"picked":"Flex","floor":1},{"not_picked":["Cleave","Flex"],"picked":"Heavy Blade","floor":4},{"not_picked":["Havoc","Shrug It Off"],"picked":"Inflame","floor":8},{"not_picked":["Seeing Red","Wild Strike"],"picked":"Burning Pact","floor":11},{"not_picked":["Perfected Strike","Exhume","Anger"],"picked":"SKIP","floor":12},{"not_picked":["REME_Scribble","Perfected Strike"],"picked":"Shrug It Off","floor":14},{"not_picked":["Fiend Fire","Reaper"],"picked":"Demon Form","floor":16},{"not_picked":["Havoc","Clothesline"],"picked":"Armaments","floor":17},{"not_picked":["Perfected Strike","Heavy Blade","Pommel Strike"],"picked":"SKIP","floor":18},{"not_picked":["Clothesline","Body Slam"],"picked":"Warcry+1","floor":21}],"player_experience":403442,"relics_obtained":[{"floor":8,"key":"REME_LimitBreaker"},{"floor":9,"key":"Letter Opener"},{"floor":12,"key":"Unceasing Top"}],"event_choices":[{"damage_healed":0,"gold_gain":150,"player_choice":"AGREE","damage_taken":0,"max_hp_gain":0,"max_hp_loss":0,"event_name":"Liars Game","floor":2,"gold_loss":0,"cards_obtained":["Doubt"]},{"cards_removed":["Strike_R"],"damage_healed":0,"gold_gain":0,"player_choice":"Card Removal","damage_taken":0,"max_hp_gain":0,"max_hp_loss":0,"event_name":"The Cleric","floor":5,"gold_loss":75},{"damage_healed":0,"gold_gain":0,"player_choice":"Stole Relic","damage_taken":0,"relics_obtained":["GnawedLeaf"],"max_hp_gain":0,"max_hp_loss":0,"event_name":"Addict","floor":20,"gold_loss":0,"cards_obtained":["Shame"]}],"is_beta":false,"boss_relics":[{"not_picked":["Runic Pyramid","SacredBark"],"picked":"Tiny House"},{"not_picked":[]}],"items_purged_floors":[3],"is_endless":false,"potions_floor_spawned":[1,11,16],"killed_by":"Slavers","ascension_level":15}}