{"host":"1ftto2vaskemldx8","time":1613259500,"event":{"mods":["BaseMod","Minty Spire (QoL Compilation)","Replay The Spire","StSLib","Together in Spire","[功能]功能增强和修复MOD"],"gold_per_floor":[360,197,197,197,2,29,44,44,67,96,129,147,14,14,14,113,113,131,18,18,52,4,32,48,48,75,2,2,32,49,49,49,147,247,264,264,200,200,216,216,114,143,170,182,64,76,76,111,111,111],"floor_reached":51,"language":"ZHS","playtime":5098,"items_purged":["Strike_G","Defend_G","Strike_G","Defend_G","Strike_G","Strike_G"],"score":3771,"play_id":"9ba93024-57d1-4bb7-9e42-72eb3263b622","local_time":"20210214073820","is_ascension_mode":true,"campfire_choices":[{"data":"Pot Of Greed","floor":8,"key":"SMITH"},{"data":"Pot Of Greed","floor":15,"key":"SMITH"},{"floor":25,"key":"REST"},{"data":"Envenom","floor":32,"key":"SMITH"},{"data":"Mayhem","floor":40,"key":"SMITH"},{"data":"After Image","floor":47,"key":"SMITH"},{"floor":49,"key":"REST"}],"circlet_count":0,"master_deck":["Strike_G","Defend_G","Defend_G","Survivor","Neutralize+1","Backstab","Poisoned Strike","Bane","Dramatic Entrance+1","Pot Of Greed+1","Pot Of Greed+1","Jack Of All Trades","Sadistic Nature","Backflip","Deflect","Distraction","Deadly Poison","Replay:Poison Smokescreen","Masterful Stab","Pot Of Greed","Underhanded Strike","After Image+1","Dagger Throw","Outmaneuver","Envenom+1","Escape Plan","Infinite Blades","Endless Agony","Backflip","Terror+1","Deadly Poison","Pot Of Greed","Prepared","ReplayTheSpireMod:Private Reserves","ReplayTheSpireMod:From All Sides","Replay:Poison Smokescreen","After Image+1","Blade Dance+1","Mayhem+1","Dramatic Entrance","Hidden Blade","Finisher","Replay:Poison Smokescreen","Hidden Blade","Pot Of Greed","Chrysalis","Sneak Up+1","Choke+1","Riddle With Holes","Backflip","Outmaneuver","After Image","ReplayTheSpireMod:Speed Training"],"relics":["Ring of the Snake","Nunchaku","Basket Of Snakes","Gremlin Horn","Grinning Jar","Torii","Medical Kit","Happy Flower","Boot","Thread and Needle","White Beast Statue","Gremlin Food","WarpedTongs","SlaversCollar","InkBottle","Snake Skull","Mummified Hand","ReplayTheSpireMod:Shallot","Vajra","Replay:Accelerometer","Ancient Tea Set","Replay:Wanted Poster","Replay:Wax Seal","Oddly Smooth Stone","Sling","Whetstone","Counterbalance","Dream Catcher","Ornamental Fan","Garlic","Orichalcum"],"acts_visited":["Exordium","TheCity","TheBeyond"],"potions_floor_usage":[16,16,16,21,23,24,29,29,29,30,30,30,33,33,35,42,42,46,46,48,50,50],"damage_taken":[{"damage":1,"enemies":"Jaw Worm","floor":1,"turns":4},{"damage":10,"enemies":"Lagavulin","floor":6,"turns":5},{"damage":0,"enemies":"2 Louse","floor":7,"turns":1},{"damage":13,"enemies":"Gremlin Nob","floor":10,"turns":3},{"damage":0,"enemies":"Cultist","floor":11,"turns":3},{"damage":0,"enemies":"Gremlin Gang","floor":12,"turns":1},{"damage":3,"enemies":"Slime Boss","floor":16,"turns":5},{"damage":2,"enemies":"Shell Parasite","floor":18,"turns":3},{"damage":13,"enemies":"3 Byrds","floor":21,"turns":4},{"damage":0,"enemies":"Gremlin Leader","floor":23,"turns":2},{"damage":3,"enemies":"Snecko","floor":24,"turns":3},{"damage":0,"enemies":"Book of Stabbing","floor":29,"turns":2},{"damage":0,"enemies":"Snake Plant","floor":30,"turns":1},{"damage":0,"enemies":"Pondfish","floor":33,"turns":4},{"damage":0,"enemies":"3 Darklings","floor":35,"turns":2},{"damage":0,"enemies":"Orb Walker","floor":39,"turns":3},{"damage":0,"enemies":"R_Hoarder","floor":42,"turns":3},{"damage":0,"enemies":"Spire Growth","floor":44,"turns":3},{"damage":0,"enemies":"Transient","floor":46,"turns":5},{"damage":0,"enemies":"Nemesis","floor":48,"turns":2},{"damage":0,"enemies":"Replay:Hell Engine","floor":50,"turns":5}],"seed_played":"8259777038329343175","potions_obtained":[{"floor":6,"key":"SmokeBomb"},{"floor":10,"key":"FearPotion"},{"floor":11,"key":"Venom Potion"},{"floor":11,"key":"EssenceOfSteel"},{"floor":16,"key":"BlessingOfTheForge"},{"floor":16,"key":"FearPotion"},{"floor":18,"key":"Explosive Potion"},{"floor":18,"key":"EssenceOfSteel"},{"floor":21,"key":"DistilledChaos"},{"floor":21,"key":"ColorlessPotion"},{"floor":23,"key":"Reflective Coating"},{"floor":24,"key":"SteroidPotion"},{"floor":29,"key":"Reflective Coating"},{"floor":29,"key":"Adrenaline Potion"},{"floor":29,"key":"AttackPotion"},{"floor":30,"key":"Fruit Juice"},{"floor":30,"key":"Milkshake"},{"floor":33,"key":"Toxic Potion"},{"floor":33,"key":"SkillPotion"},{"floor":33,"key":"SpeedPotion"},{"floor":35,"key":"Languid Potion"},{"floor":39,"key":"PowerPotion"},{"floor":39,"key":"Poison Potion"},{"floor":42,"key":"ColorlessPotion"},{"floor":42,"key":"Doom Potion"},{"floor":44,"key":"Poison Potion"},{"floor":46,"key":"Block Potion"},{"floor":46,"key":"Swift Potion"},{"floor":48,"key":"Flashbang"}],"is_trial":false,"path_per_floor":["M","$","?","?","$","E","M","R","T","E","M","M","$","?","R","B",null,"M","$","?","M","$","E","M","R","T","$","?","E","M","?","R","B",null,"M","?","$","?","M","R","$","E","T","M","$","M","R","E","R","B",null],"character_chosen":"THE_SILENT","items_purchased":["Nunchaku","Basket Of Snakes","Poisoned Strike","Catalyst","Bane","Dramatic Entrance","Grinning Jar","Jack Of All Trades","Sadistic Nature","Torii","Backflip","Deflect","Medical Kit","White Beast Statue","Gremlin Food","After Image","Dagger Throw","Outmaneuver","InkBottle","Snake Skull","Infinite Blades","Endless Agony","Backflip","Mummified Hand","Replay:Accelerometer","ReplayTheSpireMod:Private Reserves","Replay:Wax Seal","Oddly Smooth Stone","Hidden Blade","Finisher","Sling","Whetstone","Hidden Blade","Chrysalis","Ornamental Fan","Riddle With Holes","Garlic","Backflip"],"campfire_rested":2,"item_purchase_floors":[2,2,2,2,2,2,5,5,5,5,5,5,5,13,13,13,13,13,19,19,19,19,19,22,27,27,37,37,37,37,41,41,41,41,45,45,45,45],"current_hp_per_floor":[62,62,62,62,62,52,52,52,52,39,39,39,39,39,39,36,63,61,61,50,37,37,37,34,54,54,54,54,54,59,59,59,59,73,73,68,68,68,68,68,68,68,68,68,68,68,68,68,73,73],"gold":111,"neow_bonus":"TWO_FIFTY_GOLD","is_daily":false,"chose_seed":false,"campfire_upgraded":5,"win_rate":0.0,"timestamp":1613259500,"path_taken":["M","$","?","?","$","E","?","R","T","E","?","M","$","?","R","BOSS","M","$","?","M","$","E","M","R","T","$","?","E","?","?","R","BOSS","M","?","$","?","M","R","$","E","T","M","$","M","R","E","R","BOSS"],"items_purchased_type":["Relic","Relic","Card","Card","Card","Card","Relic","Card","Card","Relic","Card","Card","Relic","Relic","Relic","Card","Card","Card","Relic","Relic","Card","Card","Card","Relic","Relic","Card","Relic","Relic","Card","Card","Relic","Relic","Card","Card","Relic","Card","Relic","Card"],"build_version":"2020-12-22","purchased_purges":6,"victory":true,"max_hp_per_floor":[63,63,63,63,63,63,63,63,63,63,63,63,63,63,63,63,63,63,63,68,68,68,68,68,68,68,68,68,68,73,73,73,73,73,73,73,73,73,73,73,73,73,73,73,73,73,73,73,73,73],"card_choices":[{"not_picked":["Dodge and Roll","Slice"],"picked":"Backstab","floor":1},{"not_picked":["Outmaneuver","Dodge and Roll"],"picked":"Distraction","floor":6},{"not_picked":["Dagger Throw","Blur"],"picked":"Deadly Poison","floor":7},{"not_picked":["Outmaneuver","Crippling Poison"],"picked":"Replay:Poison Smokescreen","floor":10},{"not_picked":["Heel Hook","Dodge and Roll"],"picked":"Masterful Stab","floor":11},{"not_picked":["ReplayTheSpireMod:Shiv Toss","Prepared"],"picked":"Underhanded Strike","floor":12},{"not_picked":["A Thousand Cuts","After Image"],"picked":"Envenom","floor":16},{"not_picked":["Dodge and Roll","Deflect+1"],"picked":"Escape Plan","floor":18},{"not_picked":["Predator","Underhanded Strike+1"],"picked":"Terror","floor":21},{"not_picked":["Backstab","Blade Dance"],"picked":"Deadly Poison","floor":23},{"not_picked":["Bane","Poisoned Stab"],"picked":"Prepared","floor":24},{"not_picked":["Sucker Punch","PiercingWail"],"picked":"ReplayTheSpireMod:From All Sides","floor":29},{"not_picked":["Tactician","Prepared"],"picked":"Replay:Poison Smokescreen","floor":30},{"not_picked":["Die Die Die","Night Terror"],"picked":"After Image","floor":33},{"not_picked":["Deflect+1","Underhanded Strike+1"],"picked":"Blade Dance+1","floor":35},{"not_picked":["HandOfGreedSenior","ReplayTheSpireMod:Trickstab"],"picked":"Mayhem","floor":36},{"not_picked":["Enlightenment","Mind Blast"],"picked":"Dramatic Entrance","floor":36},{"not_picked":["Underhanded Strike+1","Poisoned Stab"],"picked":"Replay:Poison Smokescreen","floor":39},{"not_picked":["PiercingWail","Dodge and Roll"],"picked":"Sneak Up+1","floor":42},{"not_picked":["Bane+1","Dagger Spray+1"],"picked":"Choke+1","floor":44},{"not_picked":["Slice","Deflect+1"],"picked":"Outmaneuver","floor":46},{"not_picked":["Flechettes","Dodge and Roll+1"],"picked":"After Image","floor":48},{"not_picked":["Slice+1","Dagger Spray+1"],"picked":"ReplayTheSpireMod:Speed Training","floor":49}],"player_experience":64153,"relics_obtained":[{"floor":6,"key":"Happy Flower"},{"floor":9,"key":"Boot"},{"floor":10,"key":"Thread and Needle"},{"floor":23,"key":"ReplayTheSpireMod:Shallot"},{"floor":26,"key":"Vajra"},{"floor":29,"key":"Ancient Tea Set"},{"floor":42,"key":"Counterbalance"},{"floor":43,"key":"Dream Catcher"},{"floor":48,"key":"Orichalcum"}],"event_choices":[{"damage_healed":0,"gold_gain":0,"player_choice":"Leave","damage_taken":0,"max_hp_gain":0,"max_hp_loss":0,"event_name":"The Cleric","floor":3,"gold_loss":0},{"cards_removed":["Catalyst"],"damage_healed":0,"gold_gain":0,"player_choice":"Gave Card","damage_taken":0,"relics_obtained":["Gremlin Horn"],"max_hp_gain":0,"max_hp_loss":0,"event_name":"WeMeetAgain","floor":4,"gold_loss":0},{"damage_healed":0,"gold_gain":0,"player_choice":"Rummage","damage_taken":0,"relics_obtained":["WarpedTongs"],"max_hp_gain":0,"max_hp_loss":0,"event_name":"Accursed Blacksmith","floor":14,"gold_loss":0,"cards_obtained":["Pain"]},{"damage_healed":0,"gold_gain":0,"player_choice":"Shed Blood","damage_taken":16,"max_hp_gain":5,"max_hp_loss":0,"event_name":"Forgotten Altar","floor":20,"gold_loss":0},{"cards_removed":["Defend_G"],"damage_healed":0,"gold_gain":0,"player_choice":"Card Removal","damage_taken":0,"max_hp_gain":0,"max_hp_loss":0,"event_name":"Wheel of Change","floor":28,"gold_loss":0},{"cards_removed":["Pain"],"damage_healed":0,"gold_gain":0,"player_choice":"Removed Curses","damage_taken":0,"max_hp_gain":0,"max_hp_loss":0,"event_name":"Fountain of Cleansing","floor":31,"gold_loss":0},{"damage_healed":0,"gold_gain":0,"player_choice":"Memory 2","damage_taken":5,"max_hp_gain":0,"max_hp_loss":0,"event_name":"SensoryStone","floor":36,"gold_loss":0},{"damage_healed":0,"gold_gain":0,"player_choice":"Ignored","damage_taken":0,"max_hp_gain":0,"max_hp_loss":0,"event_name":"Tomb of Lord Red Mask","floor":38,"gold_loss":0}],"is_beta":false,"boss_relics":[{"not_picked":["Black Star","Runic Pyramid"],"picked":"SlaversCollar"},{"not_picked":["Ring of Chaos","Kintsugi"],"picked":"Replay:Wanted Poster"}],"items_purged_floors":[13,13,13,13,27,37],"is_endless":false,"potions_floor_spawned":[6,10,11,11,12,16,16,18,18,21,21,23,23,23,23,24,24,29,29,29,29,30,30,33,33,33,35,35,39,39,42,42,44,44,44,46,46,48],"ascension_level":1}}