{"host":"baymyijz6sxaqj5s","time":1613213133,"event":{"mods":["AchievementEnabler","BaseMod","Colored Map","Colored Powertips","DeckTracker","Highlight Path","KOR Keyword Fix","Keyboard Shortcuts","Minty Spire (QoL Compilation)","StSLib","SuperFastMode","everything is the same but u backflip on backflip"],"gold_per_floor":[119,119,132,151,151,151,101,101,152,170,189,202,202,221,221,320,320,338,263,263,338,348,348,223,223,276,125,136,136,235,235,235,235,235],"floor_reached":33,"language":"KOR","playtime":728,"items_purged":["Strike_R"],"score":295,"play_id":"2a1a2c68-3299-47f3-adc7-92d16c8618bf","local_time":"20210213194533","is_ascension_mode":true,"campfire_choices":[{"data":"Body Slam","floor":6,"key":"SMITH"},{"data":"Armaments","floor":8,"key":"SMITH"},{"data":"Shrug It Off","floor":15,"key":"SMITH"},{"data":"Heavy Blade","floor":23,"key":"SMITH"},{"floor":32,"key":"REST"}],"circlet_count":0,"master_deck":["Strike_R","Strike_R","Strike_R","Defend_R","Defend_R","Defend_R","Defend_R","Bash","Body Slam+1","Shrug It Off+1","Armaments+1","Sword Boomerang+1","Whirlwind+1","Heavy Blade+1","Shrug It Off"],"relics":["Burning Blood","Red Skull","Sozu","PreservedInsect","Vajra","Dead Branch"],"acts_visited":["Exordium","TheCity"],"potions_floor_usage":[12,22,33],"damage_taken":[{"damage":5,"enemies":"Small Slimes","floor":1,"turns":4},{"damage":10,"enemies":"2 Louse","floor":3,"turns":3},{"damage":5,"enemies":"Cultist","floor":4,"turns":4},{"damage":1,"enemies":"Looter","floor":10,"turns":3},{"damage":2,"enemies":"3 Louse","floor":11,"turns":4},{"damage":0,"enemies":"2 Fungi Beasts","floor":12,"turns":2},{"damage":20,"enemies":"Large Slime","floor":14,"turns":6},{"damage":69,"enemies":"Hexaghost","floor":16,"turns":14},{"damage":3,"enemies":"Shell Parasite","floor":18,"turns":4},{"damage":26,"enemies":"3 Byrds","floor":22,"turns":4},{"damage":13,"enemies":"Centurion and Healer","floor":28,"turns":7},{"damage":85,"enemies":"Collector","floor":33,"turns":6}],"seed_played":"-8656086913097027772","potions_obtained":[{"floor":3,"key":"Regen Potion"},{"floor":4,"key":"SmokeBomb"},{"floor":11,"key":"SteroidPotion"},{"floor":16,"key":"DuplicationPotion"}],"is_trial":false,"path_per_floor":["M","?","M","M","?","R","$","R","T","M","M","M","?","M","R","B",null,"M","?","?","?","M","R","$","?","T","$","M","?","?","T","R","B"],"character_chosen":"IRONCLAD","items_purchased":["Armaments","Shrug It Off","Vajra"],"campfire_rested":1,"item_purchase_floors":[7,24,27],"current_hp_per_floor":[88,93,89,90,90,90,90,90,90,93,93,93,93,79,79,16,93,93,93,93,84,69,69,69,69,69,69,62,44,44,44,73,0,0],"gold":235,"neow_bonus":"TEN_PERCENT_HP_BONUS","is_daily":false,"chose_seed":false,"campfire_upgraded":4,"win_rate":0.0,"timestamp":1613213133,"path_taken":["M","?","M","M","?","R","$","R","T","M","M","M","?","M","R","BOSS","M","?","?","?","?","R","$","?","T","$","M","?","?","?","R","BOSS"],"items_purchased_type":["Card","Card","Relic"],"build_version":"2020-12-22","purchased_purges":1,"victory":false,"max_hp_per_floor":[88,93,93,93,93,93,93,93,93,93,93,93,93,93,93,93,93,93,93,93,93,93,93,93,93,93,93,93,98,98,98,98,98,98],"card_choices":[{"not_picked":["Twin Strike","Wild Strike","Power Through"],"picked":"SKIP","floor":1},{"not_picked":["Perfected Strike","Carnage"],"picked":"Body Slam","floor":3},{"not_picked":["Entrench","Rupture"],"picked":"Shrug It Off","floor":4},{"not_picked":["Twin Strike","Thunderclap","Warcry"],"picked":"SKIP","floor":10},{"not_picked":["Cleave","Wild Strike"],"picked":"Sword Boomerang","floor":11},{"not_picked":["True Grit","Perfected Strike","Cleave"],"picked":"SKIP","floor":12},{"not_picked":["Anger","Pummel","True Grit"],"picked":"SKIP","floor":14},{"not_picked":["Armaments","Iron Wave+1"],"picked":"Whirlwind+1","floor":18},{"not_picked":["Perfected Strike+1","Second Wind+1","Body Slam"],"picked":"SKIP","floor":22},{"not_picked":["Headbutt","Pommel Strike","True Grit"],"picked":"SKIP","floor":28}],"player_experience":89819,"relics_obtained":[{"floor":9,"key":"Red Skull"},{"floor":26,"key":"PreservedInsect"},{"floor":31,"key":"Dead Branch"}],"event_choices":[{"damage_healed":0,"gold_gain":0,"player_choice":"Donut","damage_taken":0,"max_hp_gain":5,"max_hp_loss":0,"event_name":"Big Fish","floor":2,"gold_loss":0},{"damage_healed":0,"gold_gain":0,"player_choice":"Ignored","damage_taken":0,"max_hp_gain":0,"max_hp_loss":0,"event_name":"Liars Game","floor":5,"gold_loss":0},{"damage_healed":0,"gold_gain":0,"player_choice":"Grow","damage_taken":0,"max_hp_gain":0,"max_hp_loss":0,"event_name":"Living Wall","floor":13,"gold_loss":0,"cards_upgraded":["Sword Boomerang"]},{"cards_removed":["Strike_R"],"damage_healed":0,"gold_gain":0,"player_choice":"Gave Gold","damage_taken":0,"max_hp_gain":0,"max_hp_loss":0,"event_name":"Beggar","floor":19,"gold_loss":75},{"damage_healed":0,"gold_gain":0,"player_choice":"Read","damage_taken":0,"max_hp_gain":0,"max_hp_loss":0,"event_name":"The Library","floor":20,"gold_loss":0,"cards_obtained":["Heavy Blade"]},{"damage_healed":0,"gold_gain":75,"player_choice":"Touch","damage_taken":9,"max_hp_gain":0,"max_hp_loss":0,"event_name":"FaceTrader","floor":21,"gold_loss":0},{"damage_healed":0,"gold_gain":0,"player_choice":"Ignored","damage_taken":0,"max_hp_gain":0,"max_hp_loss":0,"event_name":"Vampires","floor":25,"gold_loss":0},{"damage_healed":0,"gold_gain":0,"player_choice":"Shed Blood","damage_taken":23,"max_hp_gain":5,"max_hp_loss":0,"event_name":"Forgotten Altar","floor":29,"gold_loss":0},{"damage_healed":0,"gold_gain":99,"player_choice":"Stole From Cult","damage_taken":0,"max_hp_gain":0,"max_hp_loss":0,"event_name":"Nest","floor":30,"gold_loss":0}],"is_beta":false,"boss_relics":[{"not_picked":["SacredBark","Black Star"],"picked":"Sozu"}],"items_purged_floors":[24],"is_endless":false,"potions_floor_spawned":[3,4,11,16,18],"killed_by":"Collector","ascension_level":3}}