{"host":"42xf941fomyavgzy","time":1613215109,"event":{"mods":["Act Like it!","Astrologer","BaseMod","Colored Map","Minty Spire (QoL Compilation)","Shop Mod","StSLib","SuperFastMode","The Cursed"],"gold_per_floor":[18,38,38,52,52,52,67,91,91,41,141,176,176,214,214,344,344,359,382,382,401,7,35,35,52,52,72,72,97,97,47,47,151,151,170,184,203,203,203,203,228,238,238,238,256,270,98,148,148,148,148,148,22,48,48,48],"floor_reached":55,"language":"JPN","playtime":3354,"items_purged":["Strike_R","Strike_R"],"score":1033,"play_id":"f5f49ceb-c8f5-4ef5-9d41-da145a867281","local_time":"20210213201829","is_ascension_mode":true,"campfire_choices":[{"data":"Cleave","floor":6,"key":"SMITH"},{"data":"Inflame","floor":13,"key":"SMITH"},{"data":"Impervious","floor":15,"key":"SMITH"},{"floor":24,"key":"REST"},{"floor":30,"key":"REST"},{"floor":32,"key":"REST"},{"floor":40,"key":"RECALL"},{"floor":44,"key":"REST"},{"floor":49,"key":"REST"},{"floor":52,"key":"REST"}],"circlet_count":0,"master_deck":["Strike_R","Strike_R","Defend_R","Defend_R+1","Defend_R","Defend_R+1","Bash","Apotheosis+1","Heavy Blade","Reckless Charge","Cleave+1","Inflame+1","Impervious+1","Body Slam","Double Tap","Corruption","Headbutt+1","Rupture","Fiend Fire","Inflame","Entrench","Heavy Blade+1","Shockwave","Thunderclap","Barricade","Bloodletting","Body Slam+1","Inflame","Madness","Madness","Warcry+1","Disarm","Evolve","Pummel+1","Dark Embrace","Reaper","Fire Breathing","Shrug It Off"],"relics":["Burning Blood","Bloody Idol","Eternal Feather","War Paint","StrikeDummy","Fusion Hammer","Shuriken","Mercury Hourglass","Darkstone Periapt","Gremlin Horn","Snecko Eye","Strawberry","Incense Burner","Sundial"],"acts_visited":["Exordium","TheCity","TheBeyond","TheEnding"],"potions_floor_usage":[12,35,36,50,54,55],"damage_taken":[{"damage":7,"enemies":"2 Louse","floor":1,"turns":4},{"damage":6,"enemies":"Small Slimes","floor":2,"turns":5},{"damage":0,"enemies":"Cultist","floor":4,"turns":3},{"damage":7,"enemies":"2 Fungi Beasts","floor":7,"turns":4},{"damage":5,"enemies":"Blue Slaver","floor":8,"turns":4},{"damage":20,"enemies":"Lagavulin","floor":12,"turns":4},{"damage":10,"enemies":"3 Sentries","floor":14,"turns":4},{"damage":40,"enemies":"Hexaghost","floor":16,"turns":7},{"damage":4,"enemies":"Chosen","floor":18,"turns":4},{"damage":0,"enemies":"Spheric Guardian","floor":19,"turns":2},{"damage":8,"enemies":"Centurion and Healer","floor":21,"turns":6},{"damage":50,"enemies":"Book of Stabbing","floor":23,"turns":5},{"damage":24,"enemies":"Snake Plant","floor":25,"turns":3},{"damage":7,"enemies":"Cultist and Chosen","floor":27,"turns":4},{"damage":53,"enemies":"Slavers","floor":29,"turns":5},{"damage":34,"enemies":"Collector","floor":33,"turns":6},{"damage":11,"enemies":"Orb Walker","floor":35,"turns":2},{"damage":3,"enemies":"3 Shapes","floor":36,"turns":3},{"damage":0,"enemies":"Transient","floor":37,"turns":5},{"damage":0,"enemies":"Reptomancer","floor":41,"turns":2},{"damage":25,"enemies":"Maw","floor":42,"turns":5},{"damage":35,"enemies":"Sphere and 2 Shapes","floor":45,"turns":5},{"damage":0,"enemies":"Jaw Worm Horde","floor":46,"turns":3},{"damage":0,"enemies":"Mind Bloom Boss Battle","floor":48,"turns":3},{"damage":104,"enemies":"Awakened One","floor":50,"turns":9},{"damage":153,"enemies":"Shield and Spear","floor":54,"turns":8},{"damage":76,"enemies":"The Heart","floor":55,"turns":3}],"seed_played":"-234088687224435463","potions_obtained":[{"floor":2,"key":"DuplicationPotion"},{"floor":7,"key":"Ancient Potion"},{"floor":12,"key":"Ancient Potion"},{"floor":14,"key":"LiquidMemories"},{"floor":18,"key":"FairyPotion"},{"floor":35,"key":"PowerPotion"},{"floor":41,"key":"LiquidMemories"},{"floor":42,"key":"BloodPotion"}],"is_trial":false,"path_per_floor":["M","M","?","M","?","R","M","M","T","?","?","E","R","E","R","B",null,"M","M","?","M","$","E","R","M","T","M","?","E","R","$","R","B",null,"M","M","M","?","?","R","E","M","T","R","M","M","$","?","R","B",null,"R","$","E","B"],"character_chosen":"IRONCLAD","items_purchased":["Shuriken","Inflame","Thunderclap","Dark Embrace","Fire Breathing","Block Potion"],"campfire_rested":6,"item_purchase_floors":[22,22,31,47,53,53],"current_hp_per_floor":[71,71,71,77,57,57,56,57,57,57,57,43,52,48,57,23,66,68,74,74,77,77,38,74,61,61,65,65,23,59,59,80,57,74,74,80,80,80,70,80,87,73,73,87,63,74,74,85,87,23,71,87,87,29,0,0],"gold":48,"neow_bonus":"RANDOM_COLORLESS_2","is_daily":false,"chose_seed":false,"campfire_upgraded":3,"win_rate":0.0,"timestamp":1613215109,"path_taken":["M","M","?","M","?","R","M","M","T","?","?","E","R","E","R","BOSS","M","?","?","M","$","E","R","M","T","M","?","E","R","$","R","BOSS","M","M","M","?","?","R","E","M","T","R","M","M","$","?","R","BOSS","R","$","E","BOSS"],"items_purchased_type":["Relic","Card","Card","Card","Card","Potion"],"build_version":"2020-12-22","purchased_purges":2,"victory":false,"max_hp_per_floor":[80,80,80,80,80,80,80,80,80,80,80,80,80,80,80,80,80,80,80,80,80,80,80,80,80,80,80,80,80,80,80,80,80,80,80,80,80,80,80,80,87,87,87,87,87,87,87,87,87,87,87,87,87,87,87,87],"card_choices":[{"not_picked":["HandOfGreed","Master of Strategy"],"picked":"Apotheosis","floor":0},{"not_picked":["Dual Wield","Rupture"],"picked":"Heavy Blade","floor":1},{"not_picked":["Armaments","Headbutt"],"picked":"Reckless Charge","floor":2},{"not_picked":["Sword Boomerang","Burning Pact"],"picked":"Cleave","floor":4},{"not_picked":["Havoc","Intimidate"],"picked":"Inflame","floor":7},{"not_picked":["True Grit","Seeing Red"],"picked":"Impervious","floor":8},{"not_picked":["Warcry","Anger"],"picked":"Body Slam","floor":12},{"not_picked":["True Grit","Clothesline"],"picked":"Double Tap","floor":14},{"not_picked":["Double Tap","Brutality"],"picked":"Corruption","floor":16},{"not_picked":["Heavy Blade","Sword Boomerang+1"],"picked":"Headbutt+1","floor":18},{"not_picked":["Havoc","Heavy Blade"],"picked":"Rupture","floor":19},{"not_picked":["True Grit+1","Flex"],"picked":"Fiend Fire","floor":21},{"not_picked":["True Grit","Warcry+1"],"picked":"Entrench","floor":23},{"not_picked":["Clash","Headbutt"],"picked":"Heavy Blade+1","floor":25},{"not_picked":["Anger","Clothesline+1"],"picked":"Shockwave","floor":27},{"not_picked":["Sentinel","Warcry","Anger"],"picked":"SKIP","floor":29},{"not_picked":["Fiend Fire","Offering"],"picked":"Barricade","floor":33},{"not_picked":["Twin Strike+1","Ghostly Armor"],"picked":"Bloodletting","floor":35},{"not_picked":["Wild Strike+1","Perfected Strike"],"picked":"Body Slam+1","floor":36},{"not_picked":["Infernal Blade","Fire Breathing+1"],"picked":"Inflame","floor":37},{"not_picked":["Iron Wave","Heavy Blade"],"picked":"Warcry+1","floor":41},{"not_picked":["Twin Strike","Clash+1"],"picked":"Disarm","floor":42},{"not_picked":["Rampage","Heavy Blade"],"picked":"Evolve","floor":45},{"not_picked":["Dark Embrace+1","True Grit"],"picked":"Pummel+1","floor":46},{"not_picked":["Clash","Anger+1"],"picked":"Reaper","floor":48},{"not_picked":["Rampage+1","Hemokinesis"],"picked":"Shrug It Off","floor":54}],"player_experience":480371,"relics_obtained":[{"floor":9,"key":"Eternal Feather"},{"floor":12,"key":"War Paint"},{"floor":14,"key":"StrikeDummy"},{"floor":23,"key":"Mercury Hourglass"},{"floor":26,"key":"Darkstone Periapt"},{"floor":29,"key":"Gremlin Horn"},{"floor":41,"key":"Strawberry"},{"floor":48,"key":"Incense Burner"},{"floor":54,"key":"Sundial"}],"event_choices":[{"damage_healed":0,"gold_gain":0,"player_choice":"Grow","damage_taken":0,"max_hp_gain":0,"max_hp_loss":0,"event_name":"Living Wall","floor":3,"gold_loss":0,"cards_upgraded":["Apotheosis"]},{"damage_healed":0,"gold_gain":0,"player_choice":"Take Damage","damage_taken":20,"relics_obtained":["Golden Idol"],"max_hp_gain":0,"max_hp_loss":0,"event_name":"Golden Idol","floor":5,"gold_loss":0},{"cards_removed":["Strike_R"],"damage_healed":0,"gold_gain":0,"player_choice":"Card Removal","damage_taken":0,"max_hp_gain":0,"max_hp_loss":0,"event_name":"The Cleric","floor":10,"gold_loss":50},{"damage_healed":0,"gold_gain":100,"player_choice":"Pray","damage_taken":0,"max_hp_gain":0,"max_hp_loss":0,"event_name":"Golden Shrine","floor":11,"gold_loss":0},{"damage_healed":0,"gold_gain":0,"player_choice":"Gave Idol","damage_taken":0,"relics_obtained":["Bloody Idol"],"max_hp_gain":0,"max_hp_loss":0,"event_name":"Forgotten Altar","floor":20,"relics_lost":["Golden Idol"],"gold_loss":0},{"damage_healed":0,"gold_gain":0,"player_choice":"Ignored","damage_taken":0,"max_hp_gain":0,"max_hp_loss":0,"event_name":"Ghosts","floor":28,"gold_loss":0},{"damage_healed":0,"gold_gain":0,"player_choice":"Ignored","damage_taken":0,"max_hp_gain":0,"max_hp_loss":0,"event_name":"Tomb of Lord Red Mask","floor":38,"gold_loss":0},{"damage_healed":0,"gold_gain":0,"player_choice":"Embrace Madness","damage_taken":10,"max_hp_gain":0,"max_hp_loss":0,"event_name":"Winding Halls","floor":39,"gold_loss":0,"cards_obtained":["Madness","Madness"]},{"damage_healed":0,"gold_gain":0,"player_choice":"Fight","damage_taken":0,"max_hp_gain":0,"max_hp_loss":0,"event_name":"MindBloom","floor":48,"gold_loss":0}],"is_beta":false,"boss_relics":[{"not_picked":["Busted Crown","SlaversCollar"],"picked":"Fusion Hammer"},{"not_picked":["Empty Cage","Runic Dome"],"picked":"Snecko Eye"}],"items_purged_floors":[22,47],"is_endless":false,"potions_floor_spawned":[2,7,12,14,18,19,29,35,41,42,48,54],"killed_by":"The Heart","ascension_level":7}}