{"host":"3e3mwsgb9gfqiuxm","time":1613190946,"event":{"mods":["Act Like it!","BaseMod","Colored Map","Colored Powertips","Downfall","Gensokyo","Hermit","Hubris","Infinite Spire","Jorbs\u0027s Wanderer Trilogy","Koishi","Marisa????????","Minty Spire (QoL Compilation)","Quick Restart","Rare Cards Sparkle","Reimu??????","Remilia??????","Replay The Spire","Shop Mod","StSLib","SuperFastMode","Td1madao Mod","The Animator","The Bug Knight","The Cursed","The Hierophant","The Servant 0.9.4","everything is the same but u backflip on backflip","slay the spire mod where everything is the same but ironclad has a cowboy hat"],"gold_per_floor":[114,134,160,160,160,160,192,203,229,229,239,264,264,291,291,389,389,409,425,425,435,435,435,435,435,435,385,396,428,428,463,463,561,561,577,577,577,577,587,587,613,613,613,624,624,637,649,683,683,683,683,683,234,259,259],"floor_reached":56,"language":"ENG","playtime":2377,"items_purged":["Injury"],"score":1586,"play_id":"b2ace43e-6478-46f6-9ee5-c638b5592fb6","local_time":"20210212233546","is_ascension_mode":false,"campfire_choices":[{"data":"hubris:Fate","floor":6.0,"key":"SMITH"},{"data":"DependentForm:ReiMu","floor":13,"key":"SMITH"},{"floor":15,"key":"REST"},{"data":"infinitespire:Menacing","floor":23,"key":"SMITH"},{"data":"ReplayTheSpireMod:Book of Names","floor":25,"key":"SMITH"},{"data":"PrayRite:ReiMu","floor":32,"key":"SMITH"},{"data":"Stagnation:ReiMu","floor":40,"key":"SMITH"},{"data":"CleanRite:ReiMu","floor":42,"key":"SMITH"},{"floor":49,"key":"RECALL"},{"data":"UniversalSpiritual:ReiMu","floor":52,"key":"SMITH"}],"circlet_count":0,"master_deck":["Strike_Lin:ReiMu","Strike_Lin:ReiMu","Strike_Lin:ReiMu","Strike_Lin:ReiMu","Defend_Lin:ReiMu","Defend_Lin:ReiMu","Defend_Lin:ReiMu","Defend_Lin:ReiMu","NB:ReiMu","Stagnation:ReiMu+1","AirStrike:ReiMu","ForcedLanding:ReiMu","DependentForm:ReiMu+1","hubris:Fate+1","SealNeedle:ReiMu","Gathering:ReiMu","Conquer:ReiMu","Conquer:ReiMu","TakeOff:ReiMu","PrayRite:ReiMu+1","DoubleButterfly:ReiMu+1","Intuition:ReiMu+1","ManaGlint:ReiMu","ManaGlint:ReiMu","infinitespire:Menacing+1","ReplayTheSpireMod:Book of Names+1","Determination:ReiMu+1","Gensokyo:FourOfAKind","Gensokyo:FourOfAKind","Gensokyo:FourOfAKind","Gensokyo:FourOfAKind","YinYang:ReiMu+1","OrbThrow:ReiMu+1","OctopathSalyBorderN:ReiMu+1","CleanRite:ReiMu+1","UniversalSpiritual:ReiMu+1","AirStrike:ReiMu+1","TightArray:ReiMu+1","CareerPray:ReiMu","ReplayTheSpireMod:Necrogeddon+1","TightArray:ReiMu+1","OrbThrow:ReiMu+1","RainPray2:ReiMu","YinYangSange:ReiMu","EmergencyTakeOff:ReiMu+1"],"relics":["FlyPower:ReiMu","NeowsBlessing","Anchor","hubris:Towel","KaguraBell:ReiMu","RuthlessExorcism:ReiMu","hubris:Reverence","Blue Candle","FossilizedHelix","hubris:GrandSneckoEye","Mastiff:ReiMu","Molten Egg 2","StrikeDummy","Turnip","PreservedInsect","hubris:BlackHole","Pen Nib","Mirror","Gremlin Food"],"acts_visited":["Gensokyo:Gensokyo","Gensokyo:Gensokyoer","Gensokyo:Gensokyoest","TheEnding"],"potions_floor_usage":[19,19,50,55,55],"damage_taken":[{"damage":0.0,"enemies":"Gensokyo:Gryphon","floor":1.0,"turns":1.0},{"damage":0.0,"enemies":"Gensokyo:Python","floor":2.0,"turns":1.0},{"damage":0.0,"enemies":"Gensokyo:Cirno","floor":3.0,"turns":2.0},{"damage":28,"enemies":"Gensokyo:Cirno","floor":7,"turns":8},{"damage":0,"enemies":"Gensokyo:2_Kodama","floor":8,"turns":2},{"damage":0,"enemies":"Gensokyo:Gryphon_and_Rabbit","floor":11,"turns":4},{"damage":0,"enemies":"Gensokyo:Mamizou","floor":12,"turns":5},{"damage":20,"enemies":"Gensokyo:Yukari","floor":16,"turns":8},{"damage":4,"enemies":"Gensokyo:CosmicMonolith","floor":18,"turns":4},{"damage":0,"enemies":"Gensokyo:3_Dogs","floor":19,"turns":2},{"damage":7,"enemies":"Gensokyo:Chomper_and_Gloop","floor":21,"turns":4},{"damage":0,"enemies":"Gensokyo:3_Gloops","floor":28,"turns":2},{"damage":0,"enemies":"Gensokyo:Reisen","floor":29,"turns":6},{"damage":0,"enemies":"Gensokyo:Tenshi","floor":31,"turns":5},{"damage":22,"enemies":"Gensokyo:Eternal_Rivals","floor":33,"turns":8},{"damage":0,"enemies":"Gensokyo:AncientGuardian","floor":35,"turns":1},{"damage":0,"enemies":"Gensokyo:3_Bats","floor":39,"turns":3},{"damage":0,"enemies":"Gensokyo:Doremy","floor":41,"turns":2},{"damage":0,"enemies":"Gensokyo:Sharpion","floor":44,"turns":5},{"damage":0,"enemies":"Gensokyo:Rafflesia","floor":46,"turns":2},{"damage":0,"enemies":"Gensokyo:3_Boulders","floor":47,"turns":1},{"damage":0,"enemies":"Gensokyo:Marisa","floor":48,"turns":4},{"damage":0,"enemies":"Gensokyo:Yuyuko","floor":50,"turns":6},{"damage":46,"enemies":"Shield and Spear","floor":54,"turns":5},{"damage":0,"enemies":"The Heart","floor":55,"turns":6}],"seed_played":"5108883898995165115","potions_obtained":[{"floor":3.0,"key":"GrandPatriotsElixir:ReiMu"},{"floor":7,"key":"DuplicationPotion"},{"floor":11,"key":"SkillPotion"},{"floor":19,"key":"Fire Potion"},{"floor":29,"key":"PinkPotion:ReiMu"}],"is_trial":false,"path_per_floor":["M","M","?","?","?","R","E","M","T","?","M","E","R","?","R","B",null,"M","M","?","M","AVR","R","?","R","T","?","M","E","?","E","R","B",null,"M","?","AVR","?","M","R","E","R","T","M","?","M","M","E","R_BF","B",null,"R","$","E","B",null],"character_chosen":"REIMU","items_purchased":["ReplayTheSpireMod:Necrogeddon+1","ColorlessPotion","TightArray:ReiMu+1","OrbThrow:ReiMu+1","RainPray2:ReiMu","YinYangSange:ReiMu"],"campfire_rested":1,"item_purchase_floors":[53,53,53,53,53,53],"current_hp_per_floor":[65,65,65,65,48,48,20,20,20,20,35,35,35,9,28,8,65,61,61,61,54,54,54,54,54,54,61,61,67,47,47,47,25,47,47,47,47,47,47,47,47,47,47,47,47,47,47,47,47,47,47,47,47,1,1],"gold":259,"neow_bonus":"THREE_ENEMY_KILL","is_daily":false,"chose_seed":false,"campfire_upgraded":8,"win_rate":0.0,"timestamp":1613190946,"path_taken":["M","M","?","?","?","R","E","M","T","?","M","E","R","?","R","BOSS","M","M","?","M","AVR","R","?","R","T","?","M","E","?","E","R","BOSS","M","?","AVR","?","M","R","E","R","T","?","?","M","M","E","R_BF","BOSS","R","$","E","BOSS"],"items_purchased_type":["Card","Potion","Card","Card","Card","Card"],"build_version":"2020-12-22","purchased_purges":1,"victory":true,"max_hp_per_floor":[65,65,65,65,65,65,65,65,65,65,65,65,65,65,65,65,65,65,65,65,65,65,65,60,60,60,67,67,67,47,47,47,47,47,47,47,47,47,47,47,47,47,47,47,47,47,47,47,47,47,47,47,47,47,47],"card_choices":[{"not_picked":["WonderfulDomain:ReiMu","Amulet:ReiMu"],"picked":"AirStrike:ReiMu","floor":1.0},{"not_picked":["Enchanting:ReiMu","Amulet:ReiMu"],"picked":"ForcedLanding:ReiMu","floor":2.0},{"not_picked":["Intuition:ReiMu","SafetyPray:ReiMu"],"picked":"DependentForm:ReiMu","floor":3.0},{"not_picked":["Replay:Fractal Strike","ReplayTheSpireMod:Chaos Vortex"],"picked":"hubris:Fate","floor":5.0},{"not_picked":["WonderfulDomain:ReiMu","Intuition:ReiMu"],"picked":"SealNeedle:ReiMu","floor":7},{"not_picked":["LearningPray:ReiMu","AirStrike:ReiMu"],"picked":"Gathering:ReiMu","floor":8},{"not_picked":["Intuition:ReiMu","Revelation:ReiMu"],"picked":"Conquer:ReiMu","floor":11},{"not_picked":["AirStrike:ReiMu","DoubleButterfly:ReiMu"],"picked":"Conquer:ReiMu","floor":12},{"not_picked":["OrbThrow:ReiMu","PassingAway:ReiMu"],"picked":"TakeOff:ReiMu","floor":14},{"not_picked":["CleanRite:ReiMu","CardOfSanctity:ReiMu"],"picked":"PrayRite:ReiMu","floor":16},{"not_picked":["FantasyMoon:ReiMu","Enchanting:ReiMu"],"picked":"DoubleButterfly:ReiMu+1","floor":18},{"not_picked":["LovePray:ReiMu","RainPray2:ReiMu"],"picked":"Intuition:ReiMu+1","floor":19},{"not_picked":["CollectionFlower2:ReiMu","Intuition:ReiMu+1"],"picked":"ManaGlint:ReiMu","floor":21},{"not_picked":["EmergencyTakeOff:ReiMu","YinYangSange:ReiMu"],"picked":"Determination:ReiMu+1","floor":28},{"not_picked":["SubAcupoint:ReiMu+1","Gathering:ReiMu","MikOfLucky:ReiMu"],"picked":"SKIP","floor":29},{"not_picked":["EmergencyTakeOff:ReiMu","YinYangSange:ReiMu","Meditation:ReiMu"],"picked":"SKIP","floor":31},{"not_picked":["CleanRite:ReiMu","Determination:ReiMu+1"],"picked":"YinYang:ReiMu+1","floor":33},{"not_picked":["EmergencyTakeOff:ReiMu","YinYangSign:ReiMu+1"],"picked":"OrbThrow:ReiMu+1","floor":35},{"not_picked":["Intuition:ReiMu+1","ManaGlint:ReiMu+1"],"picked":"CleanRite:ReiMu","floor":39},{"not_picked":["CollectionFlower2:ReiMu","ManaGlint:ReiMu+1"],"picked":"UniversalSpiritual:ReiMu","floor":41},{"not_picked":["BarrageOfMoneybags:ReiMu+1","Intuition:ReiMu"],"picked":"AirStrike:ReiMu+1","floor":44},{"not_picked":["ManaGlint:ReiMu+1","AlertArray:ReiMu","CollectionFlower2:ReiMu+1"],"picked":"SKIP","floor":46},{"not_picked":["WonderfulDomain:ReiMu","SpreadBorder2:ReiMu+1"],"picked":"TightArray:ReiMu+1","floor":47},{"not_picked":["SpringWay:ReiMu","Revelation:ReiMu"],"picked":"CareerPray:ReiMu","floor":48},{"not_picked":["OrbThrow:ReiMu+1","YinYangSign:ReiMu+1"],"picked":"EmergencyTakeOff:ReiMu+1","floor":54}],"player_experience":1375734,"relics_obtained":[{"floor":3.0,"key":"Anchor"},{"floor":7,"key":"KaguraBell:ReiMu"},{"floor":9,"key":"RuthlessExorcism:ReiMu"},{"floor":12,"key":"Blue Candle"},{"floor":14,"key":"FossilizedHelix"},{"floor":26,"key":"StrikeDummy"},{"floor":29,"key":"Turnip"},{"floor":31,"key":"PreservedInsect"},{"floor":41,"key":"Pen Nib"},{"floor":48,"key":"Mirror"},{"floor":54,"key":"Gremlin Food"}],"event_choices":[],"is_beta":false,"boss_relics":[{"not_picked":["hubris:RunicObelisk","DonationBox:ReiMu"],"picked":"hubris:GrandSneckoEye"},{"not_picked":["ChewingGum","Replay:Ancient Bell"],"picked":"hubris:BlackHole"}],"items_purged_floors":[22],"is_endless":false,"potions_floor_spawned":[3,7,11,12,18,19,29,33,44,46,48],"ascension_level":0}}