{"host":"msmkw03x1o7nq45i","time":1613219817,"event":{"mods":["AchievementEnabler","BaseMod","Bestiary","Colored Powertips","GifTheSpireLib","Highlight Path","Minty Spire (QoL Compilation)","Random Character Button","Relic Stats","StSLib","everything is the same but u backflip on backflip"],"gold_per_floor":[126,154,154,187,257,257,300,334,334,36,63,87,87,140,140,240,240,259,286,295,314,343,343,385,408,408,436,436,436,480,514,514,514,514],"floor_reached":33,"language":"ENG","playtime":2454,"items_purged":[],"score":719,"play_id":"a503dfa6-1649-41c4-b95d-045f30cbca7c","local_time":"20210213143657","is_ascension_mode":true,"campfire_choices":[{"data":"Unload","floor":6,"key":"SMITH"},{"data":"Skewer","floor":13,"key":"SMITH"},{"data":"Catalyst","floor":15,"key":"SMITH"},{"data":"Skewer","floor":23,"key":"SMITH"},{"data":"Footwork","floor":29,"key":"SMITH"},{"data":"Terror","floor":32,"key":"SMITH"}],"circlet_count":0,"master_deck":["AscendersBane","Strike_G","Strike_G","Strike_G","Strike_G","Defend_G","Defend_G","Defend_G","Defend_G","Defend_G","Survivor","Neutralize+1","Sucker Punch","Unload+1","Poisoned Stab","Dagger Spray+1","Footwork+1","Skewer+1","Catalyst+1","Deflect","Envenom","Ghostly","Ghostly","Ghostly","Ghostly","Skewer+1","Malaise","Terror+1","Leg Sweep+1","Dodge and Roll"],"relics":["Ring of the Snake","CeramicFish","Golden Idol","Akabeko","Letter Opener","Chemical X","Whetstone","The Specimen","Coffee Dripper","Oddly Smooth Stone","Bottled Lightning","Dream Catcher"],"acts_visited":["Exordium","TheCity"],"potions_floor_usage":[7,14,16,18,30,33],"damage_taken":[{"damage":0,"enemies":"2 Louse","floor":1,"turns":3},{"damage":13,"enemies":"Jaw Worm","floor":2,"turns":6},{"damage":2,"enemies":"Cultist","floor":4,"turns":5},{"damage":28,"enemies":"3 Sentries","floor":7,"turns":11},{"damage":0,"enemies":"Large Slime","floor":8,"turns":3},{"damage":0,"enemies":"Red Slaver","floor":11,"turns":4},{"damage":0,"enemies":"Gremlin Nob","floor":14,"turns":2},{"damage":1,"enemies":"Hexaghost","floor":16,"turns":7},{"damage":5,"enemies":"3 Byrds","floor":18,"turns":4},{"damage":0,"enemies":"Spheric Guardian","floor":21,"turns":4},{"damage":0,"enemies":"3 Cultists","floor":22,"turns":5},{"damage":19,"enemies":"Gremlin Leader","floor":24,"turns":7},{"damage":1,"enemies":"Centurion and Healer","floor":25,"turns":5},{"damage":0,"enemies":"Chosen and Byrds","floor":27,"turns":4},{"damage":0,"enemies":"Slavers","floor":30,"turns":6},{"damage":0,"enemies":"Snake Plant","floor":31,"turns":1},{"damage":10,"enemies":"Champ","floor":33,"turns":8}],"seed_played":"-8783406392377423508","potions_obtained":[{"floor":2,"key":"Swift Potion"},{"floor":4,"key":"SpeedPotion"},{"floor":11,"key":"FearPotion"},{"floor":16,"key":"Swift Potion"},{"floor":18,"key":"Energy Potion"},{"floor":24,"key":"Weak Potion"},{"floor":30,"key":"ColorlessPotion"}],"is_trial":false,"path_per_floor":["M","M","?","M","?","R","E","M","T","$","M","T","R","E","R","B",null,"M","?","?","M","M","R","E","M","T","M","?","R","E","M","R","B"],"character_chosen":"THE_SILENT","items_purchased":["Chemical X","Skewer","Poison Potion"],"campfire_rested":0,"item_purchase_floors":[10,10,10],"current_hp_per_floor":[59,46,46,44,44,44,16,16,16,16,16,16,16,16,16,15,49,44,30,30,30,30,30,11,10,10,10,10,10,10,10,10,0,0],"gold":514,"neow_bonus":"RANDOM_COMMON_RELIC","is_daily":false,"chose_seed":false,"campfire_upgraded":6,"win_rate":0.0,"timestamp":1613219817,"path_taken":["M","M","?","M","?","R","E","?","T","$","M","?","R","E","R","BOSS","M","?","?","M","M","R","E","M","T","?","?","R","E","M","R","BOSS"],"items_purchased_type":["Relic","Card","Potion"],"build_version":"2020-12-22","purchased_purges":0,"victory":false,"max_hp_per_floor":[66,66,60,60,60,60,60,60,60,60,60,60,60,60,60,60,60,60,30,30,30,30,30,30,30,30,30,30,30,30,30,30,30,30],"relic_stats":{"Dream Catcher":0,"counters":[17,85],"Golden Idol":88,"CeramicFish":162,"Letter Opener":[88],"Chemical X":[25],"Whetstone":["Dagger Spray","Neutralize"],"obtain_stats":[{"Dream Catcher":30,"The Specimen":14,"Golden Idol":3,"CeramicFish":0,"Oddly Smooth Stone":24,"Coffee Dripper":17,"Letter Opener":9,"Chemical X":10,"Whetstone":12,"Bottled Lightning":26,"Akabeko":7,"Ring of the Snake":0},{"Dream Catcher":15,"The Specimen":7,"Golden Idol":2,"CeramicFish":0,"Oddly Smooth Stone":12,"Coffee Dripper":8,"Letter Opener":5,"Chemical X":5,"Whetstone":6,"Bottled Lightning":13,"Akabeko":4,"Ring of the Snake":0},{"Dream Catcher":76,"The Specimen":34,"Golden Idol":9,"CeramicFish":0,"Oddly Smooth Stone":61,"Coffee Dripper":41,"Letter Opener":28,"Chemical X":28,"Whetstone":32,"Bottled Lightning":66,"Akabeko":25,"Ring of the Snake":0}],"Ring of the Snake":[34]},"card_choices":[{"not_picked":["Underhanded Strike","Infinite Blades"],"picked":"Sucker Punch","floor":1},{"not_picked":["Bane","Dagger Throw"],"picked":"Unload","floor":2},{"not_picked":["Quick Slash","Cloak And Dagger"],"picked":"Poisoned Stab","floor":4},{"not_picked":["Slice","Envenom"],"picked":"Dagger Spray","floor":7},{"not_picked":["Sucker Punch","Backflip"],"picked":"Footwork","floor":8},{"not_picked":["Predator","Dagger Throw"],"picked":"Catalyst","floor":11},{"not_picked":["Caltrops","Dagger Spray"],"picked":"Deflect","floor":14},{"not_picked":["A Thousand Cuts","Glass Knife"],"picked":"Envenom","floor":16},{"not_picked":["Quick Slash","Poisoned Stab","Outmaneuver"],"picked":"SKIP","floor":18},{"not_picked":["Dagger Throw","Dagger Spray","Quick Slash"],"picked":"SKIP","floor":21},{"not_picked":["Dodge and Roll","Deflect"],"picked":"Skewer","floor":22},{"not_picked":["Quick Slash+1","Predator"],"picked":"Malaise","floor":24},{"not_picked":["Reflex","Dodge and Roll"],"picked":"Terror","floor":25},{"not_picked":["Blade Dance","Cloak And Dagger"],"picked":"Leg Sweep+1","floor":27},{"not_picked":["Endless Agony","Dagger Throw","Deadly Poison"],"picked":"SKIP","floor":30},{"not_picked":["Cloak And Dagger","Acrobatics"],"picked":"Dodge and Roll","floor":31}],"player_experience":541685,"relics_obtained":[{"floor":7,"key":"Akabeko"},{"floor":9,"key":"Letter Opener"},{"floor":12,"key":"Whetstone"},{"floor":14,"key":"The Specimen"},{"floor":24,"key":"Oddly Smooth Stone"},{"floor":26,"key":"Bottled Lightning"},{"floor":30,"key":"Dream Catcher"}],"event_choices":[{"damage_healed":0,"gold_gain":0,"player_choice":"Lose Max HP","damage_taken":0,"relics_obtained":["Golden Idol"],"max_hp_gain":0,"max_hp_loss":6,"event_name":"Golden Idol","floor":3,"gold_loss":0},{"damage_healed":0,"gold_gain":70,"player_choice":"Gained Gold","damage_taken":0,"max_hp_gain":0,"max_hp_loss":0,"event_name":"Golden Wing","floor":5,"gold_loss":0},{"damage_healed":0,"gold_gain":0,"player_choice":"Became a Ghost","damage_taken":0,"max_hp_gain":0,"max_hp_loss":30,"event_name":"Ghosts","floor":19,"gold_loss":0,"cards_obtained":["Ghostly","Ghostly","Ghostly"]},{"damage_healed":0,"gold_gain":0,"player_choice":"Copied","damage_taken":0,"max_hp_gain":0,"max_hp_loss":0,"event_name":"Duplicator","floor":20,"gold_loss":0,"cards_obtained":["Ghostly"]},{"cards_removed":["Strike_G"],"damage_healed":0,"gold_gain":0,"player_choice":"Purged","damage_taken":0,"max_hp_gain":0,"max_hp_loss":0,"event_name":"Purifier","floor":28,"gold_loss":0}],"is_beta":false,"boss_relics":[{"not_picked":["SlaversCollar","Runic Dome"],"picked":"Coffee Dripper"}],"items_purged_floors":[],"is_endless":false,"potions_floor_spawned":[2,4,11,16,18,24,30,31],"killed_by":"Champ","ascension_level":20}}