{"host":"onfdonezo2qmaex3","time":1613229400,"event":{"mods":["2.2 Compatiblity","AchievementEnabler","Act Like it!","Aspiration","BaseMod","Colored Powertips","Downfall","Friendly Minions","Gensokyo","Hallownest","Hermit","Highlight Path","Jorbs\u0027s Wanderer Trilogy","Marisa????????","Marked Mod","Minty Spire (QoL Compilation)","Quick Restart","Reliquary","Shop Mod","StSLib","The Disciple","The Hayseed","The Marked","The Runesmith"],"gold_per_floor":[110,110,120,120,120,120,139,171,171,187,187,214,27,46,46,46,46],"floor_reached":16,"language":"ENG","playtime":436,"items_purged":[],"score":124,"play_id":"0a397268-18d3-45be-a5a6-60262b6c2d03","local_time":"20210213161640","is_ascension_mode":true,"campfire_choices":[{"floor":6,"key":"RECALL"},{"floor":11,"key":"REST"},{"floor":15,"key":"REST"}],"circlet_count":0,"master_deck":["Strike_G","Strike_G","Defend_G","Defend_G","Defend_G","Defend_G","Defend_G","Neutralize","Deadly Poison+1","Gensokyo:MysteriousEgg","Gensokyo:BlemishedSteel"],"relics":["Ring of the Snake","NeowsBlessing","Gensokyo:Justice","reliquary:RoseTintedGlasses","Tough Bandages","aspiration:HiddenCompartment"],"acts_visited":["Gensokyo:Gensokyo"],"potions_floor_usage":[14,14],"damage_taken":[{"damage":0,"enemies":"Gensokyo:Gryphon","floor":1,"turns":1},{"damage":0,"enemies":"Gensokyo:Python","floor":3,"turns":1},{"damage":0,"enemies":"Gensokyo:2_Kodama","floor":7,"turns":1},{"damage":7,"enemies":"Gensokyo:Mamizou","floor":8,"turns":8},{"damage":0,"enemies":"Gensokyo:2_Rabbits","floor":10,"turns":5},{"damage":9,"enemies":"Gensokyo:Aya","floor":12,"turns":5},{"damage":2,"enemies":"Gensokyo:Kitsune","floor":14,"turns":3},{"damage":0,"enemies":"Gensokyo:Kokoro","floor":16,"turns":1}],"seed_played":"8119765266913107914","potions_obtained":[{"floor":1,"key":"CunningPotion"},{"floor":7,"key":"EntropicBrew"},{"floor":10,"key":"bronze:BurnAndBuffPotion"},{"floor":12,"key":"LiquidBronze"}],"is_trial":false,"path_per_floor":["M","?","M","?","?","R","M","E","T","M","R","E","COS","M","R","B"],"character_chosen":"THE_SILENT","items_purchased":[],"campfire_rested":2,"item_purchase_floors":[],"current_hp_per_floor":[70,42,42,42,42,42,42,35,35,35,56,47,47,45,66,66,66],"gold":46,"neow_bonus":"THREE_ENEMY_KILL","is_daily":false,"chose_seed":false,"campfire_upgraded":0,"win_rate":0.0,"timestamp":1613229400,"path_taken":["M","?","?","?","?","R","?","E","T","M","R","E","COS","M","R","BOSS"],"items_purchased_type":[],"build_version":"2020-12-22","purchased_purges":0,"victory":false,"max_hp_per_floor":[70,70,70,70,70,70,70,70,70,70,70,70,70,70,70,70,70],"card_choices":[{"not_picked":["Tactician","Quick Slash","PiercingWail"],"picked":"SKIP","floor":1},{"not_picked":["Dagger Spray","Eviscerate"],"picked":"Deadly Poison","floor":3},{"not_picked":["Blade Dance","Underhanded Strike","Deflect"],"picked":"SKIP","floor":7},{"not_picked":["Blade Dance","Outmaneuver","Dash"],"picked":"SKIP","floor":8},{"not_picked":["Backstab","Dodge and Roll","Cloak And Dagger"],"picked":"SKIP","floor":10},{"not_picked":["Prepared","Phantasmal Killer","Dodge and Roll"],"picked":"SKIP","floor":12},{"not_picked":["Reflex","Outmaneuver","Flechettes"],"picked":"SKIP","floor":14}],"player_experience":179567,"relics_obtained":[{"floor":8,"key":"reliquary:RoseTintedGlasses"},{"floor":12,"key":"Tough Bandages"}],"event_choices":[],"is_beta":false,"boss_relics":[],"items_purged_floors":[],"is_endless":false,"potions_floor_spawned":[1,7,10,12],"killed_by":"Gensokyo:Kokoro","ascension_level":3}}