{"host":"7j2n82b2zha9fuyn","time":1613197313,"event":{"mods":["BaseMod","Block Reminder","Minty Spire (QoL Compilation)","StSLib"],"gold_per_floor":[113,28,41,51,21,21,50,50,97,97,125,125,125,154,154,225,225,236,161,161,175,135,163,78,105,105,105,205,238,238,256,256,329,329,339,356,375,375,389,424,424,424],"floor_reached":41,"language":"ENG","playtime":3510,"items_purged":[],"score":1088,"play_id":"921601b0-6b79-4648-bfee-ac93aa36e3fe","local_time":"20210212232153","is_ascension_mode":true,"campfire_choices":[{"data":"Defragment","floor":6.0,"key":"SMITH"},{"data":"Electrodynamics","floor":10.0,"key":"SMITH"},{"data":"Beam Cell","floor":13.0,"key":"SMITH"},{"floor":15.0,"key":"REST"},{"floor":27,"key":"REST"},{"floor":30,"key":"REST"},{"floor":32,"key":"DIG"}],"circlet_count":0,"master_deck":["AscendersBane","Defend_B","Defend_B","Defend_B","Zap","Dualcast","Beam Cell+1","Defragment+1","Ball Lightning+1","Electrodynamics+1","Steam","Cold Snap+1","Ball Lightning","Buffer","Conserve Battery","Echo Form","Loop","Buffer","Scrape","Turbo+1","Steam","Undo+1","BootSequence","Cold Snap+1","Reinforced Body","Core Surge+1","Doom and Gloom+1","Barrage+1","Dark Shackles","Reboot"],"relics":["Cracked Core","Bag of Preparation","Whetstone","Juzu Bracelet","Dream Catcher","Fusion Hammer","Pear","Molten Egg 2","Blue Candle","WingedGreaves","Shovel","White Beast Statue","Centennial Puzzle","Bag of Marbles","Velvet Choker","Girya"],"acts_visited":["Exordium","TheCity","TheBeyond"],"potions_floor_usage":[25,29,33,35,40,41],"damage_taken":[{"damage":1.0,"enemies":"Cultist","floor":1.0,"turns":3.0},{"damage":4.0,"enemies":"Jaw Worm","floor":3.0,"turns":3.0},{"damage":0.0,"enemies":"2 Louse","floor":4.0,"turns":1.0},{"damage":24.0,"enemies":"Lagavulin","floor":7.0,"turns":5.0},{"damage":7.0,"enemies":"Gremlin Nob","floor":11.0,"turns":3.0},{"damage":19.0,"enemies":"Lagavulin","floor":14.0,"turns":4.0},{"damage":31.0,"enemies":"Hexaghost","floor":16.0,"turns":9.0},{"damage":11.0,"enemies":"Spheric Guardian","floor":18.0,"turns":3.0},{"damage":17.0,"enemies":"2 Thieves","floor":21.0,"turns":3.0},{"damage":16.0,"enemies":"Book of Stabbing","floor":23.0,"turns":5.0},{"damage":17,"enemies":"Slavers","floor":25,"turns":4},{"damage":5,"enemies":"Colosseum Slavers","floor":28,"turns":3},{"damage":9,"enemies":"Colosseum Nobs","floor":28,"turns":4},{"damage":23,"enemies":"Book of Stabbing","floor":29,"turns":8},{"damage":0,"enemies":"Snecko","floor":31,"turns":7},{"damage":0,"enemies":"Automaton","floor":33,"turns":13},{"damage":0,"enemies":"3 Shapes","floor":35,"turns":2},{"damage":0,"enemies":"Orb Walker","floor":36,"turns":4},{"damage":46,"enemies":"3 Darklings","floor":37,"turns":4},{"damage":21,"enemies":"Maw","floor":39,"turns":8},{"damage":39,"enemies":"Nemesis","floor":40,"turns":11},{"damage":19,"enemies":"Jaw Worm Horde","floor":41,"turns":1}],"seed_played":"1286465943613119249","potions_obtained":[{"floor":7.0,"key":"Fruit Juice"},{"floor":16.0,"key":"PotionOfCapacity"},{"floor":21.0,"key":"LiquidBronze"},{"floor":22.0,"key":"Block Potion"},{"floor":25,"key":"SpeedPotion"},{"floor":29,"key":"Weak Potion"},{"floor":31,"key":"Regen Potion"},{"floor":33,"key":"FairyPotion"},{"floor":35,"key":"Fruit Juice"},{"floor":36,"key":"Explosive Potion"},{"floor":39,"key":"Swift Potion"},{"floor":40,"key":"Energy Potion"}],"is_trial":false,"path_per_floor":["M","$","M","M","$","R","E","?","T","R","E","?","R","E","R","B",null,"M","?","?","M","?","E","?","E","T","R","?","E","R","M","R","B",null,"M","M","M","?","M","E","M"],"character_chosen":"DEFECT","items_purchased":["Defragment","Steam"],"campfire_rested":3,"item_purchase_floors":[2,5],"current_hp_per_floor":[70,70,66,66,66,66,42,35,35,35,28,28,28,14,38,7,64,53,53,53,36,36,30,30,13,13,40,26,3,30,30,30,45,81,86,86,40,40,19,18,0,0],"gold":424,"neow_bonus":"TEN_PERCENT_HP_BONUS","is_daily":false,"chose_seed":false,"campfire_upgraded":3,"win_rate":0.0,"timestamp":1613197313,"path_taken":["M","$","M","M","?","R","E","?","T","R","E","?","R","E","R","BOSS","M","?","?","M","?","E","?","E","T","R","?","E","R","M","R","BOSS","M","M","M","?","M","E","M"],"items_purchased_type":["Card","Card"],"build_version":"2020-12-22","purchased_purges":0,"victory":false,"max_hp_per_floor":[78,78,78,78,78,78,78,78,78,78,78,78,78,83,83,83,83,83,83,83,83,83,93,93,93,93,93,93,93,93,93,93,93,93,98,98,98,98,98,98,98,98],"card_choices":[{"not_picked":["Leap","Recycle"],"picked":"Beam Cell","floor":1.0},{"not_picked":["Steam","Coolheaded"],"picked":"Ball Lightning","floor":3.0},{"not_picked":["Barrage","Compile Driver"],"picked":"Electrodynamics","floor":4.0},{"not_picked":["Redo","Compile Driver"],"picked":"Cold Snap","floor":7.0},{"not_picked":["Storm","Fusion"],"picked":"Ball Lightning","floor":11.0},{"not_picked":["Recycle","Turbo"],"picked":"Buffer","floor":14.0},{"not_picked":["Ball Lightning","Leap"],"picked":"Conserve Battery","floor":15.0},{"not_picked":["Fission","Amplify"],"picked":"Echo Form","floor":16.0},{"not_picked":["Turbo","Reprogram"],"picked":"Loop","floor":18.0},{"not_picked":["Stack","Barrage"],"picked":"Turbo+1","floor":21.0},{"not_picked":["Ball Lightning","FTL"],"picked":"Steam","floor":23.0},{"not_picked":["Conserve Battery","Redo"],"picked":"Undo+1","floor":25},{"not_picked":["Chaos","Melter+1"],"picked":"BootSequence","floor":27},{"not_picked":["Sunder+1","FTL+1"],"picked":"Cold Snap+1","floor":28},{"not_picked":["Heatsinks","Redo"],"picked":"Reinforced Body","floor":29},{"not_picked":["Static Discharge","Go for the Eyes+1","Reinforced Body"],"picked":"SKIP","floor":31},{"not_picked":["All For One+1","Seek"],"picked":"Core Surge+1","floor":33},{"not_picked":["Steam Power","Barrage+1"],"picked":"Doom and Gloom+1","floor":35},{"not_picked":["Cold Snap+1","Stack"],"picked":"Barrage+1","floor":36},{"not_picked":["Chaos","Barrage+1","Ball Lightning+1"],"picked":"SKIP","floor":37},{"not_picked":["Blind","Madness"],"picked":"Dark Shackles","floor":38},{"not_picked":["Streamline+1","Rebound+1","Go for the Eyes+1"],"picked":"SKIP","floor":39},{"not_picked":["Undo","Darkness"],"picked":"Reboot","floor":40}],"player_experience":2026701,"relics_obtained":[{"floor":7.0,"key":"Bag of Preparation"},{"floor":9.0,"key":"Whetstone"},{"floor":11.0,"key":"Juzu Bracelet"},{"floor":14.0,"key":"Dream Catcher"},{"floor":23.0,"key":"Pear"},{"floor":25,"key":"Blue Candle"},{"floor":26,"key":"WingedGreaves"},{"floor":28,"key":"Shovel"},{"floor":28,"key":"White Beast Statue"},{"floor":29,"key":"Centennial Puzzle"},{"floor":32,"key":"Bag of Marbles"},{"floor":40,"key":"Girya"}],"event_choices":[{"cards_removed":["Strike_B"],"damage_healed":0.0,"max_hp_gain":0.0,"max_hp_loss":0.0,"gold_gain":0.0,"event_name":"Golden Wing","player_choice":"Card Removal","floor":8.0,"gold_loss":0.0,"damage_taken":7.0},{"cards_removed":["Strike_B"],"damage_healed":0.0,"max_hp_gain":0.0,"max_hp_loss":0.0,"gold_gain":0.0,"event_name":"Living Wall","player_choice":"Forget","floor":12.0,"gold_loss":0.0,"damage_taken":0.0},{"cards_removed":["Strike_B"],"damage_healed":0.0,"max_hp_gain":0.0,"max_hp_loss":0.0,"gold_gain":0.0,"event_name":"Beggar","player_choice":"Gave Gold","floor":19.0,"gold_loss":75.0,"damage_taken":0.0},{"damage_healed":0.0,"max_hp_gain":0.0,"max_hp_loss":0.0,"gold_gain":0.0,"cards_transformed":["Strike_B","Defend_B"],"event_name":"Drug Dealer","player_choice":"Became Test Subject","floor":20.0,"gold_loss":0.0,"damage_taken":0.0,"cards_obtained":["Buffer","Scrape"]},{"damage_healed":0.0,"max_hp_gain":0.0,"max_hp_loss":0.0,"gold_gain":0.0,"event_name":"The Woman in Blue","player_choice":"Bought 3 Potions","floor":22.0,"gold_loss":0.0,"damage_taken":0.0},{"damage_healed":0.0,"max_hp_gain":0.0,"max_hp_loss":0.0,"gold_gain":0.0,"event_name":"Addict","player_choice":"Obtained Relic","floor":24.0,"gold_loss":85.0,"damage_taken":0.0,"relics_obtained":["Molten Egg 2"]},{"damage_healed":0,"gold_gain":0,"player_choice":"Fight","damage_taken":0,"max_hp_gain":0,"max_hp_loss":0,"event_name":"Colosseum","floor":28,"gold_loss":0},{"damage_healed":0,"gold_gain":0,"player_choice":"Fought Nobs","damage_taken":0,"max_hp_gain":0,"max_hp_loss":0,"event_name":"Colosseum","floor":28,"gold_loss":0},{"damage_healed":0,"gold_gain":0,"player_choice":"Memory 1","damage_taken":0,"max_hp_gain":0,"max_hp_loss":0,"event_name":"SensoryStone","floor":38,"gold_loss":0}],"is_beta":false,"boss_relics":[{"not_picked":["SacredBark","Runic Pyramid"],"picked":"Fusion Hammer"},{"not_picked":["Runic Dome","Philosopher\u0027s Stone"],"picked":"Velvet Choker"}],"items_purged_floors":[],"is_endless":false,"potions_floor_spawned":[7,16,21,25,29,31,33,35,36,37,39,40],"killed_by":"Jaw Worm Horde","ascension_level":19}}