{"host":"fa35vd3kig5td25x","time":1613221075,"event":{"mods":["BaseMod","Colored Powertips","Minty Spire (QoL Compilation)","Relic Stats","Slay the Relics Exporter"],"gold_per_floor":[114,34,45,60,73,106,106,132,132,458,458,483,90,108,108,108,108],"floor_reached":16,"language":"ENG","playtime":772,"items_purged":["Strike_R"],"score":244,"play_id":"31b246fc-16f7-48dc-a1b1-daca28c70cf8","local_time":"20210213135755","is_ascension_mode":true,"campfire_choices":[{"floor":7,"key":"REST"},{"floor":15,"key":"REST"}],"circlet_count":0,"master_deck":["AscendersBane","Strike_R","Strike_R","Strike_R","Strike_R","Defend_R+1","Defend_R","Defend_R","Defend_R+1","Bash","Whirlwind","Wild Strike","Anger","Carnage","Offering","Shrug It Off"],"relics":["Black Star","War Paint","Dead Branch","StoneCalendar","Bronze Scales","StrikeDummy","Old Coin","Golden Idol","Chemical X"],"acts_visited":["Exordium"],"potions_floor_usage":[6,8,12,15,15],"damage_taken":[{"damage":6,"enemies":"Cultist","floor":1,"turns":3},{"damage":0,"enemies":"2 Louse","floor":3,"turns":2},{"damage":5,"enemies":"Small Slimes","floor":4,"turns":3},{"damage":7,"enemies":"Looter","floor":5,"turns":3},{"damage":35,"enemies":"Lagavulin","floor":6,"turns":5},{"damage":14,"enemies":"Gremlin Nob","floor":8,"turns":3},{"damage":21,"enemies":"3 Sentries","floor":10,"turns":6},{"damage":0,"enemies":"Large Slime","floor":12,"turns":4},{"damage":6,"enemies":"2 Fungi Beasts","floor":14,"turns":2},{"damage":45,"enemies":"The Guardian","floor":16,"turns":10}],"seed_played":"-7562247912813265554","potions_obtained":[{"floor":1,"key":"Block Potion"},{"floor":4,"key":"CultistPotion"},{"floor":10,"key":"Regen Potion"},{"floor":14,"key":"Fruit Juice"}],"is_trial":false,"path_per_floor":["M","$","M","M","M","E","R","E","T","E","?","M","$","M","R","B"],"character_chosen":"IRONCLAD","items_purchased":["Wild Strike","Strength Potion","Chemical X","Shrug It Off","Fruit Juice"],"campfire_rested":2,"item_purchase_floors":[2,2,13,13,13],"current_hp_per_floor":[62,62,62,57,50,15,37,23,23,2,2,14,14,8,41,0,0],"gold":108,"neow_bonus":"BOSS_RELIC","is_daily":false,"chose_seed":false,"campfire_upgraded":0,"win_rate":0.0,"timestamp":1613221075,"path_taken":["M","$","M","M","?","E","R","E","T","E","?","M","$","M","R","BOSS"],"items_purchased_type":["Card","Potion","Relic","Card","Potion"],"build_version":"2020-12-22","purchased_purges":1,"victory":false,"max_hp_per_floor":[75,75,75,75,75,75,75,75,75,75,68,68,68,68,78,78,78],"relic_stats":{"counters":[10,41],"Golden Idol":9,"Dead Branch":[13],"Bronze Scales":[56],"StoneCalendar":[32],"Black Star":3,"Chemical X":[3],"War Paint":["Defend_R","Defend_R"],"obtain_stats":[{"Golden Idol":11,"Dead Branch":6,"Bronze Scales":8,"StoneCalendar":8,"Black Star":0,"Chemical X":13,"War Paint":6,"StrikeDummy":10,"Burning Blood":0,"Old Coin":10},{"Golden Idol":7,"Dead Branch":5,"Bronze Scales":6,"StoneCalendar":6,"Black Star":0,"Chemical X":8,"War Paint":5,"StrikeDummy":7,"Burning Blood":0,"Old Coin":7},{"Golden Idol":25,"Dead Branch":16,"Bronze Scales":19,"StoneCalendar":19,"Black Star":0,"Chemical X":29,"War Paint":16,"StrikeDummy":25,"Burning Blood":0,"Old Coin":25}]},"card_choices":[{"not_picked":["Anger","Shockwave"],"picked":"Whirlwind","floor":1},{"not_picked":["Thunderclap","Flex"],"picked":"Anger","floor":3},{"not_picked":["Heavy Blade","Body Slam","Cleave"],"picked":"SKIP","floor":4},{"not_picked":["Anger","Flex"],"picked":"Carnage","floor":5},{"not_picked":["Whirlwind","Warcry"],"picked":"Offering","floor":6},{"not_picked":["Fire Breathing","Perfected Strike","Heavy Blade"],"picked":"SKIP","floor":8},{"not_picked":["Heavy Blade","Headbutt","Iron Wave"],"picked":"SKIP","floor":10},{"not_picked":["Carnage","Rupture","Clash"],"picked":"SKIP","floor":12},{"not_picked":["Flex","Perfected Strike","Whirlwind"],"picked":"SKIP","floor":14}],"player_experience":3132471,"relics_obtained":[{"floor":6,"key":"War Paint"},{"floor":6,"key":"Dead Branch"},{"floor":8,"key":"StoneCalendar"},{"floor":8,"key":"Bronze Scales"},{"floor":10,"key":"StrikeDummy"},{"floor":10,"key":"Old Coin"}],"event_choices":[{"damage_healed":0,"gold_gain":0,"player_choice":"Lose Max HP","damage_taken":0,"relics_obtained":["Golden Idol"],"max_hp_gain":0,"max_hp_loss":7,"event_name":"Golden Idol","floor":11,"gold_loss":0}],"is_beta":false,"boss_relics":[],"items_purged_floors":[13],"is_endless":false,"potions_floor_spawned":[1,4,10,14],"killed_by":"The Guardian","ascension_level":20}}