{"host":"egwexuw5uvnxf11j","time":1613197015,"event":{"mods":["2.2 Compatiblity","Aspiration","BaseMod","Better Note","Better Sensory Stone","Better Third Choice","Displayed Cursed Tome","Downfall","Hermit","Key Reminder","Koishi","Marisa????????","Minty Spire (QoL Compilation)","Quick Restart","Shade Mod","Spicy Shops","StSLib","The Construct","The Cursed","The Runesmith","The Senshi","The Servant 0.9.4","Transform Curses"],"gold_per_floor":[116,116,130,29,45,77,77,87,163,163,182,261,287,23,23,122,122,138,156,156,169,68,68,68],"floor_reached":23,"language":"ENG","playtime":841,"items_purged":[],"score":211,"play_id":"96e7056c-c82a-4e3c-9fab-fffd263eebc4","local_time":"20210213011655","is_ascension_mode":true,"campfire_choices":[{"data":"hermit:Determination","floor":7,"key":"SMITH"},{"floor":10,"key":"REST"},{"floor":15,"key":"REST"}],"circlet_count":0,"master_deck":["hermit:Strike_Hermit","hermit:Strike_Hermit","hermit:Strike_Hermit","hermit:Strike_Hermit","hermit:Defend_Hermit","hermit:Defend_Hermit","hermit:Defend_Hermit","hermit:Defend_Hermit","hermit:Snapshot+1","hermit:Covet","hermit:Snipe+1","hermit:Determination+1","hermit:LowProfile","hermit:Deadeye","hermit:Headshot","hermit:Misfire","hermit:HoleUp","hermit:SprayPray","hermit:Desperado","Shame","hermit:Enervate","hermit:Coalescence","hermit:FatalDesire","hermit:Brawl+1","hermit:ItchyTrigger","hermit:Dive","hermit:WideOpen","hermit:Feint"],"relics":["hermit:Momento","Regal Pillow","keyreminder:keyreminder","The Courier","Lantern","aspiration:Nostalgia","bronze:BronzeCore","Anchor","aspiration:MobileForge"],"acts_visited":["Exordium","TheCity"],"potions_floor_usage":[13,16,19,23,23],"damage_taken":[{"damage":0,"enemies":"2 Louse","floor":1,"turns":3},{"damage":0,"enemies":"Cultist","floor":3,"turns":2},{"damage":3,"enemies":"Small Slimes","floor":5,"turns":4},{"damage":17,"enemies":"Gremlin Nob","floor":6,"turns":4},{"damage":5,"enemies":"3 Louse","floor":8,"turns":2},{"damage":7,"enemies":"Blue Slaver","floor":11,"turns":3},{"damage":32,"enemies":"3 Sentries","floor":13,"turns":7},{"damage":53,"enemies":"Hexaghost","floor":16,"turns":9},{"damage":14,"enemies":"2 Thieves","floor":18,"turns":3},{"damage":14,"enemies":"Shell Parasite","floor":19,"turns":3},{"damage":29,"enemies":"Shelled Parasite and Fungi","floor":21,"turns":4},{"damage":29,"enemies":"Gremlin Leader","floor":23,"turns":6}],"seed_played":"-289718911496048557","potions_obtained":[{"floor":5,"key":"hermit:Tonic"},{"floor":6,"key":"BlessingOfTheForge"},{"floor":13,"key":"construct:ShiftPotion"},{"floor":16,"key":"EssenceOfSteel"},{"floor":18,"key":"ColorlessPotion"}],"is_trial":false,"path_per_floor":["M","?","M","$","M","E","R","M","T","R","M","?","E","$","R","B",null,"M","M","?","M","$","E"],"character_chosen":"HERMIT","items_purchased":["hermit:LowProfile","hermit:Deadeye","aspiration:Nostalgia","hermit:Enervate","Anchor","hermit:Coalescence","hermit:WideOpen","hermit:Feint"],"campfire_rested":2,"item_purchase_floors":[4,4,14,14,14,14,22,22],"current_hp_per_floor":[75,75,75,75,72,55,55,50,50,75,68,68,36,36,73,20,75,61,47,47,18,18,0,0],"gold":68,"neow_bonus":"UPGRADE_CARD","is_daily":false,"chose_seed":false,"campfire_upgraded":1,"win_rate":0.0,"timestamp":1613197015,"path_taken":["M","?","M","?","M","E","R","?","T","R","M","?","E","$","R","BOSS","M","M","?","M","$","E"],"items_purchased_type":["Card","Card","Relic","Card","Relic","Card","Card","Card"],"build_version":"2020-12-22","purchased_purges":0,"victory":false,"max_hp_per_floor":[75,75,75,75,75,75,75,75,75,75,75,75,75,75,75,75,75,75,75,75,75,75,75,75],"card_choices":[{"not_picked":["hermit:CalledShot","hermit:Roulette"],"picked":"hermit:Snipe","floor":1},{"not_picked":["hermit:EyeOfTheStorm","hermit:BodyArmor"],"picked":"hermit:Determination","floor":3},{"not_picked":["hermit:Ricochet","hermit:WideOpen"],"picked":"hermit:Headshot","floor":5},{"not_picked":["hermit:Glare","hermit:TrackingShot"],"picked":"hermit:Misfire","floor":6},{"not_picked":["hermit:FlashPowder","hermit:Coalescence"],"picked":"hermit:HoleUp","floor":8},{"not_picked":["hermit:Determination","hermit:Maintenance"],"picked":"hermit:SprayPray","floor":11},{"not_picked":["hermit:Manifest","hermit:Quickdraw"],"picked":"hermit:Desperado","floor":13},{"not_picked":["hermit:Dissolve","hermit:EternalForm"],"picked":"hermit:FatalDesire","floor":16},{"not_picked":["hermit:Desperado+1","hermit:GhostlyPresence"],"picked":"hermit:Brawl+1","floor":18},{"not_picked":["hermit:Glare","hermit:FlashPowder"],"picked":"hermit:ItchyTrigger","floor":19},{"not_picked":["hermit:Vantage","hermit:Shortfuse+1"],"picked":"hermit:Dive","floor":21}],"player_experience":2071534,"relics_obtained":[{"floor":6,"key":"Regal Pillow"},{"floor":9,"key":"The Courier"},{"floor":13,"key":"Lantern"}],"event_choices":[{"damage_healed":0,"gold_gain":0,"player_choice":"Upgraded","damage_taken":0,"max_hp_gain":0,"max_hp_loss":0,"event_name":"Upgrade Shrine","floor":2,"gold_loss":0,"cards_upgraded":["hermit:Snipe"]},{"damage_healed":0,"gold_gain":79,"player_choice":"Gained Gold","damage_taken":0,"max_hp_gain":0,"max_hp_loss":0,"event_name":"Golden Wing","floor":12,"gold_loss":0},{"damage_healed":0,"gold_gain":0,"player_choice":"Ignored","damage_taken":0,"max_hp_gain":0,"max_hp_loss":0,"event_name":"Ghosts","floor":20,"gold_loss":0}],"is_beta":false,"boss_relics":[{"not_picked":["construct:WeddingRing","hermit:ClaspedLocket"],"picked":"aspiration:MobileForge"}],"items_purged_floors":[],"is_endless":false,"potions_floor_spawned":[5,6,13,16,18],"killed_by":"Gremlin Leader","ascension_level":1}}