{"host":"c5452fuijzdtmpqe","time":1613185590,"event":{"mods":["Aspiration","BaseMod","Better Third Choice","BetterRewards","Colored Map","Colored Powertips","Downfall","Evolution","Googly Eyes","Highlight Path","Minty Spire (QoL Compilation)","Shop Mod","StSLib","SuperFastMode"],"gold_per_floor":[109,120,120,120,133,163,163,128,128,128,112,143,155,166,166,269,269,288,63,74,44,17,17,36,36,91,120,140,94,94,94,94,189,189,202,0,17,17,37,37,37,37,37,54,54,54,54,54,54,54,54],"floor_reached":50,"language":"ENG","playtime":1452,"items_purged":["Decay"],"score":643,"play_id":"05dfe799-73e1-47ef-8c2c-dda417940c8f","local_time":"20210212220630","is_ascension_mode":false,"campfire_choices":[{"data":"Dagger Spray","floor":7,"key":"SMITH"},{"data":"Infinite Blades","floor":10,"key":"SMITH"},{"floor":15,"key":"REST"},{"data":"Infinite Blades","floor":23,"key":"SMITH"},{"data":"Blade Dance","floor":25,"key":"SMITH"},{"floor":30,"key":"REST"},{"data":"Cloak And Dagger","floor":32,"key":"SMITH"},{"floor":40,"key":"REST"},{"data":"Adrenaline","floor":42,"key":"SMITH"},{"data":"Slice","floor":49,"key":"SMITH"}],"circlet_count":0,"master_deck":["Strike_G","Strike_G","Strike_G","Strike_G","Strike_G","Defend_G","Defend_G","Defend_G","Defend_G","Defend_G","Survivor","Neutralize","Infinite Blades+1","Infinite Blades+1","Dagger Spray+1","Blade Dance+1","Flying Knee","Die Die Die","Dodge and Roll+1","Accuracy+1","Deflect","Quick Slash+1","Cloak And Dagger+1","Adrenaline+1","Slice+1","Leg Sweep","Blind","Doubt"],"relics":["Ring of the Snake","Happy Flower","Turnip","Mango","Eternal Feather","Centennial Puzzle","Boot","Vajra","Anchor","SacredBark","Red Mask","Blood Vial"],"acts_visited":["TheCity","TheBeyond"],"potions_floor_usage":[6,6,6,16,24,24,24,39,50],"damage_taken":[{"damage":2,"enemies":"Small Slimes","floor":1,"turns":5},{"damage":9,"enemies":"Jaw Worm","floor":2,"turns":4},{"damage":9,"enemies":"2 Louse","floor":5,"turns":4},{"damage":20,"enemies":"Gremlin Nob","floor":6,"turns":4},{"damage":17,"enemies":"Exordium Thugs","floor":11,"turns":4},{"damage":33,"enemies":"3 Sentries","floor":12,"turns":7},{"damage":7,"enemies":"Blue Slaver","floor":13,"turns":3},{"damage":13,"enemies":"Large Slime","floor":14,"turns":5},{"damage":20,"enemies":"Slime Boss","floor":16,"turns":7},{"damage":17,"enemies":"Chosen","floor":18,"turns":5},{"damage":5,"enemies":"3 Byrds","floor":20,"turns":3},{"damage":13,"enemies":"Snecko","floor":24,"turns":4},{"damage":43,"enemies":"Gremlin Leader","floor":27,"turns":5},{"damage":12,"enemies":"Centurion and Healer","floor":28,"turns":3},{"damage":34,"enemies":"Champ","floor":33,"turns":10},{"damage":18,"enemies":"Orb Walker","floor":35,"turns":4},{"damage":38,"enemies":"3 Shapes","floor":37,"turns":3},{"damage":13,"enemies":"Jaw Worm Horde","floor":39,"turns":4},{"damage":31,"enemies":"Transient","floor":44,"turns":5},{"damage":92,"enemies":"Time Eater","floor":50,"turns":7}],"seed_played":"-9178194083938850251","potions_obtained":[{"floor":1,"key":"Strength Potion"},{"floor":2,"key":"EssenceOfSteel"},{"floor":5,"key":"Energy Potion"},{"floor":14,"key":"hexamod:SoulburnPotion"},{"floor":20,"key":"sneckomod:MuddlingPotion"},{"floor":21,"key":"champ:CounterPotion"},{"floor":21,"key":"Energy Potion"},{"floor":37,"key":"Ancient Potion"},{"floor":39,"key":"Swift Potion"}],"is_trial":false,"path_per_floor":["M","M","?","?","M","E","R","?","T","R","M","E","M","M","R","B",null,"M","$","M","?","$","R","M","R","T","E","M","$","R","?","R","B",null,"M","?","M","?","M","R","$","R","T","M","?","?","$","?","R","B"],"character_chosen":"THE_SILENT","items_purchased":["Happy Flower","Turnip","Boot","Deflect","Cloak And Dagger"],"campfire_rested":3,"item_purchase_floors":[0,0,19,22,29],"current_hp_per_floor":[68,59,59,64,55,49,49,71,71,80,63,30,23,10,45,25,89,72,72,67,67,67,79,66,78,78,35,23,23,61,89,89,55,89,71,71,33,33,20,61,61,76,76,47,47,89,89,85,85,0,0],"gold":54,"neow_bonus":"","is_daily":false,"chose_seed":false,"campfire_upgraded":7,"win_rate":0.0,"timestamp":1613185590,"path_taken":["M","M","?","?","M","E","R","?","T","R","M","E","M","?","R","BOSS","M","$","M","?","?","R","M","R","T","E","M","$","R","?","R","BOSS","M","?","M","?","?","R","$","R","T","M","?","?","$","?","R","BOSS"],"items_purchased_type":["Relic","Relic","Relic","Card","Card"],"build_version":"2020-12-22","purchased_purges":1,"victory":false,"max_hp_per_floor":[70,70,70,75,75,89,89,89,89,89,89,89,89,89,89,89,89,89,89,89,89,89,89,89,89,89,89,89,89,89,89,89,89,89,89,89,89,89,89,89,89,89,89,89,89,89,89,85,85,85,85],"card_choices":[{"not_picked":["Dodge and Roll","Calculated Gamble"],"picked":"Infinite Blades","floor":1},{"not_picked":["Deadly Poison","Bane","Tactician"],"picked":"SKIP","floor":2},{"not_picked":["Reflex","Sucker Punch"],"picked":"Infinite Blades","floor":5},{"not_picked":["Escape Plan","Skewer"],"picked":"Dagger Spray","floor":6},{"not_picked":["Well Laid Plans","Setup"],"picked":"Blade Dance","floor":11},{"not_picked":["Crippling Poison","Underhanded Strike"],"picked":"Flying Knee","floor":12},{"not_picked":["Deadly Poison","Underhanded Strike","Reflex"],"picked":"SKIP","floor":13},{"not_picked":["All Out Attack","Outmaneuver","Tactician"],"picked":"SKIP","floor":14},{"not_picked":["Malaise","Corpse Explosion"],"picked":"Die Die Die","floor":16},{"not_picked":["Crippling Poison","Bane"],"picked":"Dodge and Roll+1","floor":18},{"not_picked":["Prepared","Distraction+1"],"picked":"Accuracy+1","floor":20},{"not_picked":["Poisoned Stab","Distraction+1"],"picked":"Quick Slash+1","floor":24},{"not_picked":["Prepared+1","A Thousand Cuts","Escape Plan"],"picked":"SKIP","floor":27},{"not_picked":["Sucker Punch","Setup+1","Flechettes+1"],"picked":"SKIP","floor":28},{"not_picked":["Tools of the Trade","Burst"],"picked":"Adrenaline","floor":33},{"not_picked":["Infinite Blades+1","Tactician","Choke"],"picked":"SKIP","floor":35},{"not_picked":["Reflex","Dodge and Roll"],"picked":"Slice","floor":37},{"not_picked":["PiercingWail","Deadly Poison"],"picked":"Leg Sweep","floor":39},{"not_picked":["Concentrate","Unload","Calculated Gamble+1"],"picked":"SKIP","floor":44},{"not_picked":["Secret Weapon","Chrysalis"],"picked":"Blind","floor":45}],"player_experience":520844,"relics_obtained":[{"floor":6,"key":"Mango"},{"floor":9,"key":"Eternal Feather"},{"floor":12,"key":"Centennial Puzzle"},{"floor":26,"key":"Vajra"},{"floor":27,"key":"Anchor"},{"floor":43,"key":"Blood Vial"}],"event_choices":[{"damage_healed":0,"gold_gain":0,"player_choice":"Ignored","damage_taken":0,"max_hp_gain":0,"max_hp_loss":0,"event_name":"Golden Idol","floor":3,"gold_loss":0},{"damage_healed":0,"gold_gain":0,"player_choice":"Donut","damage_taken":0,"max_hp_gain":5,"max_hp_loss":0,"event_name":"Big Fish","floor":4,"gold_loss":0},{"damage_healed":22,"gold_gain":0,"player_choice":"Healed","damage_taken":0,"max_hp_gain":0,"max_hp_loss":0,"event_name":"The Cleric","floor":8,"gold_loss":35},{"damage_healed":0,"gold_gain":0,"player_choice":"Bought 2 Potions","damage_taken":0,"max_hp_gain":0,"max_hp_loss":0,"event_name":"The Woman in Blue","floor":21,"gold_loss":0},{"damage_healed":29,"gold_gain":0,"player_choice":"Heal","damage_taken":0,"max_hp_gain":0,"max_hp_loss":0,"event_name":"The Library","floor":31,"gold_loss":0},{"damage_healed":0,"gold_gain":0,"player_choice":"Paid","damage_taken":0,"relics_obtained":["Red Mask"],"max_hp_gain":0,"max_hp_loss":0,"event_name":"Tomb of Lord Red Mask","floor":36,"gold_loss":202},{"damage_healed":0,"gold_gain":0,"player_choice":"Ignored","damage_taken":0,"max_hp_gain":0,"max_hp_loss":0,"event_name":"NoteForYourself","floor":38,"gold_loss":0},{"damage_healed":0,"gold_gain":0,"player_choice":"Memory 1","damage_taken":0,"max_hp_gain":0,"max_hp_loss":0,"event_name":"SensoryStone","floor":45,"gold_loss":0},{"damage_healed":42,"gold_gain":0,"player_choice":"Heal","damage_taken":0,"max_hp_gain":0,"max_hp_loss":0,"event_name":"MindBloom","floor":46,"gold_loss":0,"cards_obtained":["Doubt"]},{"damage_healed":0,"gold_gain":0,"player_choice":"Max HP","damage_taken":0,"max_hp_gain":0,"max_hp_loss":4,"event_name":"Winding Halls","floor":48,"gold_loss":0}],"is_beta":false,"boss_relics":[{"not_picked":["Runic Pyramid","Sozu","Ring of the Serpent"]},{"not_picked":["Tiny House","Runic Dome"],"picked":"SacredBark"}],"items_purged_floors":[19],"is_endless":false,"potions_floor_spawned":[1,2,5,14,20,37,39],"killed_by":"Time Eater","ascension_level":0}}