{"host":"g8a0qo0vjtg6u5wv","time":1613176589,"event":{"mods":["BaseMod","Colored Map","Custom Start","KOR Keyword Fix","Minty Spire (QoL Compilation)","StSLib","SuperFastMode"],"gold_per_floor":[116,116,128,147,48,48,59,71,96,128,128,128,141,41,41,146,146,115,132,148,148,247,247,122,122,122,122,155,175,25,25,25],"floor_reached":31,"language":"KOR","playtime":732,"items_purged":["Strike_B","Strike_B","Defend_B","Defend_B"],"score":412,"play_id":"79ef3bb1-71b7-47c0-9f9b-1092b41d271d","local_time":"20210213093629","is_ascension_mode":true,"campfire_choices":[{"data":"Zap","floor":6,"key":"SMITH"},{"data":"Loop","floor":11,"key":"SMITH"},{"floor":15,"key":"REST"},{"data":"Buffer","floor":23,"key":"SMITH"},{"floor":27,"key":"REST"}],"circlet_count":0,"master_deck":["Defend_B+1","Zap+1","Dualcast+1","Darkness","Reprogram","Redo","Cold Snap","Coolheaded","Sweeping Beam","Loop+1","White Noise","Buffer+1","Consume","Compile Driver","Fusion","Reboot","Rainbow","Barrage"],"relics":["Cracked Core","Art of War","Toy Ornithopter","Anchor","Inserter","Regal Pillow","DataDisk","Meat on the Bone"],"acts_visited":["Exordium","TheCity"],"potions_floor_usage":[10,28],"damage_taken":[{"damage":3,"enemies":"2 Louse","floor":1,"turns":2},{"damage":1,"enemies":"Cultist","floor":3,"turns":4},{"damage":7,"enemies":"Jaw Worm","floor":4,"turns":3},{"damage":5,"enemies":"Exordium Wildlife","floor":7,"turns":4},{"damage":6,"enemies":"2 Fungi Beasts","floor":8,"turns":3},{"damage":22,"enemies":"3 Sentries","floor":10,"turns":8},{"damage":7,"enemies":"Large Slime","floor":13,"turns":4},{"damage":0,"enemies":"Hexaghost","floor":16,"turns":7},{"damage":33,"enemies":"2 Thieves","floor":18,"turns":5},{"damage":11,"enemies":"Spheric Guardian","floor":19,"turns":5},{"damage":0,"enemies":"Snecko","floor":20,"turns":4},{"damage":9,"enemies":"Slavers","floor":28,"turns":4},{"damage":9,"enemies":"Centurion and Healer","floor":29,"turns":6},{"damage":45,"enemies":"3 Cultists","floor":31,"turns":4}],"seed_played":"-234553419291119508","potions_obtained":[{"floor":3,"key":"Fire Potion"},{"floor":10,"key":"SneckoOil"},{"floor":16,"key":"SteroidPotion"},{"floor":18,"key":"Energy Potion"}],"is_trial":false,"path_per_floor":["M","?","M","M","$","R","M","M","T","E","R","?","M","$","R","B",null,"M","M","M","?","?","R","$","?","T","R","E","M","$","M"],"character_chosen":"DEFECT","items_purchased":["Coolheaded"],"campfire_rested":2,"item_purchase_floors":[5],"current_hp_per_floor":[65,65,64,57,57,57,52,46,46,29,29,14,7,7,29,29,64,31,20,20,20,20,20,20,20,20,57,53,44,44,0,0],"gold":25,"neow_bonus":"RANDOM_COMMON_RELIC","is_daily":false,"chose_seed":false,"campfire_upgraded":3,"win_rate":0.0,"timestamp":1613176589,"path_taken":["M","?","M","M","?","R","M","?","T","E","R","?","M","$","R","BOSS","M","M","M","?","?","R","$","?","T","R","E","M","?","M"],"items_purchased_type":["Card"],"build_version":"2020-12-22","purchased_purges":4,"victory":false,"max_hp_per_floor":[75,75,75,75,75,75,75,75,75,75,75,75,75,75,75,75,75,75,75,75,75,75,75,75,75,75,75,75,75,75,75,75],"card_choices":[{"not_picked":["Steam","Go for the Eyes"],"picked":"Darkness","floor":1},{"not_picked":["Heatsinks","Gash"],"picked":"Redo","floor":3},{"not_picked":["Hologram","Barrage"],"picked":"Cold Snap","floor":4},{"not_picked":["Gash","Doom and Gloom","Rip and Tear"],"picked":"SKIP","floor":7},{"not_picked":["Hologram","Melter"],"picked":"Sweeping Beam","floor":8},{"not_picked":["Steam","Conserve Battery"],"picked":"Loop","floor":10},{"not_picked":["Loop","Rebound"],"picked":"White Noise","floor":13},{"not_picked":["Creative AI","Core Surge"],"picked":"Buffer","floor":16},{"not_picked":["Beam Cell","Hologram"],"picked":"Consume","floor":18},{"not_picked":["Go for the Eyes","Blizzard"],"picked":"Compile Driver","floor":19},{"not_picked":["Leap","Barrage"],"picked":"Fusion","floor":20},{"not_picked":["Cold Snap","Streamline"],"picked":"Barrage","floor":28},{"not_picked":["Coolheaded","Hologram+1","Ball Lightning"],"picked":"SKIP","floor":29}],"player_experience":576849,"relics_obtained":[{"floor":9,"key":"Toy Ornithopter"},{"floor":10,"key":"Anchor"},{"floor":26,"key":"DataDisk"},{"floor":28,"key":"Meat on the Bone"}],"event_choices":[{"damage_healed":0,"gold_gain":0,"cards_transformed":["Strike_B"],"player_choice":"Transformed","damage_taken":0,"max_hp_gain":0,"max_hp_loss":0,"event_name":"Transmorgrifier","floor":2,"gold_loss":0,"cards_obtained":["Reprogram"]},{"damage_healed":0,"gold_gain":0,"player_choice":"Entered Light","damage_taken":15,"max_hp_gain":0,"max_hp_loss":0,"event_name":"Shining Light","floor":12,"gold_loss":0,"cards_upgraded":["Defend_B","Dualcast"]},{"damage_healed":0,"gold_gain":0,"cards_transformed":["Defend_B","Strike_B"],"player_choice":"Became Test Subject","damage_taken":0,"max_hp_gain":0,"max_hp_loss":0,"event_name":"Drug Dealer","floor":21,"gold_loss":0,"cards_obtained":["Reboot","Rainbow"]},{"damage_healed":0,"gold_gain":99,"player_choice":"Stole From Cult","damage_taken":0,"max_hp_gain":0,"max_hp_loss":0,"event_name":"Nest","floor":22,"gold_loss":0},{"damage_healed":0,"gold_gain":0,"player_choice":"Opened","damage_taken":0,"relics_obtained":["Regal Pillow"],"max_hp_gain":0,"max_hp_loss":0,"event_name":"The Mausoleum","floor":25,"gold_loss":0}],"is_beta":false,"boss_relics":[{"not_picked":["Cursed Key","FrozenCore"],"picked":"Inserter"}],"items_purged_floors":[5,14,24,30],"is_endless":false,"potions_floor_spawned":[3,10,16,18],"killed_by":"3 Cultists","ascension_level":7}}