{"host":"oigynbtg272c19pw","time":1613224706,"event":{"mods":["BaseMod","Colored Map","Minty Spire (QoL Compilation)","Relic Stats","Slay the Relics Exporter","StSLib"],"gold_per_floor":[115,40,52,52,66,97,97,97,97,97,116,130,158,158,158,158,158],"floor_reached":16,"playtime":555,"items_purged":["Strike_P"],"score":270,"play_id":"16822fd3-8016-4ae3-87a7-95db190952e4","local_time":"20210213145826","is_ascension_mode":true,"campfire_choices":[{"floor":7,"key":"REST"},{"data":"TalkToTheHand","floor":10,"key":"SMITH"},{"data":"Eruption","floor":15,"key":"SMITH"}],"circlet_count":0,"master_deck":["AscendersBane","Strike_P","Defend_P","Defend_P","Defend_P","Defend_P","Eruption+1","Vigilance","Master of Strategy","EmptyFist","TalkToTheHand+1","FearNoEvil","CutThroughFate","WaveOfTheHand","FlurryOfBlows","FlurryOfBlows"],"relics":["PureWater","Pear","White Beast Statue","Toy Ornithopter"],"acts_visited":["Exordium"],"potions_floor_usage":[6,11,12,13,16],"damage_taken":[{"damage":0.0,"enemies":"Jaw Worm","floor":1.0,"turns":3.0},{"damage":1.0,"enemies":"Small Slimes","floor":3.0,"turns":4.0},{"damage":0.0,"enemies":"Cultist","floor":5.0,"turns":4.0},{"damage":37,"enemies":"3 Sentries","floor":6,"turns":12},{"damage":2,"enemies":"3 Louse","floor":11,"turns":4},{"damage":0,"enemies":"Lots of Slimes","floor":12,"turns":2},{"damage":0,"enemies":"Gremlin Nob","floor":13,"turns":2},{"damage":49,"enemies":"Slime Boss","floor":16,"turns":6}],"seed_played":"623386741236257407","potions_obtained":[{"floor":3.0,"key":"FearPotion"},{"floor":6,"key":"ColorlessPotion"},{"floor":11,"key":"Explosive Potion"},{"floor":12,"key":"Weak Potion"},{"floor":13,"key":"Energy Potion"},{"floor":14,"key":"ColorlessPotion"}],"is_trial":false,"path_per_floor":["M","$","M","?","M","E","R","?","T","R","M","M","E","?","R","B"],"character_chosen":"WATCHER","items_purchased":[],"campfire_rested":1,"item_purchase_floors":[],"current_hp_per_floor":[43,43,42,42,42,15,38,38,38,38,36,36,36,36,36,0,0],"gold":158,"neow_bonus":"RANDOM_COLORLESS_2","is_daily":false,"chose_seed":false,"campfire_upgraded":2,"win_rate":0.0,"timestamp":1613224706,"path_taken":["M","$","M","?","M","E","R","?","T","R","?","M","E","?","R","BOSS"],"items_purchased_type":[],"build_version":"2020-12-13","purchased_purges":1,"victory":false,"max_hp_per_floor":[68,68,68,68,68,78,78,78,78,78,78,78,78,78,78,78,78],"relic_stats":{"counters":[8,37],"obtain_stats":[{"Pear":6,"PureWater":0,"White Beast Statue":9,"Toy Ornithopter":13},{"Pear":4,"PureWater":0,"White Beast Statue":4,"Toy Ornithopter":7},{"Pear":23,"PureWater":0,"White Beast Statue":23,"Toy Ornithopter":31}],"Toy Ornithopter":5},"card_choices":[{"not_picked":["Mayhem","Secret Technique"],"picked":"Master of Strategy","floor":0.0},{"not_picked":["ClearTheMind","BattleHymn"],"picked":"EmptyFist","floor":1.0},{"not_picked":["Crescendo","InnerPeace"],"picked":"TalkToTheHand","floor":3.0},{"not_picked":["BowlingBash","Swivel"],"picked":"CutThroughFate","floor":5.0},{"not_picked":["Pray","WindmillStrike","SignatureMove"],"picked":"SKIP","floor":6},{"not_picked":["Crescendo","CrushJoints"],"picked":"WaveOfTheHand","floor":11},{"not_picked":["Indignation","Crescendo"],"picked":"FlurryOfBlows","floor":12},{"not_picked":["Protect","Pray"],"picked":"FlurryOfBlows","floor":13}],"player_experience":1594264,"relics_obtained":[{"floor":6,"key":"Pear"},{"floor":9,"key":"White Beast Statue"},{"floor":13,"key":"Toy Ornithopter"}],"event_choices":[{"damage_healed":0.0,"max_hp_gain":0.0,"max_hp_loss":0.0,"gold_gain":0.0,"cards_transformed":["Strike_P"],"event_name":"Living Wall","player_choice":"Change","floor":4.0,"gold_loss":0.0,"damage_taken":0.0,"cards_obtained":["FearNoEvil"]},{"cards_removed":["Strike_P"],"damage_healed":0,"gold_gain":0,"player_choice":"Offered Basic","damage_taken":0,"max_hp_gain":0,"max_hp_loss":0,"event_name":"Bonfire Elementals","floor":8,"gold_loss":0},{"damage_healed":0,"gold_gain":0,"player_choice":"Got Potions","damage_taken":0,"max_hp_gain":0,"max_hp_loss":0,"event_name":"Lab","floor":14,"gold_loss":0}],"is_beta":false,"boss_relics":[],"items_purged_floors":[2],"is_endless":false,"potions_floor_spawned":[3,6,11,12,13],"killed_by":"Slime Boss","ascension_level":20}}