{"host":"pj7egx7jkoz18hom","time":1613194605,"event":{"mods":["AchievementEnabler","BaseMod","Keyboard Shortcuts","Minty Spire (QoL Compilation)","SuperFastMode"],"gold_per_floor":[109,123,143,161,179,179,191,220,220,220,235,23,23,23,23,23,23],"floor_reached":16,"language":"KOR","playtime":609,"items_purged":["Rainbow"],"score":154,"play_id":"8976c63e-ff04-480a-b9e2-ddd4a2833483","local_time":"20210213143645","is_ascension_mode":false,"campfire_choices":[{"data":"Genetic Algorithm","floor":6,"key":"SMITH"},{"floor":13,"key":"REST"},{"data":"Go for the Eyes","floor":15,"key":"SMITH"}],"circlet_count":0,"master_deck":["Strike_B","Strike_B","Strike_B","Strike_B","Defend_B","Defend_B","Defend_B","Defend_B","Zap+1","Dualcast+1","Leap+1","Cold Snap","Streamline","Rebound","Genetic Algorithm+1","Go for the Eyes+1","Steam","Capacitor+1"],"relics":["Cracked Core","Frozen Egg 2","Matryoshka"],"acts_visited":["Exordium"],"potions_floor_usage":[12,16],"damage_taken":[{"damage":1,"enemies":"Jaw Worm","floor":1,"turns":3},{"damage":0,"enemies":"Small Slimes","floor":2,"turns":3},{"damage":0,"enemies":"Cultist","floor":3,"turns":3},{"damage":3,"enemies":"Blue Slaver","floor":4,"turns":3},{"damage":5,"enemies":"Looter","floor":5,"turns":3},{"damage":5,"enemies":"Exordium Wildlife","floor":7,"turns":3},{"damage":21,"enemies":"Lagavulin","floor":8,"turns":6},{"damage":10,"enemies":"Red Slaver","floor":11,"turns":4}],"seed_played":"-394500810032101806","potions_obtained":[{"floor":2,"key":"Swift Potion"},{"floor":4,"key":"Swift Potion"},{"floor":8,"key":"AttackPotion"},{"floor":11,"key":"Explosive Potion"}],"is_trial":false,"path_per_floor":["M","M","M","M","M","R","M","E","T","?","M","$","R","?","R","B"],"character_chosen":"DEFECT","items_purchased":["Capacitor+1","Fruit Juice"],"campfire_rested":1,"item_purchase_floors":[12,12],"current_hp_per_floor":[74,74,74,71,66,66,61,40,40,25,15,20,44,44,44,0,0],"gold":23,"neow_bonus":"ONE_RANDOM_RARE_CARD","is_daily":false,"chose_seed":false,"campfire_upgraded":2,"win_rate":0.0,"timestamp":1613194605,"path_taken":["M","M","M","M","M","R","M","E","T","?","M","$","R","?","R","BOSS"],"items_purchased_type":["Card","Potion"],"build_version":"2020-12-22","purchased_purges":1,"victory":false,"max_hp_per_floor":[75,75,75,75,75,75,75,75,75,75,75,80,80,80,80,80,80],"card_choices":[{"not_picked":["Steam","Scrape"],"picked":"Leap","floor":1},{"not_picked":["Doom and Gloom","Stack"],"picked":"Cold Snap","floor":2},{"not_picked":["Self Repair","Skim"],"picked":"Streamline","floor":3},{"not_picked":["Go for the Eyes","Barrage"],"picked":"Rebound","floor":4},{"not_picked":["Coolheaded","Streamline"],"picked":"Genetic Algorithm","floor":5},{"not_picked":["Force Field","Thunder Strike","Streamline"],"picked":"SKIP","floor":7},{"not_picked":["Hologram","Rip and Tear"],"picked":"Go for the Eyes","floor":8},{"not_picked":["White Noise","Consume"],"picked":"Steam","floor":11}],"player_experience":26561,"relics_obtained":[{"floor":8,"key":"Frozen Egg 2"},{"floor":9,"key":"Matryoshka"}],"event_choices":[{"damage_healed":0,"gold_gain":0,"player_choice":"Entered Light","damage_taken":15,"max_hp_gain":0,"max_hp_loss":0,"event_name":"Shining Light","floor":10,"gold_loss":0,"cards_upgraded":["Dualcast","Leap"]},{"damage_healed":0,"gold_gain":0,"player_choice":"Forge","damage_taken":0,"max_hp_gain":0,"max_hp_loss":0,"event_name":"Accursed Blacksmith","floor":14,"gold_loss":0,"cards_upgraded":["Zap"]}],"is_beta":false,"boss_relics":[],"items_purged_floors":[12],"is_endless":false,"potions_floor_spawned":[2,4,8,11],"killed_by":"The Guardian","ascension_level":0}}