{"host":"xub9x5qyeglziwrr","time":1613195675,"event":{"mods":["Act Like it!","BaseMod","Colored Map","Duelist Mod","GifTheSpireLib","Minty Spire (QoL Compilation)","Pale of the Ancients","Permanent Neow","Rare Cards Sparkle","Relic Filter","StSLib","SuperFastMode"],"gold_per_floor":[140,159,171,189,189,223,223,235,260,291,46,46,46,109,109,224,224,262,305,305,6,16,91,91,91,117,150,194,244,32,61,61,144,144,170,170,69,84,101,143,143,143,143,143,143,170,197,234,234,255,255,255],"floor_reached":51,"language":"ENG","playtime":5305,"items_purged":["theDuelist:HeavyMetalRaiders"],"score":1649,"play_id":"c4132381-97d9-4309-acf5-e1e7c59f3ed4","local_time":"20210212225435","is_ascension_mode":true,"campfire_choices":[{"data":"theDuelist:HeavyFreightTrainDerricane","floor":7.0,"key":"SMITH"},{"data":"theDuelist:GenexNeutron","floor":15.0,"key":"SMITH"},{"data":"theDuelist:Apoqliphort","floor":24,"key":"SMITH"},{"data":"theDuelist:LabyrinthWall","floor":32,"key":"SMITH"},{"floor":41,"key":"REST"},{"floor":44,"key":"RECALL"},{"floor":49,"key":"REST"}],"circlet_count":0,"master_deck":["AscendersBane","theDuelist:CastleWalls+1","theDuelist:GenexNeutron+1","Master of Strategy","theDuelist:HeavyMechSupportPlatform","theDuelist:Deskbot002","theDuelist:OjamaPajama","theDuelist:Overworked+1","theDuelist:Deskbot004+1","theDuelist:AncientGearChimera+1","theDuelist:ParallelPortArmor","theDuelist:Apoqliphort+1","theDuelist:LightningDarts+1","theDuelist:BlastJuggler+1","theDuelist:BlindDestruction+1","theDuelist:Overworked+1","theDuelist:MetalDragon+1","theDuelist:Geargiauger","theDuelist:HeavyFreightTrainDerricane+1","theDuelist:DreadnoughtDreadnoid","theDuelist:BlindDestruction+1","theDuelist:Biofalcon+1","theDuelist:Deskbot003+1","theDuelist:Deskbot002"],"relics":["theDuelist:MillenniumPuzzle","theDuelist:ChallengePuzzle","theDuelist:CardPoolRelic","theDuelist:CardPoolBasicRelic","theDuelist:BoosterPackPoolRelic","theDuelist:CardPoolAddRelic","theDuelist:CardPoolMinusRelic","theDuelist:CardPoolSaveRelic","theDuelist:CardPoolOptionsRelic","Toy Ornithopter","MealTicket","Potion Belt","MawBank","theDuelist:AknamkanonsEssence","Vajra","theDuelist:EngineeringToken","Velvet Choker","Membership Card","Molten Egg 2","Whetstone","Pen Nib","Boot","Red Mask","theDuelist:MillenniumToken","theDuelist:MillenniumKey","theDuelist:PointPass","theDuelist:RouletteWheel"],"acts_visited":["Exordium","TheCity","TheBeyond"],"potions_floor_usage":[19,27,28,29,33,33,40,40,47,51],"damage_taken":[{"damage":0.0,"enemies":"Cultist","floor":1.0,"turns":3.0},{"damage":14.0,"enemies":"2 Louse","floor":2.0,"turns":3.0},{"damage":0.0,"enemies":"Small Slimes","floor":3.0,"turns":1.0},{"damage":0.0,"enemies":"Exordium Thugs","floor":4.0,"turns":3.0},{"damage":0.0,"enemies":"3 Sentries","floor":6.0,"turns":1.0},{"damage":0.0,"enemies":"2 Fungi Beasts","floor":8.0,"turns":1.0},{"damage":2.0,"enemies":"Gremlin Nob","floor":10.0,"turns":3.0},{"damage":9.0,"enemies":"3 Sentries","floor":14.0,"turns":4.0},{"damage":20.0,"enemies":"Hexaghost","floor":16.0,"turns":5.0},{"damage":2,"enemies":"2 Thieves","floor":18,"turns":3},{"damage":11,"enemies":"3 Byrds","floor":19,"turns":3},{"damage":0,"enemies":"3 Cultists","floor":22,"turns":3},{"damage":2,"enemies":"Gremlin Leader","floor":23,"turns":3},{"damage":14,"enemies":"Slavers","floor":27,"turns":3},{"damage":0,"enemies":"Chosen and Byrds","floor":28,"turns":2},{"damage":12,"enemies":"Masked Bandits","floor":29,"turns":2},{"damage":0,"enemies":"Sentry and Sphere","floor":31,"turns":3},{"damage":0,"enemies":"Automaton","floor":33,"turns":5},{"damage":0,"enemies":"3 Darklings","floor":35,"turns":3},{"damage":0,"enemies":"3 Shapes","floor":38,"turns":3},{"damage":0,"enemies":"Sphere and 2 Shapes","floor":39,"turns":1},{"damage":21,"enemies":"Nemesis","floor":40,"turns":3},{"damage":0,"enemies":"Jaw Worm Horde","floor":46,"turns":2},{"damage":16,"enemies":"Writhing Mass","floor":47,"turns":5},{"damage":0,"enemies":"Sphere and 2 Shapes","floor":48,"turns":3},{"damage":32,"enemies":"Donu and Deca","floor":50,"turns":5},{"damage":32,"enemies":"Time Eater","floor":51,"turns":3}],"seed_played":"-2835971343591117285","potions_obtained":[{"floor":2.0,"key":"Strength Potion"},{"floor":4.0,"key":"SteroidPotion"},{"floor":6.0,"key":"Energy Potion"},{"floor":13.0,"key":"theDuelist:SteelBrew"},{"floor":13.0,"key":"EssenceOfSteel"},{"floor":14.0,"key":"PowerPotion"},{"floor":16.0,"key":"FocusPotion"},{"floor":18,"key":"Swift Potion"},{"floor":22,"key":"Weak Potion"},{"floor":27,"key":"theDuelist:TokenPotionB"},{"floor":28,"key":"theDuelist:FluxPotion"},{"floor":33,"key":"theDuelist:ReducerPotion"},{"floor":38,"key":"Swift Potion"}],"is_trial":false,"path_per_floor":["M","M","M","M","?","E","R","M","T","E","$","?","?","E","R","B",null,"M","M","?","$","M","E","R","?","T","E","M","?","$","M","R","B",null,"M","?","$","M","M","E","R","?","T","R","?","M","M","M","R","B","B"],"character_chosen":"THE_DUELIST","items_purchased":["theDuelist:AknamkanonsEssence","theDuelist:GenexNeutron","Membership Card","Molten Egg 2","theDuelist:MillenniumToken","theDuelist:Deskbot002","theDuelist:PointPass","theDuelist:ParallelPortArmor","Dexterity Potion","Master of Strategy","theDuelist:Biofalcon+1","theDuelist:BlindDestruction+1","theDuelist:TokenPotionB"],"campfire_rested":2,"item_purchase_floors":[11,11,21,21,30,30,37,37,37,37,37,37,37],"current_hp_per_floor":[63,49,49,49,28,33,33,33,33,36,51,40,40,31,31,21,55,53,47,47,62,60,58,58,58,58,52,57,50,61,61,61,61,61,61,61,61,61,61,40,58,58,58,58,58,58,47,47,58,26,0,0],"gold":255,"neow_bonus":"RANDOM_COMMON_RELIC","is_daily":false,"chose_seed":false,"campfire_upgraded":4,"win_rate":0.0,"timestamp":1613195675,"path_taken":["M","M","M","M","?","E","R","M","T","E","$","?","?","E","R","BOSS","M","M","?","$","M","E","R","?","T","E","M","?","$","M","R","BOSS","M","?","$","M","?","E","R","?","T","R","?","M","M","M","R","BOSS","BOSS"],"items_purchased_type":["Relic","Card","Relic","Relic","Relic","Card","Relic","Card","Potion","Card","Card","Card","Potion"],"build_version":"2020-12-22","purchased_purges":1,"victory":false,"max_hp_per_floor":[70,70,70,70,70,70,70,70,70,70,70,70,70,68,68,66,66,64,62,62,62,60,58,58,58,58,61,61,61,61,61,61,61,61,61,61,61,61,61,61,61,58,58,58,58,58,58,58,58,58,58,58],"card_choices":[{"not_picked":["theDuelist:CannonSoldier","theDuelist:CyberRaider","theDuelist:CyberArchfiend","theDuelist:Tuningware"],"picked":"theDuelist:HeavyFreightTrainDerricane","floor":1.0},{"not_picked":["theDuelist:PowerGiant","theDuelist:Polymerization","theDuelist:WingedKuriboh","theDuelist:ScrapFactory"],"picked":"theDuelist:LightningDarts","floor":2.0},{"not_picked":["theDuelist:CoreBlaster","theDuelist:DoubleTool","theDuelist:CardsFromTheSky","theDuelist:StimPack","theDuelist:AncientGearWorkshop"],"picked":"SKIP","floor":3.0},{"not_picked":["theDuelist:DoubleTool","theDuelist:CardsFromTheSky","theDuelist:StimPack","theDuelist:OutriggerExtension"],"picked":"theDuelist:CoreBlaster","floor":4.0},{"not_picked":["theDuelist:Deskbot003","theDuelist:ScrapBeast","theDuelist:CardsFromTheSky","theDuelist:WonderGarage"],"picked":"theDuelist:GearGigant","floor":6.0},{"not_picked":["theDuelist:ArtifactSanctum+1","theDuelist:ImperialOrder+1","theDuelist:MetalholdMovingBlockade+1","theDuelist:UnionHangar+1"],"picked":"theDuelist:Overworked+1","floor":8.0},{"not_picked":["theDuelist:Biofalcon","theDuelist:CyberArchfiend","theDuelist:GearGigant","theDuelist:JunkWarrior"],"picked":"theDuelist:Geargiauger","floor":10.0},{"not_picked":["theDuelist:WingedKuriboh","theDuelist:FlyingSaucer","theDuelist:FluteKuriboh","theDuelist:SystemDown"],"picked":"theDuelist:DreadnoughtDreadnoid","floor":14.0},{"not_picked":["theDuelist:GoldenBlastJuggler","theDuelist:IronhammerGiant","theDuelist:SevenCompleted","theDuelist:SteamTrainKing"],"picked":"theDuelist:Apoqliphort","floor":16.0},{"not_picked":["theDuelist:AncientGearGadjiltron","theDuelist:GoldenBlastJuggler"],"picked":"theDuelist:HeavyMetalRaiders","floor":18},{"not_picked":["theDuelist:Biofalcon","theDuelist:CyberArchfiend","theDuelist:Deskbot004","theDuelist:BlastJuggler"],"picked":"theDuelist:GearGigant+1","floor":19},{"not_picked":["theDuelist:CoreBlaster+1","theDuelist:Deskbot004+1","theDuelist:JunkWarrior+1","theDuelist:AllySalvo+1"],"picked":"theDuelist:Geargiauger+1","floor":22},{"not_picked":["theDuelist:CannonSoldier+1","theDuelist:AncientGearBox+1","theDuelist:StimPack","theDuelist:ElectromagneticTurtle"],"picked":"theDuelist:AncientGearChimera+1","floor":23},{"not_picked":["theDuelist:CoreBlaster+1","theDuelist:CyberArchfiend+1","theDuelist:TokenVacuum+1","theDuelist:LimiterRemoval+1"],"picked":"theDuelist:BlastJuggler+1","floor":27},{"not_picked":["theDuelist:GearGigant+1","theDuelist:Deskbot003","theDuelist:Deskbot004+1","theDuelist:CatapultTurtle"],"picked":"theDuelist:Tuningware","floor":28},{"not_picked":["theDuelist:GearGigant+1","theDuelist:YellowGadget","theDuelist:Biofalcon+1","theDuelist:FrontlineObserver+1"],"picked":"theDuelist:Deskbot002","floor":29},{"not_picked":["theDuelist:BlockGolem","theDuelist:GemElephant","theDuelist:LostGuardian","theDuelist:PowerGiant+1"],"picked":"theDuelist:LabyrinthWall","floor":31},{"not_picked":["theDuelist:GoldenBlastJuggler+1","theDuelist:MachineKingPrototype+1","theDuelist:SteamTrainKing+1","theDuelist:SwordsConcealing"],"picked":"theDuelist:Apoqliphort+1","floor":33},{"not_picked":["theDuelist:Biofalcon+1","theDuelist:FrontlineObserver+1","theDuelist:GearGigant+1","theDuelist:JunkWarrior+1","theDuelist:JadeKnight+1"],"picked":"SKIP","floor":35},{"not_picked":["theDuelist:Biofalcon+1","theDuelist:FrontlineObserver+1","theDuelist:GearGigant+1","theDuelist:JunkWarrior+1","theDuelist:JadeKnight+1"],"picked":"SKIP","floor":35},{"not_picked":["theDuelist:JunkWarrior+1","theDuelist:ScrapIronScarecrow","theDuelist:FrontlineObserver+1","theDuelist:GenexAllyBirdman+1"],"picked":"theDuelist:BlindDestruction+1","floor":38},{"not_picked":["theDuelist:JunkSpeeder+1","theDuelist:Kuribohrn","theDuelist:Solidarity","theDuelist:YamiForm"],"picked":"theDuelist:PotGenerosity","floor":39},{"not_picked":["theDuelist:GoldenBlastJuggler+1","theDuelist:GravityLash+1","theDuelist:PineappleBlast+1","theDuelist:Apoqliphort+1"],"picked":"theDuelist:Overworked+1","floor":40},{"not_picked":["theDuelist:AncientGearGadjiltron+1","theDuelist:AncientGearReactorDragon+1","theDuelist:BarrelDragon+1","theDuelist:MegafleetDragon+1"],"picked":"theDuelist:MetalDragon+1","floor":46},{"not_picked":["theDuelist:DoubleTool+1","theDuelist:JunkWarrior+1","theDuelist:Factory100Machines","theDuelist:AncientGearChimera+1"],"picked":"theDuelist:Deskbot003+1","floor":47},{"not_picked":["theDuelist:AncientGearReactorDragon+1","theDuelist:HeavyMetalRaiders+1","theDuelist:JunkKuriboh","theDuelist:CatapultTurtle"],"picked":"theDuelist:Deskbot002","floor":48}],"player_experience":2412860,"relics_obtained":[{"floor":6.0,"key":"MealTicket"},{"floor":9.0,"key":"Potion Belt"},{"floor":10.0,"key":"MawBank"},{"floor":14.0,"key":"theDuelist:EngineeringToken"},{"floor":23,"key":"Whetstone"},{"floor":26,"key":"Pen Nib"},{"floor":27,"key":"Boot"},{"floor":29,"key":"Red Mask"},{"floor":40,"key":"theDuelist:RouletteWheel"}],"event_choices":[{"damage_healed":0.0,"max_hp_gain":0.0,"max_hp_loss":0.0,"gold_gain":0.0,"event_name":"Shining Light","player_choice":"Entered Light","floor":5.0,"gold_loss":0.0,"damage_taken":21.0,"cards_upgraded":["theDuelist:Deskbot005","theDuelist:CastleWalls"]},{"damage_healed":0.0,"max_hp_gain":0.0,"max_hp_loss":0.0,"gold_gain":0.0,"event_name":"Scrap Ooze","player_choice":"Success","floor":12.0,"gold_loss":0.0,"damage_taken":11.0,"relics_obtained":["Vajra"]},{"damage_healed":0.0,"max_hp_gain":0.0,"max_hp_loss":0.0,"gold_gain":0.0,"event_name":"Lab","player_choice":"Got Potions","floor":13.0,"gold_loss":0.0,"damage_taken":0.0},{"damage_healed":0,"gold_gain":0,"player_choice":"Read","damage_taken":0,"max_hp_gain":0,"max_hp_loss":0,"event_name":"The Library","floor":20,"gold_loss":0,"cards_obtained":["theDuelist:HeavyMechSupportPlatform"]},{"damage_healed":0,"gold_gain":0,"player_choice":"Ignored","damage_taken":0,"max_hp_gain":0,"max_hp_loss":0,"event_name":"The Mausoleum","floor":25,"gold_loss":0},{"damage_healed":0,"gold_gain":0,"player_choice":"Fought Bandits","damage_taken":0,"max_hp_gain":0,"max_hp_loss":0,"event_name":"Masked Bandits","floor":29,"gold_loss":0},{"cards_removed":["theDuelist:CastleWalls"],"damage_healed":0,"gold_gain":0,"player_choice":"Purged","damage_taken":0,"max_hp_gain":0,"max_hp_loss":0,"event_name":"Purifier","floor":36,"gold_loss":0},{"damage_healed":0,"gold_gain":0,"player_choice":"Max HP","damage_taken":0,"max_hp_gain":0,"max_hp_loss":3,"event_name":"Winding Halls","floor":42,"gold_loss":0},{"damage_healed":0,"gold_gain":0,"player_choice":"Ignored","damage_taken":0,"max_hp_gain":0,"max_hp_loss":0,"event_name":"SecretPortal","floor":45,"gold_loss":0}],"is_beta":false,"boss_relics":[{"not_picked":["Runic Cube","Snecko Eye"],"picked":"Velvet Choker"},{"not_picked":["Calling Bell","Inserter"],"picked":"theDuelist:MillenniumKey"}],"items_purged_floors":[37],"is_endless":false,"potions_floor_spawned":[2,4,6,14,16,18,22,27,28,33,38,39],"killed_by":"Time Eater","ascension_level":20}}