{"host":"pj7egx7jkoz18hom","time":1613197895,"event":{"mods":["AchievementEnabler","BaseMod","Keyboard Shortcuts","Minty Spire (QoL Compilation)","SuperFastMode"],"gold_per_floor":[117,136,136,147,166,166,192,192,192,225,2,15,30,43,43,148,148,166,166,66,81,94,94,112,112,112,112,112,112,42,42,42,145,145,160,121,132,212,225,254,266,0,12,24,24],"floor_reached":44,"language":"KOR","playtime":1635,"items_purged":["Strike_B","Defend_B"],"score":448,"play_id":"e68fbca3-92b6-4041-a459-0412386c322d","local_time":"20210213153135","is_ascension_mode":false,"campfire_choices":[{"data":"Dualcast","floor":6,"key":"SMITH"},{"data":"Lockon","floor":8,"key":"SMITH"},{"floor":15,"key":"REST"},{"floor":23,"key":"DIG"},{"floor":28,"key":"DIG"},{"floor":32,"key":"DIG"},{"floor":41,"key":"DIG"}],"circlet_count":0,"master_deck":["Strike_B","Strike_B","Defend_B","Defend_B","Zap+1","Dualcast+1","Sweeping Beam","Rebound","Capacitor","Lockon+1","Leap","Double Energy","Leap","Ball Lightning","Biased Cognition","Self Repair","Consume+1","Hologram+1","Chaos","Consume","RitualDagger","Loop","Electrodynamics","Self Repair","Chill","Static Discharge+1"],"relics":["Cracked Core","Mango","Bronze Scales","Eternal Feather","Shovel","HandDrill","Nuclear Battery","Juzu Bracelet","Happy Flower","White Beast Statue","Bag of Preparation","HornCleat","Black Star","Meat on the Bone","MawBank","Nunchaku","Vajra","Red Mask","Sundial"],"acts_visited":["Exordium","TheCity","TheBeyond"],"potions_floor_usage":[5,10,16,16,16,33,33,40,40,44,44,44,44,44],"damage_taken":[{"damage":5,"enemies":"Cultist","floor":1,"turns":4},{"damage":6,"enemies":"Jaw Worm","floor":2,"turns":3},{"damage":0,"enemies":"2 Louse","floor":4,"turns":2},{"damage":3,"enemies":"Lots of Slimes","floor":5,"turns":2},{"damage":26,"enemies":"Lagavulin","floor":7,"turns":5},{"damage":25,"enemies":"3 Sentries","floor":10,"turns":5},{"damage":10,"enemies":"Exordium Wildlife","floor":12,"turns":2},{"damage":0,"enemies":"Exordium Thugs","floor":13,"turns":3},{"damage":2,"enemies":"3 Louse","floor":14,"turns":3},{"damage":26,"enemies":"The Guardian","floor":16,"turns":6},{"damage":1,"enemies":"Spheric Guardian","floor":18,"turns":3},{"damage":10,"enemies":"Shell Parasite","floor":21,"turns":3},{"damage":48,"enemies":"3 Cultists","floor":22,"turns":5},{"damage":16,"enemies":"Cultist and Chosen","floor":24,"turns":5},{"damage":56,"enemies":"Automaton","floor":33,"turns":8},{"damage":10,"enemies":"Orb Walker","floor":35,"turns":3},{"damage":2,"enemies":"3 Shapes","floor":37,"turns":2},{"damage":21,"enemies":"Sphere and 2 Shapes","floor":39,"turns":4},{"damage":67,"enemies":"Giant Head","floor":40,"turns":8},{"damage":83,"enemies":"Nemesis","floor":44,"turns":4}],"seed_played":"-1078010555789395983","potions_obtained":[{"floor":2,"key":"AttackPotion"},{"floor":4,"key":"CultistPotion"},{"floor":10,"key":"SteroidPotion"},{"floor":12,"key":"Swift Potion"},{"floor":13,"key":"FocusPotion"},{"floor":16,"key":"BlessingOfTheForge"},{"floor":21,"key":"Ancient Potion"},{"floor":24,"key":"AttackPotion"},{"floor":33,"key":"FocusPotion"},{"floor":35,"key":"Ancient Potion"},{"floor":37,"key":"Explosive Potion"},{"floor":39,"key":"EssenceOfDarkness"},{"floor":40,"key":"EntropicBrew"}],"is_trial":false,"path_per_floor":["M","M","?","M","M","R","E","R","T","E","$","M","M","M","R","B",null,"M","?","$","M","M","R","M","?","T","?","R","?","$","?","R","B",null,"M","$","M","T","M","E","R","?","T","E"],"character_chosen":"DEFECT","items_purchased":["HandDrill","Loop","Self Repair"],"campfire_rested":1,"item_purchase_floors":[11,30,36],"current_hp_per_floor":[77,71,71,71,68,68,42,42,42,17,17,7,7,5,38,12,82,81,81,81,78,37,49,40,40,40,40,52,46,46,51,63,7,82,79,79,77,77,70,29,44,44,44,0,0],"gold":24,"neow_bonus":"ONE_RARE_RELIC","is_daily":false,"chose_seed":false,"campfire_upgraded":2,"win_rate":0.0,"timestamp":1613197895,"path_taken":["M","M","?","M","M","R","E","R","T","E","$","?","M","M","R","BOSS","M","?","$","M","M","R","M","?","T","?","R","?","$","?","R","BOSS","M","?","M","?","M","E","R","?","T","E"],"items_purchased_type":["Relic","Card","Card"],"build_version":"2020-12-22","purchased_purges":2,"victory":false,"max_hp_per_floor":[82,82,82,82,82,82,82,82,82,82,82,82,82,82,82,82,82,82,82,82,82,82,82,82,82,82,82,82,82,82,82,82,82,82,82,82,82,82,82,82,82,82,82,82,82],"card_choices":[{"not_picked":["Hologram","Cold Snap"],"picked":"Sweeping Beam","floor":1},{"not_picked":["Barrage","Force Field"],"picked":"Rebound","floor":2},{"not_picked":["Sweeping Beam","Blizzard"],"picked":"Capacitor","floor":4},{"not_picked":["Reinforced Body","Rip and Tear"],"picked":"Lockon","floor":5},{"not_picked":["Compile Driver","Hologram","Blizzard"],"picked":"SKIP","floor":7},{"not_picked":["Sweeping Beam","Hologram"],"picked":"Leap","floor":10},{"not_picked":["Blizzard","Melter"],"picked":"Double Energy","floor":12},{"not_picked":["Double Energy","Beam Cell"],"picked":"Leap","floor":13},{"not_picked":["Sweeping Beam","Echo Form"],"picked":"Ball Lightning","floor":14},{"not_picked":["Multi-Cast","Amplify"],"picked":"Biased Cognition","floor":16},{"not_picked":["Streamline","Rip and Tear","Fusion"],"picked":"SKIP","floor":18},{"not_picked":["Gash","Doom and Gloom+1"],"picked":"Consume+1","floor":21},{"not_picked":["Doom and Gloom","Compile Driver"],"picked":"Hologram+1","floor":22},{"not_picked":["Conserve Battery","Gash"],"picked":"Chaos","floor":24},{"not_picked":["Biased Cognition","Thunder Strike"],"picked":"Electrodynamics","floor":33},{"not_picked":["Sweeping Beam","Gash+1","Blizzard+1"],"picked":"SKIP","floor":35},{"not_picked":["Consume+1","Steam"],"picked":"Chill","floor":37},{"not_picked":["BootSequence+1","White Noise"],"picked":"Static Discharge+1","floor":39},{"not_picked":["Gash","Cold Snap","Darkness"],"picked":"SKIP","floor":40}],"player_experience":28803,"relics_obtained":[{"floor":7,"key":"Bronze Scales"},{"floor":9,"key":"Eternal Feather"},{"floor":10,"key":"Shovel"},{"floor":23,"key":"Juzu Bracelet"},{"floor":26,"key":"Happy Flower"},{"floor":28,"key":"Bag of Preparation"},{"floor":32,"key":"HornCleat"},{"floor":38,"key":"Meat on the Bone"},{"floor":40,"key":"MawBank"},{"floor":40,"key":"Nunchaku"},{"floor":41,"key":"Vajra"},{"floor":43,"key":"Sundial"}],"event_choices":[{"damage_healed":0,"gold_gain":0,"player_choice":"Forge","damage_taken":0,"max_hp_gain":0,"max_hp_loss":0,"event_name":"Accursed Blacksmith","floor":3,"gold_loss":0,"cards_upgraded":["Zap"]},{"damage_healed":0,"gold_gain":0,"player_choice":"Read","damage_taken":0,"max_hp_gain":0,"max_hp_loss":0,"event_name":"The Library","floor":19,"gold_loss":0,"cards_obtained":["Self Repair"]},{"damage_healed":0,"gold_gain":0,"cards_transformed":["Strike_B","Defend_B"],"player_choice":"Became Test Subject","damage_taken":0,"max_hp_gain":0,"max_hp_loss":0,"event_name":"Drug Dealer","floor":25,"gold_loss":0,"cards_obtained":["Conserve Battery","Consume"]},{"damage_healed":0,"gold_gain":0,"player_choice":"Gave Potion","damage_taken":0,"relics_obtained":["White Beast Statue"],"max_hp_gain":0,"max_hp_loss":0,"event_name":"WeMeetAgain","floor":27,"gold_loss":0},{"damage_healed":0,"gold_gain":0,"player_choice":"Joined the Cult","damage_taken":6,"max_hp_gain":0,"max_hp_loss":0,"event_name":"Nest","floor":29,"gold_loss":0,"cards_obtained":["RitualDagger"]},{"cards_removed":["Conserve Battery"],"damage_healed":5,"gold_gain":0,"player_choice":"Offered Common","damage_taken":0,"max_hp_gain":0,"max_hp_loss":0,"event_name":"Bonfire Elementals","floor":31,"gold_loss":0},{"cards_removed":["Conserve Battery"],"damage_healed":5,"gold_gain":0,"player_choice":"Offered Special","damage_taken":0,"max_hp_gain":0,"max_hp_loss":0,"event_name":"Bonfire Elementals","floor":31,"gold_loss":0},{"damage_healed":0,"gold_gain":0,"player_choice":"Paid","damage_taken":0,"relics_obtained":["Red Mask"],"max_hp_gain":0,"max_hp_loss":0,"event_name":"Tomb of Lord Red Mask","floor":42,"gold_loss":278}],"is_beta":false,"boss_relics":[{"not_picked":["Sozu","Tiny House"],"picked":"Nuclear Battery"},{"not_picked":["SacredBark","Busted Crown"],"picked":"Black Star"}],"items_purged_floors":[11,20],"is_endless":false,"potions_floor_spawned":[2,4,10,12,13,16,21,24,33,35,37,39,40],"killed_by":"Nemesis","ascension_level":0}}