{"host":"n5x0e04y88v3omrc","time":1613209186,"event":{"mods":["Aspiration","BaseMod","Colored Powertips","Downfall","Minty Spire (QoL Compilation)","Replay The Spire","Shop Mod","StSLib"],"gold_per_floor":[118,129,129,146,146,146,38,89,89,115,115,132,146,159,159,159,159],"floor_reached":16,"language":"ZHS","playtime":1252,"items_purged":["Voices"],"score":102,"play_id":"b14f1095-db78-463b-a6cf-48df1084c2a5","local_time":"20210213173946","is_ascension_mode":false,"campfire_choices":[{"data":"Sweeping Beam","floor":6,"key":"SMITH"},{"data":"Streamline","floor":11,"key":"SMITH"},{"data":"Streamline","floor":15,"key":"SMITH"}],"circlet_count":0,"master_deck":["Strike_B","Strike_B","Strike_B","Strike_B","Defend_B","Defend_B","Defend_B","Zap","Dualcast","Sweeping Beam+1","Coolheaded","Conserve Battery","Streamline+1","Streamline+1","Doom and Gloom","Beam Cell","Chill","Crystallizer"],"relics":["Cracked Core","NeowsBlessing","ReplayTheSpireMod:Ring of Collecting","Ring of Misfortune","Ring of Peace","White Beast Statue","Incense Burner"],"acts_visited":["Exordium"],"potions_floor_usage":[14,16,16,16],"damage_taken":[{"damage":0,"enemies":"Small Slimes","floor":1,"turns":1},{"damage":0,"enemies":"Cultist","floor":2,"turns":1},{"damage":0,"enemies":"2 Louse","floor":4,"turns":1},{"damage":12,"enemies":"Lagavulin","floor":10,"turns":6},{"damage":12,"enemies":"Exordium Wildlife","floor":12,"turns":3},{"damage":0,"enemies":"2 Fungi Beasts","floor":13,"turns":3},{"damage":0,"enemies":"Lots of Slimes","floor":14,"turns":1},{"damage":84,"enemies":"Fading Forest","floor":16,"turns":10}],"seed_played":"-7183539896052579428","potions_obtained":[{"floor":10,"key":"Toxic Potion"},{"floor":12,"key":"Fire Potion"},{"floor":13,"key":"Swift Potion"},{"floor":14,"key":"AttackPotion"}],"is_trial":false,"path_per_floor":["M","M","?","M","?","R","$","?","T","E","R","M","M","M","R","B"],"character_chosen":"DEFECT","items_purchased":["Streamline"],"campfire_rested":0,"item_purchase_floors":[7],"current_hp_per_floor":[75,75,75,75,75,75,75,75,75,63,63,51,51,51,51,0,0],"gold":159,"neow_bonus":"THREE_ENEMY_KILL","is_daily":false,"chose_seed":false,"campfire_upgraded":3,"win_rate":0.0,"timestamp":1613209186,"path_taken":["M","M","?","?","?","R","?","?","T","E","R","M","?","M","R","BOSS"],"items_purchased_type":["Card"],"build_version":"2020-12-22","purchased_purges":1,"victory":false,"max_hp_per_floor":[75,75,75,75,75,75,75,75,75,75,75,75,75,75,75,75,75],"card_choices":[{"not_picked":["Compile Driver","ReplayGash"],"picked":"Sweeping Beam","floor":1},{"not_picked":["Stack","Scrape"],"picked":"Coolheaded","floor":2},{"not_picked":["Melter","Streamline"],"picked":"Conserve Battery","floor":4},{"not_picked":["Hologram","Amplify"],"picked":"Doom and Gloom","floor":10},{"not_picked":["ReplaySolidLightProjector","Steam"],"picked":"Beam Cell","floor":12},{"not_picked":["FTL","ReplayTheSpireMod:GoodbyeWorld"],"picked":"Chill","floor":13},{"not_picked":["Hello World","FIFO Queue"],"picked":"Crystallizer","floor":14}],"player_experience":9466,"relics_obtained":[{"floor":5,"key":"ReplayTheSpireMod:Ring of Collecting"},{"floor":5,"key":"Ring of Misfortune"},{"floor":9,"key":"Ring of Peace"},{"floor":9,"key":"White Beast Statue"},{"floor":10,"key":"Incense Burner"}],"event_choices":[{"cards_removed":["Defend_B"],"damage_healed":0,"gold_gain":0,"player_choice":"Card Removal","damage_taken":0,"max_hp_gain":0,"max_hp_loss":0,"event_name":"Wheel of Change","floor":3,"gold_loss":0},{"damage_healed":0,"gold_gain":51,"player_choice":"Gained Gold","damage_taken":0,"max_hp_gain":0,"max_hp_loss":0,"event_name":"Golden Wing","floor":8,"gold_loss":0}],"is_beta":false,"boss_relics":[],"items_purged_floors":[7],"is_endless":false,"potions_floor_spawned":[10,12,13,14],"killed_by":"Fading Forest","ascension_level":0}}