{"host":"pj7egx7jkoz18hom","time":1613189717,"event":{"mods":["AchievementEnabler","BaseMod","Keyboard Shortcuts","Minty Spire (QoL Compilation)","SuperFastMode"],"gold_per_floor":[13,13,13,31,49,49,60,89,169,169,94,108,71,88,88,191,191,202,229,229,242,242,242,257,287,287,287,322,333,333,151,151,249,249,269,283,330,330,0,0,20,45,45,45,45,58,58,58,58,58],"floor_reached":51,"language":"KOR","playtime":2105,"items_purged":["Malaise","A Thousand Cuts","All Out Attack"],"score":738,"play_id":"274db6ea-c5d8-44b4-9a6c-f0f1f127c8dc","local_time":"20210213131516","is_ascension_mode":false,"campfire_choices":[{"data":"Neutralize","floor":6,"key":"SMITH"},{"data":"Bouncing Flask","floor":10,"key":"SMITH"},{"data":"Catalyst","floor":15,"key":"SMITH"},{"floor":23,"key":"REST"},{"floor":27,"key":"REST"},{"data":"Catalyst","floor":30,"key":"SMITH"},{"data":"Escape Plan","floor":32,"key":"SMITH"},{"floor":40,"key":"REST"},{"floor":45,"key":"REST"},{"data":"Survivor","floor":47,"key":"SMITH"},{"data":"Bane","floor":49,"key":"SMITH"}],"circlet_count":0,"master_deck":["Defend_G","Defend_G","Defend_G","Survivor+1","Neutralize+1","Reflex","Acrobatics","Bouncing Flask+1","Bane+1","Catalyst+1","Catalyst+1","Escape Plan+1","Crippling Poison+1","Prepared+1","Backflip+1","Crippling Poison+1","Blur+1","Night Terror+1","Calculated Gamble+1","Deadly Poison+1"],"relics":["Ring of the Snake","Ginger","Happy Flower","Meat on the Bone","Busted Crown","Red Mask","Darkstone Periapt","Toxic Egg 2","Strawberry","Astrolabe","Torii","Oddly Smooth Stone","Paper Crane","Mummified Hand"],"acts_visited":["Exordium","TheCity","TheBeyond"],"potions_floor_usage":[4,8,8,16,29,29,33,35,37,46,50,50],"damage_taken":[{"damage":0,"enemies":"2 Louse","floor":1,"turns":3},{"damage":9,"enemies":"Jaw Worm","floor":4,"turns":4},{"damage":2,"enemies":"Small Slimes","floor":5,"turns":2},{"damage":0,"enemies":"Blue Slaver","floor":7,"turns":3},{"damage":5,"enemies":"Gremlin Nob","floor":8,"turns":3},{"damage":3,"enemies":"3 Louse","floor":12,"turns":2},{"damage":0,"enemies":"Lots of Slimes","floor":14,"turns":2},{"damage":6,"enemies":"Hexaghost","floor":16,"turns":7},{"damage":18,"enemies":"3 Byrds","floor":18,"turns":5},{"damage":41,"enemies":"Masked Bandits","floor":19,"turns":4},{"damage":10,"enemies":"2 Thieves","floor":21,"turns":4},{"damage":6,"enemies":"Snecko","floor":24,"turns":3},{"damage":7,"enemies":"Book of Stabbing","floor":25,"turns":3},{"damage":24,"enemies":"Gremlin Leader","floor":28,"turns":4},{"damage":0,"enemies":"3 Cultists","floor":29,"turns":3},{"damage":13,"enemies":"Automaton","floor":33,"turns":4},{"damage":0,"enemies":"Orb Walker","floor":35,"turns":3},{"damage":13,"enemies":"3 Darklings","floor":36,"turns":4},{"damage":23,"enemies":"2 Orb Walkers","floor":37,"turns":6},{"damage":23,"enemies":"Sphere and 2 Shapes","floor":41,"turns":5},{"damage":9,"enemies":"Giant Head","floor":42,"turns":2},{"damage":0,"enemies":"Writhing Mass","floor":46,"turns":2},{"damage":31,"enemies":"Awakened One","floor":50,"turns":8}],"seed_played":"-1191630750604944390","potions_obtained":[{"floor":1,"key":"ColorlessPotion"},{"floor":5,"key":"DistilledChaos"},{"floor":7,"key":"LiquidMemories"},{"floor":14,"key":"LiquidBronze"},{"floor":16,"key":"FearPotion"},{"floor":25,"key":"EntropicBrew"},{"floor":28,"key":"CunningPotion"},{"floor":29,"key":"DuplicationPotion"},{"floor":35,"key":"Dexterity Potion"},{"floor":42,"key":"AttackPotion"}],"is_trial":false,"path_per_floor":["M","?","?","M","M","R","M","E","T","R","$","M","?","M","R","B",null,"M","?","?","M","?","R","M","E","T","R","E","M","R","$","R","B",null,"M","M","?","?","$","R","M","E","T","$","R","M","R","?","R","B",null],"character_chosen":"THE_SILENT","items_purchased":["Crippling Poison+1","Oddly Smooth Stone","Deadly Poison+1"],"campfire_rested":4,"item_purchase_floors":[31,39,39],"current_hp_per_floor":[70,70,63,54,52,52,52,47,47,47,47,44,44,44,44,38,70,52,23,23,25,25,46,40,45,45,66,49,49,49,49,49,48,77,77,64,41,41,41,64,41,44,44,44,67,67,67,72,72,41],"gold":58,"neow_bonus":"TRANSFORM_TWO_CARDS","is_daily":false,"chose_seed":false,"campfire_upgraded":7,"win_rate":0.0,"timestamp":1613189716,"path_taken":["M","?","?","M","M","R","M","E","T","R","$","M","?","M","R","BOSS","M","?","?","M","?","R","M","E","T","R","E","M","R","$","R","BOSS","M","M","?","?","$","R","?","E","T","$","R","M","R","?","R","BOSS"],"items_purchased_type":["Card","Relic","Card"],"build_version":"2020-12-22","purchased_purges":3,"victory":true,"max_hp_per_floor":[70,70,70,70,70,70,70,70,70,70,70,70,70,70,70,70,70,70,70,70,70,70,70,70,70,70,70,77,77,77,77,77,77,77,77,77,77,77,77,77,77,77,77,77,77,77,77,77,77,77],"card_choices":[{"not_picked":["Dodge and Roll","Masterful Stab"],"picked":"All Out Attack","floor":1},{"not_picked":["Outmaneuver","Predator"],"picked":"Acrobatics","floor":4},{"not_picked":["Expertise","Skewer"],"picked":"Dagger Throw","floor":5},{"not_picked":["Prepared","Predator"],"picked":"Bouncing Flask","floor":7},{"not_picked":["Finisher","Acrobatics"],"picked":"Bane","floor":8},{"not_picked":["Dash","Crippling Poison"],"picked":"Catalyst","floor":12},{"not_picked":["Poisoned Stab","Dodge and Roll"],"picked":"Catalyst","floor":14},{"not_picked":["Slice"],"picked":"SKIP","floor":18},{"not_picked":[],"picked":"Crippling Poison+1","floor":21},{"not_picked":["Dagger Spray"],"picked":"SKIP","floor":24},{"not_picked":["Bane"],"picked":"SKIP","floor":25},{"not_picked":[],"picked":"Prepared+1","floor":28},{"not_picked":[],"picked":"Backflip+1","floor":29},{"not_picked":["Skewer+1"],"picked":"SKIP","floor":35},{"not_picked":["Dash+1"],"picked":"SKIP","floor":36},{"not_picked":["Backflip+1"],"picked":"SKIP","floor":41},{"not_picked":["Quick Slash+1"],"picked":"SKIP","floor":42},{"not_picked":["Well Laid Plans"],"picked":"SKIP","floor":46}],"player_experience":21780,"relics_obtained":[{"floor":8,"key":"Happy Flower"},{"floor":9,"key":"Meat on the Bone"},{"floor":19,"key":"Red Mask"},{"floor":25,"key":"Darkstone Periapt"},{"floor":26,"key":"Toxic Egg 2"},{"floor":28,"key":"Strawberry"},{"floor":37,"key":"Torii"},{"floor":42,"key":"Paper Crane"},{"floor":43,"key":"Mummified Hand"}],"event_choices":[{"damage_healed":0,"gold_gain":0,"cards_transformed":["Strike_G"],"player_choice":"Change","damage_taken":0,"max_hp_gain":0,"max_hp_loss":0,"event_name":"Living Wall","floor":2,"gold_loss":0,"cards_obtained":["All Out Attack"]},{"damage_healed":0,"gold_gain":0,"player_choice":"Success","damage_taken":7,"relics_obtained":["Ginger"],"max_hp_gain":0,"max_hp_loss":0,"event_name":"Scrap Ooze","floor":3,"gold_loss":0},{"damage_healed":0,"gold_gain":0,"player_choice":"Left Gold","damage_taken":0,"max_hp_gain":0,"max_hp_loss":0,"event_name":"World of Goop","floor":13,"gold_loss":37},{"damage_healed":0,"gold_gain":0,"player_choice":"Fought Bandits","damage_taken":0,"max_hp_gain":0,"max_hp_loss":0,"event_name":"Masked Bandits","floor":19,"gold_loss":0},{"damage_healed":0,"gold_gain":0,"cards_transformed":["Strike_G","All Out Attack"],"player_choice":"Became Test Subject","damage_taken":0,"max_hp_gain":0,"max_hp_loss":0,"event_name":"Drug Dealer","floor":20,"gold_loss":0,"cards_obtained":["Escape Plan","A Thousand Cuts"]},{"damage_healed":0,"gold_gain":0,"player_choice":"Ignored","damage_taken":0,"max_hp_gain":0,"max_hp_loss":0,"event_name":"Ghosts","floor":22,"gold_loss":0},{"damage_healed":0,"gold_gain":0,"player_choice":"Fight","damage_taken":0,"max_hp_gain":0,"max_hp_loss":0,"event_name":"Mysterious Sphere","floor":37,"gold_loss":0},{"damage_healed":0,"gold_gain":0,"cards_transformed":["Bullet Time"],"player_choice":"Transformed","damage_taken":0,"max_hp_gain":0,"max_hp_loss":0,"event_name":"Transmorgrifier","floor":38,"gold_loss":0,"cards_obtained":["Calculated Gamble"]},{"cards_removed":["Dagger Throw"],"damage_healed":5,"gold_gain":0,"player_choice":"Offered Common","damage_taken":0,"max_hp_gain":0,"max_hp_loss":0,"event_name":"Bonfire Elementals","floor":48,"gold_loss":0},{"cards_removed":["Dagger Throw"],"damage_healed":5,"gold_gain":0,"player_choice":"Offered Special","damage_taken":0,"max_hp_gain":0,"max_hp_loss":0,"event_name":"Bonfire Elementals","floor":48,"gold_loss":0}],"is_beta":false,"boss_relics":[{"not_picked":["Snecko Eye","Black Star"],"picked":"Busted Crown"},{"not_picked":["Runic Pyramid","Calling Bell"],"picked":"Astrolabe"}],"items_purged_floors":[11,31,39],"is_endless":false,"potions_floor_spawned":[1,5,7,14,16,25,28,29,35,42],"ascension_level":0}}