{"host":"t9zjxed0utvsfjwc","time":1613195942,"event":{"mods":["2.2 Compatiblity","Aspiration","BaseMod","Better Altar","Better Match","Better Note","Better Sensory Stone","Better Skull","Better Third Choice","Block Reminder","Colored Map","Colored Powertips","Custom Start","Downfall","Hermit","Highlight Path","Hubris","Infinite Spire","Marisa????????","Minty Spire (QoL Compilation)","Quick Restart","Rare Cards Sparkle","Reliquary","Replay The Spire","StSLib","The Cursed","The Marked","The Runesmith","Unceasing Turn Reminder","everything is the same but u backflip on backflip"],"gold_per_floor":[110,110,122,122,134,162,162,48,73,91,10,45,57,57,57,161,161,180,180,180],"floor_reached":19,"language":"ENG","playtime":649,"items_purged":["Pain"],"score":177,"play_id":"873b6383-9931-417a-a6d7-9429fb4c0fc3","local_time":"20210213055902","is_ascension_mode":false,"campfire_choices":[{"data":"theMarked:EmpowerWeapon","floor":7,"key":"SMITH"},{"floor":15,"key":"REST"}],"circlet_count":0,"master_deck":["theMarked:Strike","theMarked:Strike","theMarked:Strike","theMarked:Strike","theMarked:Strike","theMarked:Defend","theMarked:Defend","theMarked:Defend","theMarked:Defend","theMarked:SoldierOfQuellstein","theMarked:WardOff+1","theMarked:EmpowerWeapon+1","theMarked:RogueSparks","theMarked:EmpowerWeapon","theMarked:OneWithTheBlade","theMarked:WardOff+1"],"relics":["theMarked:ArtifactOfAir","NeowsBlessing","WarpedTongs","infinitespire:Lucky Rock","Omamori","Strawberry"],"acts_visited":["Exordium","TheCity"],"potions_floor_usage":[6,12,13],"damage_taken":[{"damage":0,"enemies":"Small Slimes","floor":1,"turns":1},{"damage":1,"enemies":"Cultist","floor":3,"turns":1},{"damage":0,"enemies":"2 Louse","floor":5,"turns":1},{"damage":32,"enemies":"Gremlin Nob","floor":6,"turns":5},{"damage":4,"enemies":"Exordium Thugs","floor":10,"turns":4},{"damage":22,"enemies":"3 Sentries","floor":12,"turns":5},{"damage":0,"enemies":"2 Fungi Beasts","floor":13,"turns":2},{"damage":28,"enemies":"The Guardian","floor":16,"turns":9},{"damage":19,"enemies":"Spheric Guardian","floor":18,"turns":4},{"damage":15,"enemies":"3 Byrds","floor":19,"turns":2}],"seed_played":"8684287318416455786","potions_obtained":[{"floor":3,"key":"LiquidMemories"},{"floor":5,"key":"Energy Potion"},{"floor":6,"key":"Ancient Potion"},{"floor":12,"key":"theMarked:ChargePotion"}],"is_trial":false,"path_per_floor":["M","?","M","?","M","E","R","$","T","M","$","E","M","$","R","B",null,"M","M"],"character_chosen":"THE_DEFAULT","items_purchased":["theMarked:RogueSparks","theMarked:OneWithTheBlade"],"campfire_rested":1,"item_purchase_floors":[8,11],"current_hp_per_floor":[70,70,69,69,69,37,37,37,37,33,33,18,18,18,41,13,77,58,43,43],"gold":180,"neow_bonus":"THREE_ENEMY_KILL","is_daily":false,"chose_seed":false,"campfire_upgraded":1,"win_rate":0.0,"timestamp":1613195942,"path_taken":["M","?","?","?","M","E","R","$","T","M","$","E","M","?","R","BOSS","M","M"],"items_purchased_type":["Card","Card"],"build_version":"2020-12-22","purchased_purges":1,"victory":false,"max_hp_per_floor":[70,70,70,70,70,70,70,70,70,70,70,77,77,77,77,77,77,77,77,77],"card_choices":[{"not_picked":["theMarked:ResourceFulStrike","theMarked:Frustration"],"picked":"theMarked:WardOff","floor":1},{"not_picked":["theMarked:Parkour","theMarked:KeepCalmAndFight","theMarked:WastefulAttack"],"picked":"SKIP","floor":3},{"not_picked":["theMarked:GodGivenPower","theMarked:Heritage"],"picked":"theMarked:EmpowerWeapon","floor":5},{"not_picked":["theMarked:SwordAndMagic","theMarked:Electrocute","theMarked:Polarize"],"picked":"SKIP","floor":6},{"not_picked":["theMarked:Electrify","theMarked:Reabsorb"],"picked":"theMarked:EmpowerWeapon","floor":10},{"not_picked":["theMarked:Aftermath","theMarked:Opportunist","theMarked:TurnInvisible"],"picked":"SKIP","floor":12},{"not_picked":["theMarked:Frustration","theMarked:SwordAndMagic","theMarked:Reabsorb"],"picked":"SKIP","floor":13},{"not_picked":["theMarked:MuscleMemory","theMarked:EmpowerWeapon"],"picked":"theMarked:WardOff+1","floor":18}],"player_experience":545770,"relics_obtained":[{"floor":6,"key":"infinitespire:Lucky Rock"},{"floor":9,"key":"Omamori"},{"floor":12,"key":"Strawberry"}],"event_choices":[{"damage_healed":0,"gold_gain":0,"player_choice":"Rummage","damage_taken":0,"relics_obtained":["WarpedTongs"],"max_hp_gain":0,"max_hp_loss":0,"event_name":"Accursed Blacksmith","floor":2,"gold_loss":0,"cards_obtained":["Pain"]}],"is_beta":false,"boss_relics":[{"not_picked":["reliquary:KinkedSpring","hubris:TerracottaHorce","aspiration:RunesmithSkillbook"]}],"items_purged_floors":[8],"is_endless":false,"potions_floor_spawned":[3,5,6,12],"killed_by":"3 Byrds","ascension_level":0}}