{"host":"gj67si5k8996twoo","time":1613206521,"event":{"mods":["100% Spire Juice","Abigail Mod","Act Like it!","Bartender","BaseMod","Chen","Colored Map","Downfall","Friendly Minions","Gensokyo","GifTheSpireLib","Hermit","Highlight Path","Jorbs\u0027s Wanderer Trilogy","KinomotoSakuraMod(????)","Kiyohime????","Koishi","Luminous","Marisa????????","Minty Spire (QoL Compilation)","Onozuka Komachi Mod","Prisma Mod","Railgun Mod","Reimu??????","Remilia??????","Remove Card Discount Mod","Shop Mod","Slumbering Mod","StSLib","Td1madao Mod","The Administrix","The Alterego","The Animator","The Servant 0.9.4","The Valiant","TheSwordswoman","WarShipGirlsR/????R mod","Yakumo Yukari mod","Yohane!","Yuri Mod","Yuyuko"],"gold_per_floor":[112,123,123,123,6,6,22,42,69,69,81,26,26,43,43,141,141,159,173,173,2,15,41,41,72,99,99,114,114,114,364,364,364,364],"floor_reached":33,"language":"ENG","playtime":2151,"items_purged":["Strike_Bartender","Strike_Bartender","Defend_Bartender","Defend_Bartender","Defend_Bartender","Defend_Bartender","Strike_Bartender","Strike_Bartender"],"score":300,"play_id":"960dc7b0-830f-4581-be26-dbb5e3268d04","local_time":"20210213095521","is_ascension_mode":false,"campfire_choices":[{"data":"Gensokyo:CrescentMoonSlash","floor":6,"key":"SMITH"},{"data":"Feint","floor":10,"key":"SMITH"},{"data":"Waterkick","floor":15,"key":"SMITH"},{"data":"Meteodrive","floor":24,"key":"SMITH"},{"floor":27,"key":"REST"},{"data":"Feint","floor":30,"key":"SMITH"},{"data":"Center_Self","floor":32,"key":"SMITH"}],"circlet_count":0,"master_deck":["Somersault","Sucker_Punch","Gensokyo:CrescentMoonSlash+1","Feint+1","Power_Up_Punch","Cross","Waterkick+1","Dancing_Jab","Top_Shelf","Axe_Heel_Kick","Foot_Thrust+1","Dash","Momentum","Center_Self+1","Elbow_Slash","Meteodrive+1","Rising_Crane+1","Feint+1"],"relics":["Sneakers","Gensokyo:Mercy","Bag of Marbles","Dream Catcher","Singing Bowl","Silver_Glasses","Calipers","Boot","Protect_Vest","Pen Nib","Gensokyo:UndefinedDarkness"],"acts_visited":["Exordium","Gensokyo:Gensokyo"],"potions_floor_usage":[16,28],"damage_taken":[{"damage":7,"enemies":"Gensokyo:2_Kodama","floor":1,"turns":4},{"damage":2,"enemies":"Gensokyo:Gryphon","floor":2,"turns":3},{"damage":0,"enemies":"Gensokyo:Python","floor":7,"turns":3},{"damage":0,"enemies":"Gensokyo:LivingMonolith","floor":8,"turns":3},{"damage":5,"enemies":"Gensokyo:Kitsune","floor":11,"turns":3},{"damage":0,"enemies":"Gensokyo:2_Rabbits","floor":14,"turns":1},{"damage":31,"enemies":"Gensokyo:Kokoro","floor":16,"turns":10},{"damage":27,"enemies":"Gensokyo:AngelMirror","floor":18,"turns":2},{"damage":3,"enemies":"Gensokyo:CosmicMonolith","floor":19,"turns":2},{"damage":14,"enemies":"Gensokyo:Wraith","floor":22,"turns":4},{"damage":0,"enemies":"Gensokyo:Reisen","floor":23,"turns":3},{"damage":21,"enemies":"Gensokyo:Koishi","floor":25,"turns":3},{"damage":0,"enemies":"Gensokyo:Swordslinger","floor":28,"turns":2},{"damage":51,"enemies":"Gensokyo:Kaguya","floor":33,"turns":5}],"seed_played":"6473380683957471470","potions_obtained":[{"floor":2,"key":"SpeedPotion"},{"floor":8,"key":"Fire Potion"},{"floor":14,"key":"SpeedPotion"},{"floor":22,"key":"bronze:BurnAndBuffPotion"}],"is_trial":false,"path_per_floor":["M","M","?","?","COS","R","M","M","T","R","M","$","T","M","R","B",null,"M","M","?","$","M","E","R","E","T","R","M","?","R","?","R","B"],"character_chosen":"BARTENDER","items_purchased":["Waterkick","Momentum","Center_Self","Elbow_Slash"],"campfire_rested":1,"item_purchase_floors":[12,21,21,21],"current_hp_per_floor":[70,68,68,57,57,57,57,57,57,57,52,52,52,52,52,21,77,50,47,47,47,35,35,35,14,14,37,39,39,39,39,39,0,0],"gold":364,"neow_bonus":"TEN_PERCENT_HP_BONUS","is_daily":false,"chose_seed":false,"campfire_upgraded":6,"win_rate":0.0,"timestamp":1613206521,"path_taken":["M","M","?","?","COS","R","M","M","T","R","M","$","?","?","R","BOSS","M","M","?","$","M","E","R","E","T","R","M","?","R","?","R","BOSS"],"items_purchased_type":["Card","Card","Card","Card"],"build_version":"2020-12-22","purchased_purges":8,"victory":false,"max_hp_per_floor":[77,77,77,77,77,77,77,77,77,77,77,77,77,77,77,77,77,77,77,77,77,79,79,79,79,79,79,81,81,81,77,77,77,77],"card_choices":[{"not_picked":["Rope_A_Dope","Alacrity"],"picked":"Sucker_Punch","floor":1},{"not_picked":["Ball_Of_Ice","Wall_of_Ice"],"picked":"Cross","floor":2},{"not_picked":["OpoOpo_Form","With_A_Twist"],"picked":"Feint","floor":7},{"not_picked":["Training_Dummy","Free_Pour"],"picked":"Power_Up_Punch","floor":8},{"not_picked":["Ripple","Glare"],"picked":"Cross","floor":11},{"not_picked":["Ball_Of_Ice","With_A_Twist"],"picked":"Dancing_Jab","floor":14},{"not_picked":["Spirits_Within","Windup"],"picked":"Top_Shelf","floor":16},{"not_picked":["Dancing_Jab+1","Foot_Thrust"],"picked":"Axe_Heel_Kick","floor":18},{"not_picked":["Coeurl_Form+1","Sucker_Punch"],"picked":"Foot_Thrust+1","floor":19},{"not_picked":["On_The_House","Ball_Of_Ice","Meteodrive"],"picked":"Singing Bowl","floor":22},{"not_picked":["Insight_B+1","Bloodbath_Bartender"],"picked":"Meteodrive","floor":23},{"not_picked":["RockBreaker+","Raptor_Form+1"],"picked":"Rising_Crane+1","floor":25},{"not_picked":["Dancing_Jab+1","Dragonkick"],"picked":"Feint","floor":27},{"not_picked":["Cross","Pony_Shot+1","Form_Shift"],"picked":"Singing Bowl","floor":28}],"player_experience":238946,"relics_obtained":[{"floor":9,"key":"Dream Catcher"},{"floor":13,"key":"Singing Bowl"},{"floor":23,"key":"Boot"},{"floor":25,"key":"Protect_Vest"},{"floor":26,"key":"Pen Nib"}],"event_choices":[],"is_beta":false,"boss_relics":[{"not_picked":["Tiny House","Busted Crown"],"picked":"Silver_Glasses"}],"items_purged_floors":[12,12,12,12,12,12,12,12],"is_endless":false,"potions_floor_spawned":[2,8,14,22],"killed_by":"Gensokyo:Kaguya","ascension_level":0}}