{"host":"0mhttqdumuceah7q","time":1613205325,"event":{"mods":["AchievementEnabler","BaseMod","Colored Map","DeckTracker","Minty Spire (QoL Compilation)","Permanent Neow"],"gold_per_floor":[116,131,146,146,162,193,209,209,289,301,69,69,100,120,120,220,220,238,238,219,236,255,255,271,121,121,121,139,153,163,197,197,197,197],"floor_reached":33,"language":"KOR","playtime":2546,"items_purged":["Bash"],"score":285,"play_id":"28ac53b0-991a-4b85-b970-c4496953d0cb","local_time":"20210213173525","is_ascension_mode":false,"campfire_choices":[{"data":"Reaper","floor":12,"key":"SMITH"},{"data":"Feel No Pain","floor":15,"key":"SMITH"},{"data":"Defend_R","floor":23,"key":"PURGE"},{"data":"True Grit","floor":27,"key":"SMITH"},{"floor":32,"key":"REST"}],"circlet_count":0,"master_deck":["Strike_R","Strike_R","Strike_R+1","Strike_R","Strike_R","Defend_R","Defend_R","Feel No Pain+1","Cleave","Headbutt+1","Perfected Strike","Flex","Battle Trance","Reaper+1","Wild Strike","Burning Pact","Limit Break","True Grit+1","Heavy Blade+1","Intimidate","Pommel Strike+1","Berserk","Clothesline+1","Impervious"],"relics":["Burning Blood","Bag of Preparation","Blood Vial","Bottled Lightning","Red Skull","Peace Pipe","Snecko Eye","Anchor","Happy Flower","Whetstone"],"acts_visited":["TheCity"],"potions_floor_usage":[13,13,13,13,16,16,16,16,18,29,31,33,33],"damage_taken":[{"damage":11,"enemies":"Jaw Worm","floor":1,"turns":2},{"damage":0,"enemies":"Small Slimes","floor":2,"turns":3},{"damage":1,"enemies":"Cultist","floor":3,"turns":3},{"damage":12,"enemies":"2 Fungi Beasts","floor":5,"turns":3},{"damage":37,"enemies":"3 Sentries","floor":6,"turns":7},{"damage":29,"enemies":"Large Slime","floor":7,"turns":5},{"damage":11,"enemies":"Red Slaver","floor":10,"turns":3},{"damage":11,"enemies":"Gremlin Nob","floor":13,"turns":3},{"damage":12,"enemies":"3 Louse","floor":14,"turns":2},{"damage":57,"enemies":"The Guardian","floor":16,"turns":9},{"damage":13,"enemies":"3 Byrds","floor":18,"turns":5},{"damage":20,"enemies":"2 Thieves","floor":20,"turns":4},{"damage":38,"enemies":"Snake Plant","floor":21,"turns":4},{"damage":8,"enemies":"3 Cultists","floor":22,"turns":4},{"damage":36,"enemies":"Centurion and Healer","floor":24,"turns":4},{"damage":31,"enemies":"Snecko","floor":28,"turns":5},{"damage":10,"enemies":"Chosen and Byrds","floor":29,"turns":4},{"damage":24,"enemies":"Snake Plant","floor":30,"turns":4},{"damage":20,"enemies":"Slavers","floor":31,"turns":4},{"damage":49,"enemies":"Champ","floor":33,"turns":7}],"seed_played":"506322408507511171","potions_obtained":[{"floor":1,"key":"SpeedPotion"},{"floor":3,"key":"EntropicBrew"},{"floor":7,"key":"Explosive Potion"},{"floor":10,"key":"Regen Potion"},{"floor":22,"key":"LiquidBronze"},{"floor":28,"key":"DistilledChaos"},{"floor":30,"key":"ElixirPotion"},{"floor":31,"key":"Swift Potion"}],"is_trial":false,"path_per_floor":["M","M","M","?","M","E","M","?","T","M","$","R","E","M","R","B",null,"M","?","M","M","M","R","M","$","T","R","M","M","M","E","R","B"],"character_chosen":"IRONCLAD","items_purchased":["Red Skull","Anchor"],"campfire_rested":1,"item_purchase_floors":[11,25],"current_hp_per_floor":[75,80,80,73,67,36,15,20,20,17,17,17,29,49,49,7,85,78,85,77,47,62,62,46,46,46,46,31,41,25,13,38,0,0],"gold":197,"neow_bonus":"RANDOM_COMMON_RELIC","is_daily":false,"chose_seed":false,"campfire_upgraded":3,"win_rate":0.0,"timestamp":1613205325,"path_taken":["M","M","M","?","M","E","M","?","T","M","$","R","E","M","R","BOSS","M","?","M","M","?","R","M","$","T","R","M","M","M","E","R","BOSS"],"items_purchased_type":["Relic","Relic"],"build_version":"2020-12-22","purchased_purges":1,"victory":false,"max_hp_per_floor":[80,80,80,80,80,80,80,85,85,85,85,85,85,85,85,85,85,85,85,85,85,85,85,85,85,85,85,85,85,85,85,85,85,85],"card_choices":[{"not_picked":["Searing Blow","Anger"],"picked":"Feel No Pain","floor":1},{"not_picked":["Combust","Thunderclap"],"picked":"Cleave","floor":2},{"not_picked":["Thunderclap","Armaments"],"picked":"Headbutt","floor":3},{"not_picked":["Metallicize","Sword Boomerang"],"picked":"Perfected Strike","floor":5},{"not_picked":["Sword Boomerang","Armaments"],"picked":"Flex","floor":6},{"not_picked":["Flex","Power Through"],"picked":"Battle Trance","floor":7},{"not_picked":["Uppercut","Spot Weakness"],"picked":"Reaper","floor":10},{"not_picked":["Carnage","Twin Strike"],"picked":"Wild Strike","floor":13},{"not_picked":["Warcry","Perfected Strike"],"picked":"Burning Pact","floor":14},{"not_picked":["Reaper","Brutality"],"picked":"Limit Break","floor":16},{"not_picked":["Battle Trance","Clothesline"],"picked":"True Grit","floor":18},{"not_picked":["Wild Strike","Rage"],"picked":"Heavy Blade+1","floor":20},{"not_picked":["Sword Boomerang","Twin Strike+1"],"picked":"Intimidate","floor":21},{"not_picked":["Body Slam+1","Clothesline"],"picked":"Pommel Strike+1","floor":22},{"not_picked":["Shrug It Off","Anger+1"],"picked":"Berserk","floor":24},{"not_picked":["Thunderclap","Twin Strike","Battle Trance"],"picked":"SKIP","floor":28},{"not_picked":["Twin Strike","Clothesline","Sword Boomerang"],"picked":"SKIP","floor":29},{"not_picked":["Headbutt","Infernal Blade"],"picked":"Clothesline+1","floor":30},{"not_picked":["Battle Trance","Inflame"],"picked":"Impervious","floor":31}],"player_experience":21998,"relics_obtained":[{"floor":6,"key":"Blood Vial"},{"floor":9,"key":"Bottled Lightning"},{"floor":13,"key":"Peace Pipe"},{"floor":26,"key":"Happy Flower"},{"floor":31,"key":"Whetstone"}],"event_choices":[{"cards_removed":["Defend_R"],"damage_healed":0,"gold_gain":0,"player_choice":"Card Removal","damage_taken":7,"max_hp_gain":0,"max_hp_loss":0,"event_name":"Golden Wing","floor":4,"gold_loss":0},{"damage_healed":0,"gold_gain":0,"player_choice":"Donut","damage_taken":0,"max_hp_gain":5,"max_hp_loss":0,"event_name":"Big Fish","floor":8,"gold_loss":0},{"damage_healed":7,"gold_gain":0,"player_choice":"Full Heal","damage_taken":0,"max_hp_gain":0,"max_hp_loss":0,"event_name":"Wheel of Change","floor":19,"gold_loss":0}],"is_beta":false,"boss_relics":[{"not_picked":["Runic Dome","Ectoplasm"],"picked":"Snecko Eye"}],"items_purged_floors":[11],"is_endless":false,"potions_floor_spawned":[1,3,7,10,22,28,30,31],"killed_by":"Champ","ascension_level":0}}