{"host":"c97twqu0op5dg8i4","time":1613183617,"event":{"mods":["AchievementEnabler","BaseMod","Colored Map","Minty Spire (QoL Compilation)","Permanent Neow"],"gold_per_floor":[12,30,44,44,44,44,73,73,100,127,157,169,196,27,27,122,172,172],"floor_reached":17,"language":"ENG","playtime":453,"items_purged":["Strike_B"],"score":251,"play_id":"4a00c18d-a4db-4cbe-9774-b69c1de87ff1","local_time":"20210212213337","is_ascension_mode":true,"campfire_choices":[{"data":"Zap","floor":6,"key":"SMITH"},{"data":"Zap","floor":12,"key":"SMITH"},{"floor":15,"key":"REST"}],"circlet_count":0,"master_deck":["AscendersBane","Strike_B","Defend_B","Defend_B","Defend_B","Defend_B","Zap+1","Dualcast","Auto Shields","FTL","Ball Lightning","Capacitor+1","Core Surge","Zap+1","Conserve Battery","Storm","Redo","Self Repair","Doom and Gloom","Fission"],"relics":["Cracked Core","Toy Ornithopter","MawBank","Tiny House"],"acts_visited":["Exordium","TheCity"],"potions_floor_usage":[],"damage_taken":[{"damage":0,"enemies":"2 Louse","floor":1,"turns":2},{"damage":0,"enemies":"Small Slimes","floor":2,"turns":3},{"damage":0,"enemies":"Cultist","floor":3,"turns":3},{"damage":25,"enemies":"3 Sentries","floor":7,"turns":6},{"damage":9,"enemies":"Red Slaver","floor":10,"turns":2},{"damage":8,"enemies":"Blue Slaver","floor":11,"turns":4},{"damage":4,"enemies":"2 Fungi Beasts","floor":13,"turns":3},{"damage":31,"enemies":"The Guardian","floor":16,"turns":9}],"seed_played":"-7693908776037122561","potions_obtained":[{"floor":1,"key":"ColorlessPotion"},{"floor":3,"key":"SteroidPotion"}],"is_trial":false,"path_per_floor":["M","M","M","?","?","R","E","?","T","M","M","R","M","$","R","B",null],"character_chosen":"DEFECT","items_purchased":["Self Repair","Doom and Gloom"],"campfire_rested":1,"item_purchase_floors":[14,14],"current_hp_per_floor":[68,68,68,73,73,73,48,48,48,39,31,31,27,27,51,27,72,72],"gold":172,"neow_bonus":"TRANSFORM_TWO_CARDS","is_daily":false,"chose_seed":false,"campfire_upgraded":2,"win_rate":0.0,"timestamp":1613183617,"path_taken":["M","M","M","?","?","R","E","?","T","M","M","R","?","?","R","BOSS"],"items_purchased_type":["Card","Card"],"build_version":"2020-12-22","purchased_purges":1,"victory":false,"max_hp_per_floor":[75,75,75,80,80,80,80,80,80,80,80,80,80,80,80,80,85,85],"card_choices":[{"not_picked":["BootSequence","Turbo","Auto Shields"],"picked":"SKIP","floor":1},{"not_picked":["Compile Driver","Beam Cell"],"picked":"Ball Lightning","floor":2},{"not_picked":["Beam Cell","Rebound"],"picked":"Capacitor","floor":3},{"not_picked":["Rebound","Stack"],"picked":"Core Surge","floor":7},{"not_picked":["Beam Cell","Steam"],"picked":"Conserve Battery","floor":10},{"not_picked":["Rebound","Cold Snap"],"picked":"Storm","floor":11},{"not_picked":["Sweeping Beam","Go for the Eyes"],"picked":"Redo","floor":13},{"not_picked":["Amplify","All For One"],"picked":"Fission","floor":16}],"player_experience":399513,"relics_obtained":[{"floor":7,"key":"Toy Ornithopter"},{"floor":9,"key":"MawBank"}],"event_choices":[{"damage_healed":0,"gold_gain":0,"player_choice":"Donut","damage_taken":0,"max_hp_gain":5,"max_hp_loss":0,"event_name":"Big Fish","floor":4,"gold_loss":0},{"damage_healed":0,"gold_gain":0,"player_choice":"Leave","damage_taken":0,"max_hp_gain":0,"max_hp_loss":0,"event_name":"The Cleric","floor":5,"gold_loss":0},{"damage_healed":0,"gold_gain":0,"player_choice":"1 cards matched","damage_taken":0,"max_hp_gain":0,"max_hp_loss":0,"event_name":"Match and Keep!","floor":8,"gold_loss":0,"cards_obtained":["Zap"]}],"is_beta":false,"boss_relics":[{"not_picked":["FrozenCore","Black Star"],"picked":"Tiny House"}],"items_purged_floors":[14],"is_endless":false,"potions_floor_spawned":[1,3,11,16],"ascension_level":12}}