{"host":"2rbn7ywmirq5y689","time":1613233672,"event":{"mods":["BaseMod","Bestiary","Colored Map","Colored Powertips","Highlight Path","Minty Spire (QoL Compilation)","Rare Cards Sparkle","Relic Stats","StSLib"],"gold_per_floor":[119,134,149,149,161,172,182,182,182],"floor_reached":8,"language":"ENG","playtime":402,"items_purged":[],"score":62,"play_id":"3b915b36-6096-4f6a-8028-8f0713f2c604","local_time":"20210214002752","is_ascension_mode":true,"campfire_choices":[],"circlet_count":0,"master_deck":["Strike_R","Strike_R","Strike_R","Strike_R","Strike_R","Defend_R","Defend_R","Defend_R","Defend_R","Bash","Combust","Entrench","True Grit","Decay","Clothesline","Pommel Strike"],"relics":["Burning Blood","NeowsBlessing"],"acts_visited":["Exordium"],"potions_floor_usage":[5],"damage_taken":[{"damage":0,"enemies":"Cultist","floor":1,"turns":1},{"damage":0,"enemies":"Jaw Worm","floor":2,"turns":1},{"damage":0,"enemies":"Small Slimes","floor":3,"turns":1},{"damage":12,"enemies":"3 Louse","floor":5,"turns":4},{"damage":8,"enemies":"2 Fungi Beasts","floor":6,"turns":3},{"damage":35,"enemies":"Large Slime","floor":7,"turns":6},{"damage":59,"enemies":"Lagavulin","floor":8,"turns":10}],"seed_played":"-9007356402335493287","potions_obtained":[{"floor":1,"key":"GamblersBrew"},{"floor":5,"key":"Fruit Juice"}],"is_trial":false,"path_per_floor":["M","M","M","?","M","M","M","E"],"character_chosen":"IRONCLAD","items_purchased":[],"campfire_rested":0,"item_purchase_floors":[],"current_hp_per_floor":[80,80,80,80,79,77,48,0,0],"gold":182,"neow_bonus":"THREE_ENEMY_KILL","is_daily":false,"chose_seed":false,"campfire_upgraded":0,"win_rate":0.0,"timestamp":1613233672,"path_taken":["M","?","M","?","M","M","M","E"],"items_purchased_type":[],"build_version":"2020-12-22","purchased_purges":0,"victory":false,"max_hp_per_floor":[80,80,80,80,85,85,85,85,85],"relic_stats":{"counters":[7,26],"obtain_stats":[{"NeowsBlessing":0,"Burning Blood":0},{"NeowsBlessing":0,"Burning Blood":0},{"NeowsBlessing":0,"Burning Blood":0}],"Burning Blood":18},"card_choices":[{"not_picked":["Intimidate","Heavy Blade"],"picked":"Combust","floor":1},{"not_picked":["Sword Boomerang","Anger"],"picked":"Entrench","floor":2},{"not_picked":["Iron Wave","Havoc"],"picked":"True Grit","floor":3},{"not_picked":["Thunderclap","Iron Wave"],"picked":"Clothesline","floor":5},{"not_picked":["Rage","Headbutt"],"picked":"Pommel Strike","floor":6},{"not_picked":["Pommel Strike","Bludgeon","Intimidate"],"picked":"SKIP","floor":7}],"player_experience":236175,"relics_obtained":[],"event_choices":[{"damage_healed":0,"gold_gain":0,"player_choice":"Cursed","damage_taken":0,"max_hp_gain":0,"max_hp_loss":0,"event_name":"Wheel of Change","floor":4,"gold_loss":0,"cards_obtained":["Decay"]}],"is_beta":false,"boss_relics":[],"items_purged_floors":[],"is_endless":false,"potions_floor_spawned":[1,5],"killed_by":"Lagavulin","ascension_level":4}}