{"host":"52lujqhsyicpcskq","time":1613217931,"event":{"mods":["BaseMod","Colored Map","DeckTracker","Minty Spire (QoL Compilation)","Permanent Neow","StSLib","SuperFastMode","everything is the same but u backflip on backflip"],"gold_per_floor":[119,119,139,154,168,194,208,208,233,333,343,343,371,383,383,455,455,474,474,154,204,215,215,215,215],"floor_reached":24,"language":"KOR","playtime":732,"items_purged":["Defend_B"],"score":354,"play_id":"a28463c3-8407-463f-8aee-721a9a621076","local_time":"20210213210531","is_ascension_mode":true,"campfire_choices":[{"data":"Zap","floor":8,"key":"SMITH"},{"data":"Streamline","floor":12,"key":"SMITH"},{"data":"Hologram","floor":15,"key":"SMITH"},{"data":"Barrage","floor":23,"key":"SMITH"}],"circlet_count":0,"master_deck":["AscendersBane","Strike_B","Strike_B","Strike_B","Defend_B","Defend_B","Defend_B","Zap+1","Dualcast","Streamline+1","Barrage+1","Glacier","Self Repair","Rainbow","Rebound","Ball Lightning","Hologram+1","Consume","Buffer","Gash+1","Conserve Battery"],"relics":["FrozenCore","FossilizedHelix","Bag of Marbles","Akabeko","Regal Pillow","MutagenicStrength","Gremlin Horn"],"acts_visited":["Exordium","TheCity"],"potions_floor_usage":[6,7,24],"damage_taken":[{"damage":0,"enemies":"2 Louse","floor":1,"turns":1},{"damage":0,"enemies":"Cultist","floor":3,"turns":3},{"damage":0,"enemies":"Jaw Worm","floor":4,"turns":4},{"damage":0,"enemies":"Red Slaver","floor":5,"turns":3},{"damage":15,"enemies":"Gremlin Nob","floor":6,"turns":5},{"damage":0,"enemies":"Exordium Wildlife","floor":7,"turns":2},{"damage":0,"enemies":"2 Fungi Beasts","floor":11,"turns":2},{"damage":1,"enemies":"3 Sentries","floor":13,"turns":6},{"damage":0,"enemies":"Blue Slaver","floor":14,"turns":2},{"damage":50,"enemies":"Slime Boss","floor":16,"turns":14},{"damage":0,"enemies":"Chosen","floor":18,"turns":6},{"damage":15,"enemies":"2 Thieves","floor":22,"turns":4},{"damage":54,"enemies":"Gremlin Leader","floor":24,"turns":3}],"seed_played":"-2790062312928963487","potions_obtained":[{"floor":3,"key":"AttackPotion"},{"floor":5,"key":"Explosive Potion"},{"floor":16,"key":"PowerPotion"},{"floor":18,"key":"Strength Potion"}],"is_trial":false,"path_per_floor":["M","?","M","M","M","E","M","R","T","?","M","R","E","M","R","B",null,"M","?","$","?","M","R","E"],"character_chosen":"DEFECT","items_purchased":["Gremlin Horn"],"campfire_rested":0,"item_purchase_floors":[20],"current_hp_per_floor":[46,46,46,46,46,38,45,45,45,45,45,45,51,51,51,8,55,62,62,62,62,54,54,0,0],"gold":215,"neow_bonus":"ONE_RARE_RELIC","is_daily":false,"chose_seed":false,"campfire_upgraded":4,"win_rate":0.0,"timestamp":1613217931,"path_taken":["M","?","M","M","M","E","?","R","T","?","M","R","E","M","R","BOSS","M","?","$","?","M","R","E"],"items_purchased_type":["Relic"],"build_version":"2020-12-22","purchased_purges":1,"victory":false,"max_hp_per_floor":[71,71,71,71,71,71,71,71,71,71,71,71,71,71,71,71,71,71,71,71,71,71,71,71,71],"card_choices":[{"not_picked":["Steam","Turbo"],"picked":"Streamline","floor":1},{"not_picked":["Redo","Turbo"],"picked":"Barrage","floor":3},{"not_picked":["Go for the Eyes","Sweeping Beam"],"picked":"Glacier","floor":4},{"not_picked":["Cold Snap","Auto Shields"],"picked":"Self Repair","floor":5},{"not_picked":["Lockon","Hologram"],"picked":"Rainbow","floor":6},{"not_picked":["Sweeping Beam","Gash"],"picked":"Rebound","floor":7},{"not_picked":["Redo","Beam Cell"],"picked":"Ball Lightning","floor":11},{"not_picked":["Ball Lightning","Static Discharge"],"picked":"Hologram","floor":13},{"not_picked":["Rebound","Barrage"],"picked":"Consume","floor":14},{"not_picked":["Rainbow","Seek"],"picked":"Buffer","floor":16},{"not_picked":["Beam Cell","Tempest"],"picked":"Gash+1","floor":18},{"not_picked":["Loop","Stack"],"picked":"Conserve Battery","floor":22}],"player_experience":796324,"relics_obtained":[{"floor":6,"key":"Bag of Marbles"},{"floor":9,"key":"Akabeko"},{"floor":13,"key":"Regal Pillow"}],"event_choices":[{"cards_removed":["Strike_B"],"damage_healed":0,"gold_gain":0,"player_choice":"Offered Basic","damage_taken":0,"max_hp_gain":0,"max_hp_loss":0,"event_name":"Bonfire Elementals","floor":2,"gold_loss":0},{"damage_healed":0,"gold_gain":100,"player_choice":"Pray","damage_taken":0,"max_hp_gain":0,"max_hp_loss":0,"event_name":"Golden Shrine","floor":10,"gold_loss":0},{"damage_healed":0,"gold_gain":0,"player_choice":"Inject Mutagens","damage_taken":0,"relics_obtained":["MutagenicStrength"],"max_hp_gain":0,"max_hp_loss":0,"event_name":"Drug Dealer","floor":19,"gold_loss":0},{"damage_healed":0,"gold_gain":100,"player_choice":"Bet on Murderer","damage_taken":0,"max_hp_gain":0,"max_hp_loss":0,"event_name":"The Joust","floor":21,"gold_loss":50}],"is_beta":false,"boss_relics":[{"not_picked":["Busted Crown","Black Star"],"picked":"FrozenCore"}],"items_purged_floors":[20],"is_endless":false,"potions_floor_spawned":[3,5,16,18],"killed_by":"Gremlin Leader","ascension_level":14}}