{"host":"itme","time":1613248684,"event":{"mods":["BaseMod","Minty Spire (QoL Compilation)","StSLib"],"gold_per_floor":[116,130,130,130,143,169,169,195,218,100,100,114,114,149,149,227,227,244,255,272,272,21,21,21],"floor_reached":23,"language":"ENG","playtime":1093,"items_purged":["Strike_B"],"score":418,"play_id":"3c8aacf4-4c32-4dca-9bcc-71f5fa6e9181","local_time":"20210213143804","is_ascension_mode":true,"campfire_choices":[{"floor":7,"key":"REST"},{"data":"Ball Lightning","floor":11,"key":"SMITH"},{"data":"Go for the Eyes","floor":13,"key":"SMITH"},{"data":"Recycle","floor":15,"key":"SMITH"}],"circlet_count":0,"master_deck":["AscendersBane","Strike_B","Strike_B+1","Defend_B","Defend_B","Defend_B","Defend_B","Zap+1","Dualcast","Sweeping Beam","Ball Lightning+1","Go for the Eyes+1","Gash","Cold Snap","Stack","Self Repair","Undo","Recycle+1","Biased Cognition","Loop","Beam Cell","Tempest+1","Electrodynamics"],"relics":["Cracked Core","NeowsBlessing","DataDisk","Pen Nib","Strawberry","Oddly Smooth Stone","Sozu"],"acts_visited":["Exordium","TheCity"],"potions_floor_usage":[14,16],"damage_taken":[{"damage":0,"enemies":"Small Slimes","floor":1,"turns":1},{"damage":0,"enemies":"2 Louse","floor":2,"turns":1},{"damage":0,"enemies":"Cultist","floor":5,"turns":1},{"damage":20,"enemies":"Lagavulin","floor":6,"turns":7},{"damage":33,"enemies":"Gremlin Nob","floor":8,"turns":4},{"damage":1,"enemies":"Looter","floor":12,"turns":3},{"damage":14,"enemies":"3 Sentries","floor":14,"turns":6},{"damage":17,"enemies":"Hexaghost","floor":16,"turns":10},{"damage":8,"enemies":"Chosen","floor":18,"turns":4},{"damage":18,"enemies":"Shell Parasite","floor":19,"turns":6},{"damage":17,"enemies":"Centurion and Healer","floor":20,"turns":8},{"damage":44,"enemies":"Book of Stabbing","floor":23,"turns":5}],"seed_played":"-127820735795863613","potions_obtained":[{"floor":8,"key":"ColorlessPotion"},{"floor":14,"key":"LiquidMemories"}],"is_trial":false,"path_per_floor":["M","M","?","?","M","E","R","E","T","$","R","M","R","E","R","B",null,"M","M","M","?","$","E"],"character_chosen":"DEFECT","items_purchased":["Self Repair","Undo","Electrodynamics"],"campfire_rested":1,"item_purchase_floors":[10,10,22],"current_hp_per_floor":[64,64,43,43,43,23,44,11,18,18,18,24,24,20,20,10,61,60,49,39,39,39,0,0],"gold":21,"neow_bonus":"THREE_ENEMY_KILL","is_daily":false,"chose_seed":false,"campfire_upgraded":3,"win_rate":0.0,"timestamp":1613248684,"path_taken":["M","M","?","?","?","E","R","E","T","$","R","M","R","E","R","BOSS","M","M","M","?","$","E"],"items_purchased_type":["Card","Card","Card"],"build_version":"2020-12-18","purchased_purges":1,"victory":false,"max_hp_per_floor":[71,71,71,71,71,71,71,71,78,78,78,78,78,78,78,78,78,78,78,78,78,78,78,78],"card_choices":[{"not_picked":["Steam","Streamline"],"picked":"Sweeping Beam","floor":1},{"not_picked":["Beam Cell","Turbo"],"picked":"Ball Lightning","floor":2},{"not_picked":["Heatsinks","Redo"],"picked":"Gash","floor":5},{"not_picked":["Skim","Barrage"],"picked":"Cold Snap","floor":6},{"not_picked":["Redo","Blizzard"],"picked":"Stack","floor":8},{"not_picked":["Sweeping Beam","Storm","Darkness"],"picked":"SKIP","floor":12},{"not_picked":["Self Repair","Sweeping Beam"],"picked":"Recycle","floor":14},{"not_picked":["Hyperbeam","Seek"],"picked":"Biased Cognition","floor":16},{"not_picked":["Rebound","Storm"],"picked":"Loop","floor":18},{"not_picked":["Gash","Scrape"],"picked":"Beam Cell","floor":19},{"not_picked":["Force Field","FTL"],"picked":"Tempest+1","floor":20}],"player_experience":905880,"relics_obtained":[{"floor":6,"key":"DataDisk"},{"floor":8,"key":"Pen Nib"},{"floor":9,"key":"Strawberry"},{"floor":14,"key":"Oddly Smooth Stone"}],"event_choices":[{"damage_healed":0,"gold_gain":0,"player_choice":"Entered Light","damage_taken":21,"max_hp_gain":0,"max_hp_loss":0,"event_name":"Shining Light","floor":3,"gold_loss":0,"cards_upgraded":["Zap","Strike_B"]},{"damage_healed":0,"gold_gain":0,"cards_transformed":["Strike_B"],"player_choice":"Transformed","damage_taken":0,"max_hp_gain":0,"max_hp_loss":0,"event_name":"Transmorgrifier","floor":4,"gold_loss":0,"cards_obtained":["Go for the Eyes"]},{"damage_healed":0,"gold_gain":0,"player_choice":"Ignored","damage_taken":0,"max_hp_gain":0,"max_hp_loss":0,"event_name":"Vampires","floor":21,"gold_loss":0}],"is_beta":true,"boss_relics":[{"not_picked":["SacredBark","Calling Bell"],"picked":"Sozu"}],"items_purged_floors":[22],"is_endless":false,"potions_floor_spawned":[8,14,18],"killed_by":"Book of Stabbing","ascension_level":20}}