{"host":"e8062yfkmywf26f0","time":1613177549,"event":{"mods":["AchievementEnabler","BaseMod","Colored Map","Minty Spire (QoL Compilation)","Quick Restart","Shop Mod","StSLib"],"gold_per_floor":[99,99,99,99,99,99,84,84,84,84,84],"floor_reached":10,"language":"ENG","playtime":758,"items_purged":[],"score":82,"play_id":"31541319-fab9-4c8a-b6d3-98cb9ad7b4fe","local_time":"20210213005229","is_ascension_mode":false,"campfire_choices":[],"circlet_count":0,"master_deck":["Strike_G","Strike_G","Strike_G","Strike_G","Strike_G","Defend_G","Defend_G","Defend_G","Defend_G","Defend_G","Survivor","Neutralize","Infinite Blades","Poisoned Stab","Backstab"],"relics":["Ectoplasm","Ancient Tea Set","Ice Cream","Vajra"],"acts_visited":["Exordium"],"potions_floor_usage":[],"damage_taken":[{"damage":0,"enemies":"Cultist","floor":1,"turns":4},{"damage":0,"enemies":"Small Slimes","floor":2,"turns":3},{"damage":1,"enemies":"Jaw Worm","floor":3,"turns":4},{"damage":6,"enemies":"Large Slime","floor":4,"turns":5},{"damage":0,"enemies":"Red Slaver","floor":5,"turns":3},{"damage":28,"enemies":"Gremlin Nob","floor":6,"turns":5},{"damage":7,"enemies":"Looter","floor":7,"turns":2},{"damage":14,"enemies":"Lagavulin","floor":8,"turns":7},{"damage":18,"enemies":"Gremlin Nob","floor":10,"turns":3}],"seed_played":"730495221676771531","potions_obtained":[{"floor":3,"key":"ColorlessPotion"},{"floor":6,"key":"Poison Potion"},{"floor":8,"key":"Energy Potion"}],"is_trial":false,"path_per_floor":["M","M","M","M","M","E","M","E","T","E"],"character_chosen":"THE_SILENT","items_purchased":[],"campfire_rested":0,"item_purchase_floors":[],"current_hp_per_floor":[70,70,69,63,63,35,28,14,14,0,0],"gold":84,"neow_bonus":"BOSS_RELIC","is_daily":false,"chose_seed":false,"campfire_upgraded":0,"win_rate":0.0,"timestamp":1613177549,"path_taken":["M","?","M","M","M","E","M","E","T","E"],"items_purchased_type":[],"build_version":"2020-12-22","purchased_purges":0,"victory":false,"max_hp_per_floor":[70,70,70,70,70,70,70,70,70,70,70],"card_choices":[{"not_picked":["PiercingWail","Quick Slash"],"picked":"Infinite Blades","floor":1},{"not_picked":["Escape Plan","Quick Slash","Flechettes"],"picked":"SKIP","floor":2},{"not_picked":["Dash","Deadly Poison"],"picked":"Poisoned Stab","floor":3},{"not_picked":["Sucker Punch","Slice","Quick Slash"],"picked":"SKIP","floor":4},{"not_picked":["Calculated Gamble","Dagger Spray","Dash"],"picked":"SKIP","floor":5},{"not_picked":["Envenom","Leg Sweep"],"picked":"Backstab","floor":6},{"not_picked":["PiercingWail","Dodge and Roll","Predator"],"picked":"SKIP","floor":7},{"not_picked":["Blur","Tactician","Prepared"],"picked":"SKIP","floor":8}],"player_experience":66418,"relics_obtained":[{"floor":6,"key":"Ancient Tea Set"},{"floor":8,"key":"Ice Cream"},{"floor":9,"key":"Vajra"}],"event_choices":[],"is_beta":false,"boss_relics":[],"items_purged_floors":[],"is_endless":false,"potions_floor_spawned":[3,6,8],"killed_by":"Gremlin Nob","ascension_level":0}}