{"host":"f9ntswufr8mq3t4y","time":1613233278,"event":{"mods":["AchievementEnabler","BaseMod","Best Route Mod","Block Reminder","Colored Map","Colored Powertips","Curses Come First","DeckTracker","Displayed Cursed Tome","Highlight Path","Minty Spire (QoL Compilation)","Permanent Neow","Quick Restart","Slay-I","StSLib"],"gold_per_floor":[11,25,25,46,66,66,101,120,169,188,188,209,209,247,247,368,368,393,409,176,91,118,118,136,136,136],"floor_reached":25,"language":"ENG","playtime":1639,"items_purged":[],"score":280,"play_id":"82e19aba-c619-44ce-b1a7-b60f17500da4","local_time":"20210213192118","is_ascension_mode":true,"campfire_choices":[{"floor":6,"key":"REST"},{"floor":13,"key":"REST"},{"floor":15,"key":"REST"},{"data":"Berserk","floor":23,"key":"SMITH"}],"circlet_count":0,"master_deck":["Strike_R","Strike_R","Strike_R","Strike_R","Defend_R","Defend_R","Defend_R","Defend_R","Bash","Berserk+1","Metallicize","Clash","Whirlwind","Shrug It Off","True Grit","Berserk","Anger","Power Through","Discovery","Inflame"],"relics":["Burning Blood","Golden Idol","Oddly Smooth Stone","Vajra","Matryoshka","Runic Pyramid","Regal Pillow","Smiling Mask","Bronze Scales","Ancient Tea Set"],"acts_visited":["TheCity"],"potions_floor_usage":[12,25],"damage_taken":[{"damage":3,"enemies":"2 Louse","floor":1,"turns":3},{"damage":3,"enemies":"Cultist","floor":2,"turns":4},{"damage":2,"enemies":"Jaw Worm","floor":4,"turns":4},{"damage":31,"enemies":"Exordium Wildlife","floor":5,"turns":8},{"damage":45,"enemies":"Lagavulin","floor":7,"turns":6},{"damage":11,"enemies":"Red Slaver","floor":8,"turns":4},{"damage":3,"enemies":"2 Fungi Beasts","floor":10,"turns":4},{"damage":12,"enemies":"Exordium Thugs","floor":12,"turns":5},{"damage":16,"enemies":"3 Sentries","floor":14,"turns":7},{"damage":19,"enemies":"The Guardian","floor":16,"turns":15},{"damage":10,"enemies":"Chosen","floor":18,"turns":6},{"damage":18,"enemies":"Shell Parasite","floor":19,"turns":6},{"damage":9,"enemies":"Snecko","floor":24,"turns":6},{"damage":85,"enemies":"Gremlin Leader","floor":25,"turns":5}],"seed_played":"1827206956846278430","potions_obtained":[{"floor":4,"key":"CultistPotion"},{"floor":7,"key":"FairyPotion"},{"floor":10,"key":"SkillPotion"},{"floor":19,"key":"DuplicationPotion"}],"is_trial":false,"path_per_floor":["M","M","?","M","M","R","E","M","T","M","?","M","R","E","R","B",null,"M","M","$","?","T","R","M","E"],"character_chosen":"IRONCLAD","items_purchased":["Regal Pillow","Discovery"],"campfire_rested":3,"item_purchase_floors":[20,20],"current_hp_per_floor":[75,78,58,62,37,61,22,17,17,20,20,14,38,28,52,39,70,66,54,54,54,54,54,51,0,0],"gold":136,"neow_bonus":"THREE_RARE_CARDS","is_daily":false,"chose_seed":false,"campfire_upgraded":1,"win_rate":0.0,"timestamp":1613233278,"path_taken":["M","M","?","M","M","R","E","M","T","M","?","M","R","E","R","BOSS","M","?","$","?","?","R","?","E"],"items_purchased_type":["Relic","Card"],"build_version":"2020-12-22","purchased_purges":0,"victory":false,"max_hp_per_floor":[80,80,80,80,80,80,80,80,80,80,80,80,80,80,80,80,80,80,80,80,80,80,80,80,80,80],"card_choices":[{"not_picked":["Double Tap","Brutality"],"picked":"Berserk","floor":0},{"not_picked":["Headbutt","Dual Wield"],"picked":"Metallicize","floor":1},{"not_picked":["Second Wind","Iron Wave"],"picked":"Clash","floor":2},{"not_picked":["Reckless Charge","Seeing Red","Headbutt"],"picked":"SKIP","floor":4},{"not_picked":["Battle Trance","Disarm"],"picked":"Whirlwind","floor":5},{"not_picked":["Twin Strike","Battle Trance","Second Wind"],"picked":"SKIP","floor":7},{"not_picked":["Carnage","Cleave"],"picked":"Shrug It Off","floor":8},{"not_picked":["Thunderclap","Evolve","Wild Strike"],"picked":"SKIP","floor":10},{"not_picked":["Shrug It Off","Clothesline"],"picked":"True Grit","floor":12},{"not_picked":["Warcry","Juggernaut","Burning Pact"],"picked":"SKIP","floor":14},{"not_picked":["Fiend Fire","Demon Form"],"picked":"Berserk","floor":16},{"not_picked":["Bloodletting","Perfected Strike"],"picked":"Anger","floor":18},{"not_picked":["Body Slam","Dark Embrace"],"picked":"Power Through","floor":19},{"not_picked":["Sword Boomerang+1","Wild Strike"],"picked":"Inflame","floor":24}],"player_experience":434556,"relics_obtained":[{"floor":7,"key":"Oddly Smooth Stone"},{"floor":9,"key":"Vajra"},{"floor":14,"key":"Matryoshka"},{"floor":22,"key":"Bronze Scales"},{"floor":22,"key":"Ancient Tea Set"}],"event_choices":[{"damage_healed":0,"gold_gain":0,"player_choice":"Take Damage","damage_taken":20,"relics_obtained":["Golden Idol"],"max_hp_gain":0,"max_hp_loss":0,"event_name":"Golden Idol","floor":3,"gold_loss":0},{"cards_removed":["Strike_R"],"damage_healed":0,"gold_gain":0,"player_choice":"Purged","damage_taken":0,"max_hp_gain":0,"max_hp_loss":0,"event_name":"Purifier","floor":11,"gold_loss":0},{"damage_healed":0,"gold_gain":0,"player_choice":"Obtained Relic","damage_taken":0,"relics_obtained":["Smiling Mask"],"max_hp_gain":0,"max_hp_loss":0,"event_name":"Addict","floor":21,"gold_loss":85}],"is_beta":false,"boss_relics":[{"not_picked":["Astrolabe","Pandora\u0027s Box"],"picked":"Runic Pyramid"}],"items_purged_floors":[],"is_endless":false,"potions_floor_spawned":[4,7,10,19,24],"killed_by":"Gremlin Leader","ascension_level":6}}