{"host":"rolltorest","time":1613184620,"event":{"mods":["BaseMod","Minty Spire (QoL Compilation)","Relic Stats","Slay the Relics Exporter","StSLib"],"gold_per_floor":[16,16,27,43,1,32,32,59,85,111,165,165,165,180,180,180,180],"floor_reached":16,"language":"ENG","playtime":438,"items_purged":[],"score":236,"play_id":"056ac8a5-a221-453b-a352-3db57b1d9cba","local_time":"20210212185020","is_ascension_mode":true,"campfire_choices":[{"data":"Eruption","floor":7,"key":"SMITH"},{"data":"Vigilance","floor":13,"key":"SMITH"},{"data":"ForeignInfluence","floor":15,"key":"SMITH"}],"circlet_count":0,"master_deck":["AscendersBane","Strike_P","Strike_P","Strike_P","Strike_P","Defend_P","Defend_P","Defend_P","Defend_P","Eruption+1","Vigilance+1","Magnetism+1","CarveReality","FearNoEvil","Weave","DeceiveReality","Indignation","SandsOfTime+1","ForeignInfluence+1"],"relics":["PureWater","Boot","Bag of Marbles","Blood Vial"],"acts_visited":["Exordium"],"potions_floor_usage":[6,8],"damage_taken":[{"damage":0,"enemies":"2 Louse","floor":1,"turns":2},{"damage":0,"enemies":"Cultist","floor":3,"turns":3},{"damage":1,"enemies":"Small Slimes","floor":4,"turns":3},{"damage":16,"enemies":"Gremlin Nob","floor":6,"turns":3},{"damage":19,"enemies":"3 Sentries","floor":8,"turns":4},{"damage":10,"enemies":"Gremlin Nob","floor":10,"turns":3},{"damage":3,"enemies":"Exordium Wildlife","floor":14,"turns":3},{"damage":16,"enemies":"The Guardian","floor":16,"turns":4}],"seed_played":"-8513359967890264066","potions_obtained":[{"floor":1,"key":"Explosive Potion"},{"floor":4,"key":"AttackPotion"},{"floor":14,"key":"Explosive Potion"}],"is_trial":false,"path_per_floor":["M","?","M","M","$","E","R","E","T","E","?","?","R","M","R","B"],"character_chosen":"WATCHER","items_purchased":["DeceiveReality"],"campfire_rested":0,"item_purchase_floors":[5],"current_hp_per_floor":[61,61,61,60,60,44,44,25,25,15,15,15,15,14,14,0,0],"gold":180,"neow_bonus":"RANDOM_COLORLESS_2","is_daily":false,"chose_seed":false,"campfire_upgraded":3,"win_rate":0.0,"timestamp":1613184620,"path_taken":["M","?","M","M","$","E","R","E","T","E","?","?","R","M","R","BOSS"],"items_purchased_type":["Card"],"build_version":"2020-12-18","purchased_purges":0,"victory":false,"max_hp_per_floor":[68,68,68,68,68,68,68,68,68,68,68,68,68,68,68,68,68],"relic_stats":{"Blood Vial":4,"counters":[8,25],"Boot":[3],"obtain_stats":[{"Blood Vial":10,"Bag of Marbles":8,"PureWater":0,"Boot":6},{"Blood Vial":6,"Bag of Marbles":5,"PureWater":0,"Boot":4},{"Blood Vial":18,"Bag of Marbles":15,"PureWater":0,"Boot":11}]},"card_choices":[{"not_picked":["Mayhem","Transmutation"],"picked":"Magnetism","floor":0},{"not_picked":["ClearTheMind","MentalFortress"],"picked":"CarveReality","floor":1},{"not_picked":["SashWhip","FlurryOfBlows"],"picked":"FearNoEvil","floor":3},{"not_picked":["FlyingSleeves","BowlingBash"],"picked":"Weave","floor":4},{"not_picked":["DevaForm","BattleHymn","Sanctity"],"picked":"SKIP","floor":6},{"not_picked":["PathToVictory","Ragnarok"],"picked":"Indignation","floor":8},{"not_picked":["SignatureMove","LikeWater"],"picked":"SandsOfTime","floor":10},{"not_picked":["Evaluate","WaveOfTheHand"],"picked":"ForeignInfluence","floor":14}],"player_experience":1967874,"relics_obtained":[{"floor":6,"key":"Boot"},{"floor":8,"key":"Bag of Marbles"},{"floor":10,"key":"Blood Vial"}],"event_choices":[{"damage_healed":0,"gold_gain":0,"player_choice":"Grow","damage_taken":0,"max_hp_gain":0,"max_hp_loss":0,"event_name":"Living Wall","floor":2,"gold_loss":0,"cards_upgraded":["Magnetism"]},{"damage_healed":0,"gold_gain":54,"player_choice":"Gained Gold","damage_taken":0,"max_hp_gain":0,"max_hp_loss":0,"event_name":"Golden Wing","floor":11,"gold_loss":0},{"damage_healed":0,"gold_gain":0,"player_choice":"Forge","damage_taken":0,"max_hp_gain":0,"max_hp_loss":0,"event_name":"Accursed Blacksmith","floor":12,"gold_loss":0,"cards_upgraded":["SandsOfTime"]}],"is_beta":true,"boss_relics":[],"items_purged_floors":[],"is_endless":false,"potions_floor_spawned":[1,4,14],"killed_by":"The Guardian","ascension_level":20}}