{"host":"hpvsbp715q3lql9o","time":1613236745,"event":{"mods":["BaseMod","Downfall","Friendly Minions","Marisa£®ÏF”Í°°ƒß¿Ì…≥£©","Minty Spire (QoL Compilation)","Remilia£®¿Ÿ√◊¿Ú—«£©","Replay The Spire","StSLib","The Administrix","The Construct","The Cursed","The Servant 0.9.4"],"gold_per_floor":[116,116,133,58,73,73,104,104,157,157,206,225,237,257,257,362,362,379,379,379,394,407,407,4,4,4],"floor_reached":25,"language":"ZHS","playtime":3919,"items_purged":["Strike_B","Ball Lightning"],"score":203,"play_id":"50937486-8606-4980-9aab-1379f02221cd","local_time":"20210214011905","is_ascension_mode":false,"campfire_choices":[{"data":"Loop","floor":6.0,"key":"SMITH"},{"data":"Coolheaded","floor":10.0,"key":"SMITH"},{"data":"Crystallizer","floor":15.0,"key":"SMITH"},{"floor":23,"key":"REST"}],"circlet_count":0,"master_deck":["Defend_B","Defend_B","Dualcast","Blizzard+1","Loop+1","Sweeping Beam+1","Coolheaded+1","Panic Button","Crystallizer+1","Fusion+1","Reprogram+1","Go for the Eyes+1","Rip and Tear","Genetic Algorithm","Consume","Time Bomb+1"],"relics":["Cracked Core","Whetstone","Geode","PreservedInsect","Astrolabe","Toolbox","Ancient Tea Set"],"acts_visited":["Exordium","TheCity"],"potions_floor_usage":[25],"damage_taken":[{"damage":6.0,"enemies":"Jaw Worm","floor":1.0,"turns":3.0},{"damage":0.0,"enemies":"2 Louse","floor":3.0,"turns":2.0},{"damage":1.0,"enemies":"Cultist","floor":5.0,"turns":3.0},{"damage":18.0,"enemies":"Gremlin Nob","floor":7.0,"turns":4.0},{"damage":0.0,"enemies":"Looter","floor":12.0,"turns":3.0},{"damage":6.0,"enemies":"3 Louse","floor":13.0,"turns":2.0},{"damage":0.0,"enemies":"Blue Slaver","floor":14.0,"turns":3.0},{"damage":30.0,"enemies":"The Guardian","floor":16.0,"turns":15.0},{"damage":10,"enemies":"Shell Parasite","floor":18,"turns":6},{"damage":17,"enemies":"Chosen","floor":21,"turns":5},{"damage":18,"enemies":"Shelled Parasite and Fungi","floor":22,"turns":8},{"damage":61,"enemies":"Slavers","floor":25,"turns":4}],"seed_played":"6188292126789840535","potions_obtained":[{"floor":5.0,"key":"Languid Potion"},{"floor":12.0,"key":"Toxic Potion"},{"floor":13.0,"key":"Regen Potion"},{"floor":18,"key":"Explosive Potion"}],"is_trial":false,"path_per_floor":["M","?","M","$","M","R","E","?","T","R","T","M","M","M","R","B",null,"M","?","?","M","M","R","$","E"],"character_chosen":"DEFECT","items_purchased":["Toolbox","Ancient Tea Set"],"campfire_rested":1,"item_purchase_floors":[24,24],"current_hp_per_floor":[76,76,76,76,75,75,57,50,50,50,50,50,44,44,44,26,82,72,72,72,55,37,61,61,0,0],"gold":4,"neow_bonus":"TEN_PERCENT_HP_BONUS","is_daily":false,"chose_seed":false,"campfire_upgraded":3,"win_rate":0.0,"timestamp":1613236745,"path_taken":["M","?","M","?","M","R","E","?","T","R","?","M","?","M","R","BOSS","M","?","?","M","M","R","$","E"],"items_purchased_type":["Relic","Relic"],"build_version":"2020-12-22","purchased_purges":2,"victory":false,"max_hp_per_floor":[82,82,82,82,82,82,82,82,82,82,82,82,82,82,82,82,82,82,82,82,82,82,82,82,82,82],"card_choices":[{"not_picked":["Cold Snap","Panic Button"],"picked":"Ball Lightning","floor":1.0},{"not_picked":["FTL","Leap"],"picked":"Loop","floor":3.0},{"not_picked":["Steam","Aggregate"],"picked":"Sweeping Beam","floor":5.0},{"not_picked":["Doom and Gloom","Conserve Battery"],"picked":"Coolheaded","floor":7.0},{"not_picked":["Streamline","Rebound"],"picked":"Panic Button","floor":12.0},{"not_picked":["ReplaySort","Stack","ReplayTheSpireMod:Repulse"],"picked":"SKIP","floor":13.0},{"not_picked":["Beam Cell","Sweeping Beam"],"picked":"Crystallizer","floor":14.0},{"not_picked":["ReplayTheSpireMod:Fabricate Wheel","Electrodynamics"],"picked":"Fission","floor":16.0},{"not_picked":["Self Repair","Double Energy","Steam"],"picked":"SKIP","floor":18},{"not_picked":["ReplayTheSpireMod:System Scan","Scrape","Hologram"],"picked":"SKIP","floor":21},{"not_picked":["Blizzard+1","Ball Lightning"],"picked":"Time Bomb+1","floor":22}],"player_experience":238654,"relics_obtained":[{"floor":7.0,"key":"Whetstone"},{"floor":9.0,"key":"Geode"},{"floor":11.0,"key":"PreservedInsect"}],"event_choices":[{"damage_healed":0.0,"max_hp_gain":0.0,"max_hp_loss":0.0,"gold_gain":0.0,"cards_transformed":["Strike_B"],"event_name":"Living Wall","player_choice":"Change","floor":2.0,"gold_loss":0.0,"damage_taken":0.0,"cards_obtained":["Blizzard"]},{"cards_removed":["Zap"],"damage_healed":0.0,"max_hp_gain":0.0,"max_hp_loss":0.0,"gold_gain":0.0,"event_name":"Golden Wing","player_choice":"Card Removal","floor":8.0,"gold_loss":0.0,"damage_taken":7.0},{"damage_healed":0,"gold_gain":0,"cards_transformed":["Strike_B","Fission"],"player_choice":"Became Test Subject","damage_taken":0,"max_hp_gain":0,"max_hp_loss":0,"event_name":"Drug Dealer","floor":19,"gold_loss":0,"cards_obtained":["Rip and Tear","Genetic Algorithm"]},{"damage_healed":0,"gold_gain":0,"player_choice":"Read","damage_taken":0,"max_hp_gain":0,"max_hp_loss":0,"event_name":"The Library","floor":20,"gold_loss":0,"cards_obtained":["Consume"]}],"is_beta":false,"boss_relics":[{"not_picked":["Calling Bell","Ectoplasm"],"picked":"Astrolabe"}],"items_purged_floors":[4,24],"is_endless":false,"potions_floor_spawned":[5,12,13,18],"killed_by":"Slavers","ascension_level":0}}