{"host":"v16t4fbv9yk4gg06","time":1613253417,"event":{"mods":["BaseMod","Bestiary","Bossed Relics","Dark Map","Displayed Cursed Tome","Fox Events","Minty Spire (QoL Compilation)","Robot Space Explorer","Spicy Shops","StSLib","Thieving Mod","Wide Potions"],"gold_per_floor":[109,125,125,141,29,63,63,80,80,80,80,99,114,144,144,144,144],"floor_reached":16,"language":"ENG","playtime":399,"items_purged":[],"score":112,"play_id":"ba6ecbf0-7922-4af8-8f21-5757ffe0213a","local_time":"20210213225657","is_ascension_mode":false,"campfire_choices":[{"floor":7,"key":"REST"},{"floor":15,"key":"REST"}],"circlet_count":0,"master_deck":["Strike_R","Strike_R","Strike_R","Strike_R","Strike_R","Defend_R","Defend_R","Defend_R","Bash","Fire Breathing+1","Cleave","Juggernaut","Armaments","Flex","Sword Boomerang","Metallicize"],"relics":["Burning Blood","NeowsBlessing","Pen Nib","Strawberry","Art of War","Eternal Feather"],"acts_visited":["Exordium"],"potions_floor_usage":[],"damage_taken":[{"damage":0,"enemies":"Cultist","floor":1,"turns":1},{"damage":0,"enemies":"Small Slimes","floor":2,"turns":1},{"damage":0,"enemies":"Jaw Worm","floor":4,"turns":1},{"damage":63,"enemies":"Lagavulin","floor":6,"turns":8},{"damage":0,"enemies":"Large Slime","floor":8,"turns":4},{"damage":0,"enemies":"Lots of Slimes","floor":12,"turns":1},{"damage":14,"enemies":"Blue Slaver","floor":13,"turns":4},{"damage":36,"enemies":"Gremlin Nob","floor":14,"turns":5},{"damage":65,"enemies":"The Guardian","floor":16,"turns":9}],"seed_played":"8093963543700188615","potions_obtained":[{"floor":2,"key":"ColorlessPotion"}],"is_trial":false,"path_per_floor":["M","M","?","M","$","E","R","M","T","T","?","M","M","E","R","B"],"character_chosen":"IRONCLAD","items_purchased":["DistilledChaos"],"campfire_rested":2,"item_purchase_floors":[5],"current_hp_per_floor":[80,80,80,80,80,23,47,53,60,60,60,66,58,28,63,0,0],"gold":144,"neow_bonus":"THREE_ENEMY_KILL","is_daily":false,"chose_seed":false,"campfire_upgraded":0,"win_rate":0.0,"timestamp":1613253417,"path_taken":["M","?","?","M","$","E","R","M","T","?","?","?","M","E","R","BOSS"],"items_purchased_type":["Potion"],"build_version":"2020-12-22","purchased_purges":0,"victory":false,"max_hp_per_floor":[80,80,80,80,80,80,80,80,87,87,87,87,87,87,87,87,87],"card_choices":[{"not_picked":["Headbutt","Shrug It Off"],"picked":"Fire Breathing","floor":1},{"not_picked":["Dual Wield","Fire Breathing"],"picked":"Cleave","floor":2},{"not_picked":["Cleave","Clash","Twin Strike"],"picked":"SKIP","floor":4},{"not_picked":["Second Wind","Corruption"],"picked":"Juggernaut","floor":6},{"not_picked":["Perfected Strike","Sentinel","Headbutt"],"picked":"SKIP","floor":8},{"not_picked":["Iron Wave","Armaments"],"picked":"Flex","floor":12},{"not_picked":["Clash","Rampage"],"picked":"Sword Boomerang","floor":13},{"not_picked":["Limit Break","Warcry"],"picked":"Metallicize","floor":14}],"player_experience":296655,"relics_obtained":[{"floor":6,"key":"Pen Nib"},{"floor":9,"key":"Strawberry"},{"floor":10,"key":"Art of War"},{"floor":14,"key":"Eternal Feather"}],"event_choices":[{"damage_healed":0,"gold_gain":0,"player_choice":"Grow","damage_taken":0,"max_hp_gain":0,"max_hp_loss":0,"event_name":"Living Wall","floor":3,"gold_loss":0,"cards_upgraded":["Fire Breathing"]},{"damage_healed":0,"gold_gain":0,"cards_transformed":["Defend_R"],"player_choice":"Transformed","damage_taken":0,"max_hp_gain":0,"max_hp_loss":0,"event_name":"Transmorgrifier","floor":11,"gold_loss":0,"cards_obtained":["Armaments"]}],"is_beta":false,"boss_relics":[],"items_purged_floors":[],"is_endless":false,"potions_floor_spawned":[2,6,8,14],"killed_by":"The Guardian","ascension_level":0}}