{"host":"8r9w96u1r57aou22","time":1613202251,"event":{"mods":["AchievementEnabler","BaseMod","Colored Map","Colored Powertips","Keyboard Shortcuts","Minty Spire (QoL Compilation)","StSLib","SuperFastMode"],"gold_per_floor":[116,136,146,166,179,179,179,179,179,104,122,140,153,186,186,285,285,303,303,46,46,56,83,99,99,146,158,170,170,195,205,205,304,304,322,322,335,335,355,355,355],"floor_reached":40,"language":"KOR","playtime":1483,"items_purged":["Defend_P","Strike_P"],"score":530,"play_id":"94be1021-2058-4940-ac22-9fe63c060877","local_time":"20210213164411","is_ascension_mode":true,"campfire_choices":[{"data":"Eruption","floor":6.0,"key":"SMITH"},{"data":"WindmillStrike","floor":8.0,"key":"SMITH"},{"data":"CrushJoints","floor":15.0,"key":"SMITH"},{"floor":25,"key":"REST"},{"floor":29,"key":"REST"},{"data":"WindmillStrike","floor":32,"key":"SMITH"}],"circlet_count":0,"master_deck":["Strike_P","Defend_P","Defend_P","Eruption+1","Vigilance","Blasphemy","Evaluate","EmptyFist","Wallop","WindmillStrike+1","BowlingBash","EmptyBody","CrushJoints+1","Protect","Establishment+1","Protect","WindmillStrike+1","Prostrate+1","Devotion+1","TalkToTheHand+1","Vengeance+1","Brilliance","Purity","CarveReality+1"],"relics":["PureWater","Mango","Frozen Egg 2","SlaversCollar","Omamori","WingedGreaves","Toy Ornithopter","Pantograph","Fusion Hammer"],"acts_visited":["Exordium","TheCity","TheBeyond"],"potions_floor_usage":[31,37,40,40],"damage_taken":[{"damage":0.0,"enemies":"Jaw Worm","floor":1.0,"turns":3.0},{"damage":10.0,"enemies":"Small Slimes","floor":2.0,"turns":3.0},{"damage":0.0,"enemies":"Cultist","floor":3.0,"turns":2.0},{"damage":0.0,"enemies":"2 Fungi Beasts","floor":4.0,"turns":2.0},{"damage":0.0,"enemies":"Blue Slaver","floor":5.0,"turns":2.0},{"damage":6.0,"enemies":"Red Slaver","floor":11.0,"turns":2.0},{"damage":7.0,"enemies":"Large Slime","floor":12.0,"turns":4.0},{"damage":18.0,"enemies":"Exordium Wildlife","floor":13.0,"turns":2.0},{"damage":10.0,"enemies":"Gremlin Nob","floor":14.0,"turns":3.0},{"damage":11.0,"enemies":"Hexaghost","floor":16.0,"turns":9.0},{"damage":18.0,"enemies":"Spheric Guardian","floor":18.0,"turns":4.0},{"damage":23.0,"enemies":"2 Thieves","floor":22.0,"turns":4.0},{"damage":15.0,"enemies":"Book of Stabbing","floor":23.0,"turns":8.0},{"damage":13,"enemies":"Snecko","floor":24,"turns":4},{"damage":27,"enemies":"Centurion and Healer","floor":27,"turns":5},{"damage":13,"enemies":"Cultist and Chosen","floor":28,"turns":4},{"damage":5,"enemies":"Gremlin Leader","floor":30,"turns":5},{"damage":29,"enemies":"Snake Plant","floor":31,"turns":5},{"damage":16,"enemies":"Champ","floor":33,"turns":7},{"damage":5,"enemies":"3 Shapes","floor":35,"turns":7},{"damage":27,"enemies":"3 Darklings","floor":37,"turns":4},{"damage":28,"enemies":"Maw","floor":39,"turns":6},{"damage":53,"enemies":"Reptomancer","floor":40,"turns":4}],"seed_played":"-1739629234414992142","potions_obtained":[{"floor":3.0,"key":"Regen Potion"},{"floor":5.0,"key":"Fruit Juice"},{"floor":12.0,"key":"ColorlessPotion"},{"floor":13.0,"key":"SpeedPotion"},{"floor":18.0,"key":"Ancient Potion"},{"floor":24,"key":"LiquidBronze"},{"floor":27,"key":"Explosive Potion"},{"floor":30,"key":"Regen Potion"},{"floor":31,"key":"ColorlessPotion"},{"floor":38,"key":"DuplicationPotion"}],"is_trial":false,"path_per_floor":["M","M","M","M","M","R","?","R","T","$","M","M","M","E","R","B",null,"M","?","$","?","M","E","M","R","T","M","M","R","E","M","R","B",null,"M","?","M","?","M","E"],"character_chosen":"WATCHER","items_purchased":["Omamori"],"campfire_rested":2,"item_purchase_floors":[20],"current_hp_per_floor":[51,41,41,41,41,41,46,46,60,60,54,47,34,33,33,22,96,78,78,78,78,55,40,27,55,55,28,15,43,38,26,26,35,96,91,91,69,69,41,0,0],"gold":355,"neow_bonus":"TRANSFORM_TWO_CARDS","is_daily":false,"chose_seed":false,"campfire_upgraded":4,"win_rate":0.0,"timestamp":1613202251,"path_taken":["M","M","M","M","M","R","?","R","T","$","M","M","M","E","R","BOSS","M","?","$","?","M","E","M","R","T","M","M","R","E","?","R","BOSS","M","?","M","?","?","E"],"items_purchased_type":["Relic"],"build_version":"2020-12-22","purchased_purges":2,"victory":false,"max_hp_per_floor":[72,72,72,72,72,72,77,77,91,91,91,91,96,96,96,96,96,96,96,96,96,96,96,96,96,96,96,96,96,96,96,96,96,96,96,96,96,96,96,96,96],"card_choices":[{"not_picked":["ReachHeaven","FollowUp"],"picked":"EmptyFist","floor":1.0},{"not_picked":["EmptyBody","Halt"],"picked":"Wallop","floor":2.0},{"not_picked":["BowlingBash","FlurryOfBlows"],"picked":"WindmillStrike","floor":3.0},{"not_picked":["LikeWater","EmptyBody"],"picked":"BowlingBash","floor":4.0},{"not_picked":["PathToVictory","Nirvana"],"picked":"EmptyBody","floor":5.0},{"not_picked":["SandsOfTime","FlyingSleeves","Consecrate"],"picked":"SKIP","floor":11.0},{"not_picked":["ThirdEye","Consecrate"],"picked":"CrushJoints","floor":12.0},{"not_picked":["MasterReality","PathToVictory","JustLucky"],"picked":"SKIP","floor":13.0},{"not_picked":["Halt","Evaluate"],"picked":"Protect","floor":14.0},{"not_picked":["Ragnarok","Brilliance"],"picked":"Establishment+1","floor":16.0},{"not_picked":["Evaluate","FlurryOfBlows+1","FearNoEvil"],"picked":"SKIP","floor":18.0},{"not_picked":["Swivel+1","Evaluate"],"picked":"Prostrate+1","floor":22.0},{"not_picked":["Wireheading+1","ReachHeaven"],"picked":"Devotion+1","floor":23.0},{"not_picked":["Halt","EmptyFist","EmptyBody"],"picked":"SKIP","floor":24},{"not_picked":["WaveOfTheHand","PathToVictory","FollowUp"],"picked":"SKIP","floor":27},{"not_picked":["Consecrate+1","CutThroughFate","EmptyBody"],"picked":"SKIP","floor":28},{"not_picked":["Protect","Wish"],"picked":"TalkToTheHand+1","floor":30},{"not_picked":["Evaluate","ForeignInfluence"],"picked":"Vengeance+1","floor":31},{"not_picked":["Alpha","Blasphemy"],"picked":"Brilliance","floor":33},{"not_picked":["Consecrate","FollowUp+1","FlyingSleeves"],"picked":"SKIP","floor":35},{"not_picked":["Mind Blast","Mayhem+1"],"picked":"Purity","floor":36},{"not_picked":["Swivel+1","EmptyBody+1","FollowUp+1"],"picked":"SKIP","floor":37},{"not_picked":["SashWhip","Consecrate"],"picked":"CarveReality+1","floor":39}],"player_experience":321741,"relics_obtained":[{"floor":9.0,"key":"Mango"},{"floor":14.0,"key":"Frozen Egg 2"},{"floor":23.0,"key":"WingedGreaves"},{"floor":26,"key":"Toy Ornithopter"},{"floor":30,"key":"Pantograph"}],"event_choices":[{"damage_healed":0.0,"max_hp_gain":5.0,"max_hp_loss":0.0,"gold_gain":0.0,"event_name":"Big Fish","player_choice":"Donut","floor":7.0,"gold_loss":0.0,"damage_taken":0.0},{"damage_healed":0.0,"max_hp_gain":0.0,"max_hp_loss":0.0,"gold_gain":0.0,"event_name":"The Library","player_choice":"Read","floor":19.0,"gold_loss":0.0,"damage_taken":0.0,"cards_obtained":["Protect"]},{"damage_healed":0.0,"max_hp_gain":0.0,"max_hp_loss":0.0,"gold_gain":0.0,"cards_transformed":["Strike_P"],"event_name":"Transmorgrifier","player_choice":"Transformed","floor":21.0,"gold_loss":0.0,"damage_taken":0.0,"cards_obtained":["WindmillStrike"]},{"damage_healed":0,"gold_gain":0,"player_choice":"Memory 1","damage_taken":0,"max_hp_gain":0,"max_hp_loss":0,"event_name":"SensoryStone","floor":36,"gold_loss":0},{"damage_healed":0,"gold_gain":0,"player_choice":"Got Potions","damage_taken":0,"max_hp_gain":0,"max_hp_loss":0,"event_name":"Lab","floor":38,"gold_loss":0}],"is_beta":false,"boss_relics":[{"not_picked":["Tiny House","Sozu"],"picked":"SlaversCollar"},{"not_picked":["Runic Dome","Black Star"],"picked":"Fusion Hammer"}],"items_purged_floors":[10,20],"is_endless":false,"potions_floor_spawned":[3,5,12,13,18,24,27,30,31,39],"killed_by":"Reptomancer","ascension_level":2}}