{"host":"m4pe905ae9bldoe7","time":1613233653,"event":{"mods":["BaseMod","Bestiary","Block Reminder","Downfall","Minty Spire (QoL Compilation)","StSLib"],"gold_per_floor":[114,132,132,149,166,197,197,208,256,256,256,283,283,300,300,300,300],"floor_reached":16,"language":"ENG","playtime":527,"items_purged":[],"score":189,"play_id":"577d8e94-92a3-4524-ab5a-53fbd35d548a","local_time":"20210213172733","is_ascension_mode":true,"campfire_choices":[{"floor":7.0,"key":"REST"},{"floor":11.0,"key":"REST"},{"floor":15.0,"key":"REST"}],"circlet_count":0,"master_deck":["AscendersBane","Strike_R","Strike_R","Strike_R","Strike_R","Strike_R","Defend_R","Defend_R","Defend_R","Defend_R","Bash","Shrug It Off","Flame Barrier","Regret","Metallicize","Armaments","True Grit","Dual Wield"],"relics":["Burning Blood","NeowsBlessing","Thread and Needle","Darkstone Periapt","Anchor","Pen Nib","Odd Mushroom","Blue Candle"],"acts_visited":["Exordium"],"potions_floor_usage":[],"damage_taken":[{"damage":0.0,"enemies":"Small Slimes","floor":1.0,"turns":1.0},{"damage":0.0,"enemies":"Jaw Worm","floor":2.0,"turns":1.0},{"damage":0.0,"enemies":"2 Louse","floor":4.0,"turns":1.0},{"damage":5.0,"enemies":"Exordium Wildlife","floor":5.0,"turns":5.0},{"damage":73.0,"enemies":"Gremlin Nob","floor":6.0,"turns":7.0},{"damage":13.0,"enemies":"2 Fungi Beasts","floor":8.0,"turns":7.0},{"damage":33.0,"enemies":"The Mushroom Lair","floor":12.0,"turns":10.0},{"damage":0.0,"enemies":"3 Louse","floor":14.0,"turns":7.0},{"damage":0,"enemies":"Slime Boss","floor":16,"turns":1}],"seed_played":"337917498913700766","potions_obtained":[{"floor":2.0,"key":"ColorlessPotion"},{"floor":6.0,"key":"sneckomod:MuddlingPotion"},{"floor":12.0,"key":"sneckomod:MuddlingPotion"}],"is_trial":false,"path_per_floor":["M","M","?","M","M","E","R","M","T","?","R","?","?","M","R","B"],"character_chosen":"IRONCLAD","items_purchased":[],"campfire_rested":3,"item_purchase_floors":[],"current_hp_per_floor":[74,75,75,75,75,8,30,23,23,23,45,18,13,19,41,41,41],"gold":300,"neow_bonus":"THREE_ENEMY_KILL","is_daily":false,"chose_seed":false,"campfire_upgraded":0,"win_rate":0.0,"timestamp":1613233653,"path_taken":["M","M","?","M","M","E","R","M","T","?","R","?","?","?","R","BOSS"],"items_purchased_type":[],"build_version":"2020-12-22","purchased_purges":0,"victory":false,"max_hp_per_floor":[75,75,75,75,75,75,75,75,75,75,75,75,75,75,75,75,75],"card_choices":[{"not_picked":["Warcry","Anger"],"picked":"Shrug It Off","floor":1.0},{"not_picked":["Twin Strike","Warcry"],"picked":"Flame Barrier","floor":2.0},{"not_picked":["Sword Boomerang","Havoc"],"picked":"Metallicize","floor":4.0},{"not_picked":["Heavy Blade","Rupture"],"picked":"Armaments","floor":5.0},{"not_picked":["Rupture","Wild Strike"],"picked":"True Grit","floor":6.0},{"not_picked":["Pommel Strike","Warcry","Twin Strike"],"picked":"SKIP","floor":8.0},{"not_picked":["Combust","Cleave"],"picked":"Dual Wield","floor":14.0}],"player_experience":583017,"relics_obtained":[{"floor":6.0,"key":"Darkstone Periapt"},{"floor":9.0,"key":"Anchor"},{"floor":12.0,"key":"Odd Mushroom"}],"event_choices":[{"damage_healed":0.0,"max_hp_gain":0.0,"max_hp_loss":0.0,"gold_gain":0.0,"event_name":"Big Fish","player_choice":"Box","floor":3.0,"gold_loss":0.0,"damage_taken":0.0,"relics_obtained":["Thread and Needle"],"cards_obtained":["Regret"]},{"damage_healed":0.0,"max_hp_gain":0.0,"max_hp_loss":0.0,"gold_gain":0.0,"event_name":"Dead Adventurer","player_choice":"Searched \u00271\u0027 times","floor":10.0,"gold_loss":0.0,"damage_taken":0.0,"relics_obtained":["Pen Nib"]},{"damage_healed":0.0,"max_hp_gain":0.0,"max_hp_loss":0.0,"gold_gain":0.0,"event_name":"Mushrooms","player_choice":"Fought Mushrooms","floor":12.0,"gold_loss":0.0,"damage_taken":0.0}],"is_beta":false,"boss_relics":[],"items_purged_floors":[],"is_endless":false,"potions_floor_spawned":[2,6,12],"killed_by":"Slime Boss","ascension_level":17}}