{"host":"xc18ixkpjvqrt8st","time":1613175630,"event":{"mods":["Act Like it!","BaseMod","Better Match","Better Third Choice","Conspire","Downfall","Hallownest","Hermit","Minty Spire (QoL Compilation)","Reliquary","Robot Space Explorer","Shop Mod","Spicy Shops","Spire Arcade","StSLib","The Animator","The Edgeheg","The Jungle","The Sage"],"gold_per_floor":[126,126,126,26,40,65,109,28,28,28,28,28,47,62,62,187,187,207,238,256,279,0,0,51,51,51,90,106,106,125,125,125],"floor_reached":31,"language":"ENG","playtime":1423,"items_purged":[],"score":281,"play_id":"f81ebeda-da1f-47d3-9877-9409c9000713","local_time":"20210212182030","is_ascension_mode":true,"campfire_choices":[{"data":"1","floor":11,"key":"LIFT"},{"floor":15,"key":"REST"},{"floor":23,"key":"REST"},{"data":"2","floor":25,"key":"LIFT"},{"floor":29,"key":"REST"}],"circlet_count":0,"master_deck":["animator:Strike_Overlord","animator:Defend_Overlord","animator:Strike","animator:Strike","animator:Defend+1","animator:Defend+1","animator:Defend","animator:Cocytus","animator:Demiurge","animator:SuzuneAmano+1","animator:LizardPriest","Injury","Ghostly+1","animator:LeleiLaLalena","animator:ChaikaBohdan","animator:YaoHaDucy","animator:MisaKurobane","animator:DwarfShaman","animator:RoryMercury","animator:Saber","animator:ChaikaBohdan","animator:Tyuule","animator:Lancer","animator:ShinjiMatou","animator:DolaSchwi","animator:Jibril","animator:Lancer+1","animator:Tyuule"],"relics":["animator:LivingPicture","animator:TheMissingPiece","Golden Idol","Girya","Busted Crown","Strawberry","reliquary:WeakTea","reliquary:FeatherDuster","Frozen Egg 2"],"acts_visited":["Exordium","TheCity"],"potions_floor_usage":[7,7,16,20,20,24,28,31],"damage_taken":[{"damage":1,"enemies":"conspire:RoseBush","floor":1,"turns":4},{"damage":0,"enemies":"Small Slimes","floor":5,"turns":6},{"damage":0,"enemies":"Cultist","floor":6,"turns":4},{"damage":28,"enemies":"Gremlin Nob","floor":7,"turns":4},{"damage":14,"enemies":"Exordium Thugs","floor":13,"turns":5},{"damage":3,"enemies":"2 Fungi Beasts","floor":14,"turns":3},{"damage":10,"enemies":"Slime Boss","floor":16,"turns":15},{"damage":0,"enemies":"Chosen","floor":18,"turns":4},{"damage":8,"enemies":"Shell Parasite","floor":20,"turns":4},{"damage":18,"enemies":"Snake Plant","floor":21,"turns":4},{"damage":25,"enemies":"Gremlin Leader","floor":24,"turns":7},{"damage":23,"enemies":"conspire:MimicChest","floor":27,"turns":6},{"damage":12,"enemies":"Centurion and Healer","floor":28,"turns":3},{"damage":14,"enemies":"Snecko","floor":30,"turns":4},{"damage":0,"enemies":"Snake Plant","floor":31,"turns":1}],"seed_played":"-7846221890740311711","potions_obtained":[{"floor":5,"key":"SneckoOil"},{"floor":6,"key":"sneckomod:MuddlingPotion"},{"floor":13,"key":"Block Potion"},{"floor":16,"key":"DistilledChaos"},{"floor":18,"key":"Block Potion"},{"floor":20,"key":"sneckomod:MuddlingPotion"},{"floor":24,"key":"FearPotion"}],"is_trial":false,"path_per_floor":["M","?","?","?","M","M","E","$","T","?","R","?","M","M","R","B",null,"M","?","M","M","$","R","E","R","T","?","M","R","M","M"],"character_chosen":"THE_ANIMATOR","items_purchased":["animator:MisaKurobane","Strawberry","animator:ShinjiMatou","DuplicationPotion"],"campfire_rested":3,"item_purchase_floors":[8,22,22,22],"current_hp_per_floor":[65,65,52,52,52,52,24,24,24,24,24,24,11,8,28,18,67,67,67,59,41,48,70,45,45,45,23,11,33,19,19,19],"gold":125,"neow_bonus":"TRANSFORM_CARD","is_daily":false,"chose_seed":false,"campfire_upgraded":0,"win_rate":0.0,"timestamp":1613175630,"path_taken":["M","?","?","?","M","M","E","$","T","?","R","?","?","M","R","BOSS","M","?","M","M","$","R","E","R","T","?","M","R","M","?"],"items_purchased_type":["Card","Relic","Card","Potion"],"build_version":"2020-12-22","purchased_purges":0,"victory":false,"max_hp_per_floor":[66,66,66,66,66,66,66,66,66,66,66,66,67,67,67,67,67,67,67,67,67,74,74,74,74,74,75,75,75,75,75,75],"card_choices":[{"not_picked":["animator:Kuribayashi","animator:Layla"],"picked":"animator:LizardPriest","floor":1},{"not_picked":["animator:Layla","animator:DolaRiku"],"picked":"animator:LeleiLaLalena","floor":5},{"not_picked":["animator:Guy","animator:Jibril"],"picked":"animator:ChaikaBohdan","floor":6},{"not_picked":["animator:Tyuule","animator:Arpeggio"],"picked":"animator:YaoHaDucy","floor":7},{"not_picked":["animator:Kuribayashi","animator:EmiyaShirou"],"picked":"animator:DwarfShaman","floor":13},{"not_picked":["animator:Sebas","animator:Demiurge"],"picked":"animator:RoryMercury","floor":14},{"not_picked":["animator:Sora","animator:SwordMaiden"],"picked":"animator:Saber","floor":16},{"not_picked":[],"picked":"animator:ChaikaBohdan","floor":18},{"not_picked":[],"picked":"animator:Tyuule","floor":20},{"not_picked":[],"picked":"animator:Lancer","floor":21},{"not_picked":[],"picked":"animator:DolaSchwi","floor":24},{"not_picked":[],"picked":"animator:Jibril","floor":27},{"not_picked":[],"picked":"animator:Lancer+1","floor":28},{"not_picked":[],"picked":"animator:Tyuule","floor":30}],"player_experience":710606,"relics_obtained":[{"floor":7,"key":"Girya"},{"floor":24,"key":"reliquary:WeakTea"},{"floor":26,"key":"reliquary:FeatherDuster"},{"floor":27,"key":"Frozen Egg 2"}],"event_choices":[{"damage_healed":0,"gold_gain":0,"player_choice":"Take Wound","damage_taken":0,"relics_obtained":["Golden Idol"],"max_hp_gain":0,"max_hp_loss":0,"event_name":"Golden Idol","floor":2,"gold_loss":0,"cards_obtained":["Injury"]},{"damage_healed":65,"gold_gain":0,"player_choice":"Upgrade","damage_taken":13,"max_hp_gain":0,"max_hp_loss":66,"event_name":"betterThird:BetterShining","floor":3,"gold_loss":0,"cards_upgraded":["animator:Defend","animator:Defend"]},{"damage_healed":0,"gold_gain":0,"player_choice":"Argue","damage_taken":0,"max_hp_gain":0,"max_hp_loss":0,"event_name":"conspire:LoneGhost","floor":4,"gold_loss":0},{"damage_healed":0,"gold_gain":0,"player_choice":"Grow","damage_taken":0,"max_hp_gain":0,"max_hp_loss":0,"event_name":"Living Wall","floor":10,"gold_loss":0,"cards_upgraded":["animator:SuzuneAmano"]},{"damage_healed":0,"gold_gain":0,"player_choice":"Forge","damage_taken":0,"max_hp_gain":0,"max_hp_loss":0,"event_name":"Accursed Blacksmith","floor":12,"gold_loss":0,"cards_upgraded":["Ghostly"]}],"is_beta":false,"boss_relics":[{"not_picked":["Empty Cage","Astrolabe"],"picked":"Busted Crown"}],"items_purged_floors":[],"is_endless":false,"potions_floor_spawned":[5,6,13,16,18,20,24],"killed_by":"Snake Plant","ascension_level":2}}