{"host":"alk2ftu785mujiir","time":1613244835,"event":{"mods":["BaseMod","Bossed Relics","Colored Map","Downfall","Minty Spire (QoL Compilation)","StSLib"],"gold_per_floor":[99,117,131,146,4,36,36,186,211,231,231,250,266,276,293,397,397,297,325,347,374,69,96,96,145,230,53,53,53,53,64,95,224,224,224,263,301,327,327,327,327,314,367,74,74,22,64,100,127,150],"floor_reached":51,"language":"ENG","playtime":3601,"items_purged":["downfall:Icky","sneckomod:Defend","sneckomod:Strike"],"score":793,"play_id":"07d571fc-338d-4f02-ac11-650cef6d9f9d","local_time":"20210213143355","is_ascension_mode":false,"campfire_choices":[{"data":"sneckomod:TailWhip","floor":1.0,"key":"SMITH"},{"data":"sneckomod:UnknownRareAttack","floor":18.0,"key":"SMITH"},{"data":"sneckomod:UnknownRareAttack","floor":30.0,"key":"SMITH"}],"circlet_count":0,"master_deck":["sneckomod:Strike+1","sneckomod:Strike+1","sneckomod:Defend","sneckomod:Defend","sneckomod:TailWhip+1","sneckomod:SnekBite+1","sneckomod:Unknown","sneckomod:Unknown","sneckomod:Unknown1Cost","sneckomod:UnknownColorless","sneckomod:UnknownClassGREEN","sneckomod:UnknownRareAttack+1","sneckomod:Unknown1Cost","sneckomod:UnknownCommonAttack","sneckomod:RainOfDice","sneckomod:DiceBlock+1","sneckomod:UnknownCommonSkill+1","sneckomod:IronFang","sneckomod:UnknownDraw+1","sneckomod:UnknownBlock+1","sneckomod:DiceBlock+1","sneckomod:GlitteringGambit+1","sneckomod:QuickMove+1","sneckomod:DefensiveFlair+1","sneckomod:UnendingSupply+1","sneckomod:UnknownRareAttack+1","sneckomod:UnknownVulnerable+1","sneckomod:UnknownClassGREEN+1","Jack Of All Trades+1","Footwork+1","sneckomod:UnknownStrike+1","sneckomod:ImprovisedGuard+1","sneckomod:Transmogrify+1","hexamod:PhantomCloak+1","sneckomod:CheapStock","sneckomod:UnknownExhaust+1","sneckomod:Unknown0Cost+1","Blur+1","sneckomod:UnknownBlock+1","sneckomod:UnknownBlock+1","sneckomod:UnknownClassBLUE+1","Secret Technique+1","sneckomod:WideSting","sneckomod:DiceCrush","sneckomod:DiceBoulder+1","sneckomod:UnknownUncommonPower+1"],"relics":["sneckomod:SneckoSoul","Toxic Egg 2","Tiny House","downfall:HeartBlessingGreen","Tiny Chest","Matryoshka","MutagenicStrength","expansioncontent:StudyCardRelic","Blood Vial","Bottled Lightning","Frozen Egg 2","Whetstone","Mummified Hand","Pantograph","Regal Pillow","hexamod:CandleOfCauterizing","Ginger","Sling","hexamod:BolsterEngine"],"acts_visited":["Exordium","TheCity","TheBeyond"],"potions_floor_usage":[48,50,50],"damage_taken":[{"damage":13.0,"enemies":"Jaw Worm","floor":2.0,"turns":4.0},{"damage":0.0,"enemies":"Cultist","floor":3.0,"turns":3.0},{"damage":7.0,"enemies":"2 Louse","floor":4.0,"turns":4.0},{"damage":0.0,"enemies":"downfall:FleeingMerchant","floor":5.0,"turns":4.0},{"damage":25.0,"enemies":"Lagavulin","floor":6.0,"turns":9.0},{"damage":22.0,"enemies":"3 Sentries","floor":9.0,"turns":5.0},{"damage":0.0,"enemies":"Blue Slaver","floor":10.0,"turns":3.0},{"damage":1.0,"enemies":"2 Fungi Beasts","floor":12.0,"turns":4.0},{"damage":5.0,"enemies":"Red Slaver","floor":13.0,"turns":3.0},{"damage":0.0,"enemies":"3 Louse","floor":14.0,"turns":2.0},{"damage":3.0,"enemies":"Blue Slaver","floor":15.0,"turns":5.0},{"damage":52.0,"enemies":"WA_ARCHETYPE_RETAIN","floor":16.0,"turns":19.0},{"damage":4.0,"enemies":"3 Byrds","floor":19.0,"turns":9.0},{"damage":0.0,"enemies":"Chosen","floor":20.0,"turns":8.0},{"damage":3.0,"enemies":"Centurion and Healer","floor":21.0,"turns":10.0},{"damage":0.0,"enemies":"downfall:FleeingMerchant","floor":22.0,"turns":4.0},{"damage":4.0,"enemies":"Snake Plant","floor":23.0,"turns":7.0},{"damage":13.0,"enemies":"Book of Stabbing","floor":25.0,"turns":8.0},{"damage":4.0,"enemies":"downfall:FleeingMerchant","floor":27.0,"turns":4.0},{"damage":0.0,"enemies":"Snecko","floor":31.0,"turns":5.0},{"damage":16.0,"enemies":"Chosen and Byrds","floor":32.0,"turns":10.0},{"damage":12.0,"enemies":"DF_ARCHETYPE_CLAW","floor":33.0,"turns":8.0},{"damage":13.0,"enemies":"3 Darklings","floor":36.0,"turns":5.0},{"damage":17.0,"enemies":"3 Shapes","floor":37.0,"turns":7.0},{"damage":3.0,"enemies":"Writhing Mass","floor":38.0,"turns":6.0},{"damage":2.0,"enemies":"downfall:FleeingMerchant","floor":42.0,"turns":3.0},{"damage":10.0,"enemies":"Giant Head","floor":43.0,"turns":8.0},{"damage":10.0,"enemies":"Nemesis","floor":47.0,"turns":7.0},{"damage":2,"enemies":"Transient","floor":48,"turns":5},{"damage":0,"enemies":"4 Shapes","floor":49,"turns":4},{"damage":52,"enemies":"SI_POISON_ARCHETYPE","floor":50,"turns":17}],"seed_played":"5836016565259455171","potions_obtained":[{"floor":3.0,"key":"Block Potion"},{"floor":6.0,"key":"Energy Potion"},{"floor":6.0,"key":"FairyPotion"},{"floor":10.0,"key":"FearPotion"},{"floor":11.0,"key":"SkillPotion"},{"floor":11.0,"key":"Guardian:BlockOnCardUsePotion"},{"floor":12.0,"key":"PowerPotion"},{"floor":15.0,"key":"sneckomod:DiceRollPotion"},{"floor":20.0,"key":"EssenceOfSteel"},{"floor":25.0,"key":"SteroidPotion"},{"floor":31.0,"key":"PowerPotion"},{"floor":32.0,"key":"AttackPotion"},{"floor":36.0,"key":"hexamod:SoulburnPotion"},{"floor":37.0,"key":"Regen Potion"},{"floor":48,"key":"DuplicationPotion"}],"is_trial":false,"path_per_floor":["R","M","M","M","$","E","T","?","E","M","?","M","M","M","M","B",null,"R","M","M","M","$","M","T","E","?","$","R","?","R","M","M","B",null,"R","M","M","M","?","R","T","$","E","$","T","$","E","M","M","B",null],"character_chosen":"THE_SNECKO","items_purchased":["sneckomod:Unknown1Cost","sneckomod:UnknownCommonAttack","sneckomod:RainOfDice","Sling","sneckomod:UnknownDexterity+1","Jack Of All Trades+1","sneckomod:UnknownBlock+1","sneckomod:UnknownClassBLUE+1","Secret Technique+1","hexamod:BolsterEngine","Fruit Juice","sneckomod:WideSting","sneckomod:DiceCrush"],"campfire_rested":0,"item_purchase_floors":[5,5,5,22,22,27,42,42,42,44,44,44,46],"current_hp_per_floor":[90,77,77,70,70,45,45,45,23,23,23,22,17,17,14,15,90,90,86,86,83,83,86,86,73,59,55,55,55,55,55,39,52,90,90,77,60,59,59,59,59,59,51,56,56,56,48,63,65,40],"gold":150,"neow_bonus":"RANDOM_COMMON_RELIC","is_daily":false,"chose_seed":false,"campfire_upgraded":3,"win_rate":0.0,"timestamp":1613244835,"path_taken":["R","M","M","M","$","E","T","?","E","M","?","M","M","M","M","BOSS","R","M","M","M","$","M","T","E","?","$","R","?","R","M","M","BOSS","R","M","M","M","?","R","T","$","E","$","?","?","E","?","M","BOSS"],"items_purchased_type":["Card","Card","Card","Relic","Card","Card","Card","Card","Card","Relic","Potion","Card","Card"],"build_version":"2020-12-22","purchased_purges":3,"victory":true,"max_hp_per_floor":[90,90,90,90,90,90,90,90,90,90,90,90,90,90,90,90,90,90,90,90,90,90,90,90,90,90,90,90,90,90,90,90,90,90,90,90,90,90,90,90,90,90,90,95,95,95,95,95,95,95],"card_choices":[{"not_picked":["sneckomod:UnknownExhaust","sneckomod:QuickBite"],"picked":"sneckomod:Unknown1Cost","floor":2.0},{"not_picked":["sneckomod:DiceBlock","sneckomod:ImprovisedAttack"],"picked":"sneckomod:UnknownColorless","floor":3.0},{"not_picked":["sneckomod:UnknownCommonAttack","sneckomod:SoulCleanse"],"picked":"sneckomod:UnknownClassGREEN","floor":4.0},{"not_picked":["sneckomod:UnknownCommonAttack","sneckomod:MasterEye"],"picked":"sneckomod:UnknownRareAttack","floor":5.0},{"not_picked":["sneckomod:SnekBeam","sneckomod:SoulCleanse+1"],"picked":"sneckomod:DiceBlock+1","floor":6.0},{"not_picked":["sneckomod:WideSting","sneckomod:Unknown1Cost+1"],"picked":"sneckomod:UnknownCommonSkill+1","floor":9.0},{"not_picked":["sneckomod:QuickMove+1","sneckomod:UnknownUncommonPower"],"picked":"sneckomod:IronFang","floor":10.0},{"not_picked":["sneckomod:IronFang","sneckomod:UnknownRarePower"],"picked":"sneckomod:UnknownDraw+1","floor":12.0},{"not_picked":["sneckomod:UnknownUncommonSkill+1","sneckomod:UnknownClassHEXA_GHOST_PURPLE+1"],"picked":"sneckomod:UnknownBlock+1","floor":13.0},{"not_picked":["sneckomod:QuickMove+1","sneckomod:UnknownUncommonSkill+1"],"picked":"sneckomod:UnknownBlock+1","floor":14.0},{"not_picked":["sneckomod:SoulRoll+1","sneckomod:QuickMove+1"],"picked":"sneckomod:DiceBlock+1","floor":15.0},{"not_picked":["sneckomod:Cheat+1","sneckomod:UnlimitedRolls"],"picked":"sneckomod:GlitteringGambit+1","floor":16.0},{"not_picked":["sneckomod:QuickBite","sneckomod:SnekBeam"],"picked":"sneckomod:Unknown1Cost+1","floor":19.0},{"not_picked":["sneckomod:DiceBlock+1","sneckomod:IronFang"],"picked":"sneckomod:QuickMove+1","floor":20.0},{"not_picked":["sneckomod:UnknownClassBLUE+1","sneckomod:SnekBeam"],"picked":"sneckomod:DefensiveFlair+1","floor":21.0},{"not_picked":["sneckomod:RainOfDice","sneckomod:Rotation+1"],"picked":"sneckomod:UnendingSupply+1","floor":22.0},{"not_picked":["sneckomod:DiceBoulder","sneckomod:Nope+1"],"picked":"sneckomod:UnknownRareAttack","floor":23.0},{"not_picked":["sneckomod:RainOfDice","sneckomod:UnendingSupply+1"],"picked":"sneckomod:UnknownVulnerable+1","floor":25.0},{"not_picked":["sneckomod:UnknownCommonAttack","sneckomod:UnendingSupply"],"picked":"sneckomod:UnknownClassGREEN+1","floor":27.0},{"not_picked":["sneckomod:IronFang","sneckomod:RainOfDice"],"picked":"sneckomod:UnknownStrike+1","floor":31.0},{"not_picked":["sneckomod:UnknownBlock+1","sneckomod:UnknownDraw+1"],"picked":"sneckomod:ImprovisedGuard+1","floor":32.0},{"not_picked":["sneckomod:SoulExchange+1","sneckomod:Mudshield"],"picked":"sneckomod:Transmogrify+1","floor":33.0},{"not_picked":["sneckomod:DiceBlock+1","sneckomod:SoulRoll+1"],"picked":"sneckomod:CheapStock","floor":36.0},{"not_picked":["sneckomod:WideSting","sneckomod:RainOfDice"],"picked":"sneckomod:UnknownExhaust+1","floor":37.0},{"not_picked":["sneckomod:UnknownClassHEXA_GHOST_PURPLE+1","sneckomod:Rotation+1"],"picked":"sneckomod:Unknown0Cost+1","floor":38.0},{"not_picked":["sneckomod:UnknownCommonSkill+1","sneckomod:UnknownClassGREEN+1"],"picked":"sneckomod:UnknownBlock+1","floor":42.0},{"not_picked":["sneckomod:SoulRoll+1","sneckomod:MixItUp","sneckomod:PureSnecko+1"],"picked":"SKIP","floor":43.0},{"not_picked":["sneckomod:Rotation+1","sneckomod:UnknownBlock+1"],"picked":"sneckomod:DiceBoulder+1","floor":47.0},{"not_picked":["sneckomod:Cheat+1","sneckomod:DiceBlock+1"],"picked":"sneckomod:UnknownUncommonPower+1","floor":48},{"not_picked":["sneckomod:IronFang","sneckomod:RainOfDice+1","sneckomod:MixItUp+1"],"picked":"SKIP","floor":49}],"player_experience":1833700,"relics_obtained":[{"floor":6.0,"key":"Toxic Egg 2"},{"floor":7.0,"key":"Pantograph"},{"floor":9.0,"key":"Orichalcum"},{"floor":24.0,"key":"Tiny Chest"},{"floor":25.0,"key":"Matryoshka"},{"floor":36.0,"key":"expansioncontent:StudyCardRelic"},{"floor":37.0,"key":"Blood Vial"},{"floor":38.0,"key":"Sling"},{"floor":39.0,"key":"Kunai"},{"floor":39.0,"key":"Bottled Lightning"},{"floor":41.0,"key":"Frozen Egg 2"},{"floor":41.0,"key":"Whetstone"},{"floor":42.0,"key":"Mummified Hand"},{"floor":43.0,"key":"Pantograph"},{"floor":43.0,"key":"Regal Pillow"},{"floor":45.0,"key":"hexamod:CandleOfCauterizing"},{"floor":47.0,"key":"Sling"},{"floor":47.0,"key":"Ginger"},{"floor":48,"key":"Sling"},{"floor":49,"key":"hexamod:BolsterEngine"}],"event_choices":[{"damage_healed":0.0,"max_hp_gain":0.0,"max_hp_loss":0.0,"gold_gain":0.0,"event_name":"Drug Dealer","player_choice":"Inject Mutagens","floor":29.0,"gold_loss":0.0,"damage_taken":0.0,"relics_obtained":["MutagenicStrength"]}],"is_beta":false,"boss_relics":[{"not_picked":["Fusion Hammer","SacredBark"],"picked":"Tiny House"},{"not_picked":["Snecko Eye","Pandora\u0027s Box"],"picked":"expansioncontent:StudyCardRelic"}],"items_purged_floors":[22,27,42],"is_endless":false,"potions_floor_spawned":[3,6,10,12,14,15,20,25,31,32,36,37,48],"ascension_level":0}}