{"host":"mb4j77vqrnqglrk8","time":1613214249,"event":{"mods":["BaseMod","Downfall","Googly Eyes","Minty Spire (QoL Compilation)","StSLib"],"gold_per_floor":[111,61,236,246,321,321,356,356,383,383,410,138,156,166,166,263,263,278,291,142,153,163,163,188,188,188,198,198,198,227,227,227,330,330,343,343,354,454,471,471,37,48,101,101,120,143,143,154,154,154,154],"floor_reached":50,"language":"ENG","playtime":3150,"items_purged":["Doubt","downfall:Icky"],"score":540,"play_id":"b1a092e4-b304-436e-b19d-b6ace72f965c","local_time":"20210213220409","is_ascension_mode":false,"campfire_choices":[{"floor":6,"key":"REST"},{"floor":8,"key":"REST"},{"data":"Neutralize","floor":10,"key":"SMITH"},{"floor":15,"key":"REST"},{"floor":23,"key":"REST"},{"floor":25,"key":"REST"},{"floor":32,"key":"REST"},{"floor":40,"key":"REST"},{"data":"Adrenaline","floor":44,"key":"SMITH"},{"floor":47,"key":"REST"},{"floor":49,"key":"REST"}],"circlet_count":0,"master_deck":["Strike_G","Strike_G","Defend_G","Defend_G","Defend_G","Survivor","Neutralize+1","Riddle With Holes","Caltrops","Dash","Backstab+1","Crippling Poison","Noxious Fumes","Dash","Unload+1","Bane+1","Crippling Poison+1","Tools of the Trade+1","Dodge and Roll","Prepared","Sucker Punch+1","Prepared+1","Heel Hook","Backflip+1","Slimebound:CheckThePlaybook","Adrenaline+1","Thinking Ahead","Trip","Magnetism","Footwork+1","Parasite","Caltrops","Jack Of All Trades","Prepared+1","Bouncing Flask","Flying Knee+1"],"relics":["Ring of the Serpent","Pantograph","PreservedInsect","Toy Ornithopter","Vajra","Astrolabe","Snake Skull","Mercury Hourglass","Darkstone Periapt","MutagenicStrength","Whetstone","Mummified Hand","Nunchaku","Potion Belt"],"acts_visited":["Exordium","TheCity","TheBeyond"],"potions_floor_usage":[16,16,16,19,33,33,45,50,50],"damage_taken":[{"damage":2,"enemies":"Small Slimes","floor":1,"turns":4},{"damage":22,"enemies":"Jaw Worm","floor":4,"turns":6},{"damage":32,"enemies":"Lagavulin","floor":7,"turns":10},{"damage":14,"enemies":"3 Sentries","floor":11,"turns":6},{"damage":0,"enemies":"2 Louse","floor":13,"turns":2},{"damage":7,"enemies":"Gremlin Gang","floor":14,"turns":4},{"damage":45,"enemies":"Slime Boss","floor":16,"turns":9},{"damage":0,"enemies":"Chosen","floor":18,"turns":4},{"damage":2,"enemies":"2 Thieves","floor":19,"turns":3},{"damage":10,"enemies":"Snecko","floor":21,"turns":5},{"damage":24,"enemies":"Snake Plant","floor":22,"turns":4},{"damage":11,"enemies":"Gremlin Leader","floor":24,"turns":4},{"damage":8,"enemies":"Centurion and Healer","floor":27,"turns":5},{"damage":12,"enemies":"Book of Stabbing","floor":30,"turns":5},{"damage":52,"enemies":"Collector","floor":33,"turns":7},{"damage":0,"enemies":"Orb Walker","floor":35,"turns":3},{"damage":27,"enemies":"3 Darklings","floor":37,"turns":4},{"damage":27,"enemies":"Writhing Mass","floor":39,"turns":7},{"damage":0,"enemies":"4 Shapes","floor":42,"turns":3},{"damage":29,"enemies":"Spire Growth","floor":45,"turns":4},{"damage":14,"enemies":"Sphere and 2 Shapes","floor":48,"turns":4},{"damage":97,"enemies":"Donu and Deca","floor":50,"turns":10}],"seed_played":"-2442121710282042535","potions_obtained":[{"floor":7,"key":"Weak Potion"},{"floor":13,"key":"Block Potion"},{"floor":14,"key":"Block Potion"},{"floor":18,"key":"Block Potion"},{"floor":24,"key":"Block Potion"},{"floor":30,"key":"ColorlessPotion"},{"floor":37,"key":"bronze:BurnAndBuffPotion"},{"floor":39,"key":"Weak Potion"},{"floor":48,"key":"AttackPotion"}],"is_trial":false,"path_per_floor":["M","?","?","M","?","R","E","R","T","R","E","$","M","M","R","B",null,"M","M","$","M","M","R","E","R","T","M","?","?","E","?","R","B",null,"M","?","M","?","M","R","$","M","T","R","M","T","R","M","R","B"],"character_chosen":"THE_SILENT","items_purchased":["Vajra","Noxious Fumes","Snake Skull","Mummified Hand","Jack Of All Trades"],"campfire_rested":9,"item_purchase_floors":[12,12,20,41,41],"current_hp_per_floor":[68,68,68,46,35,56,24,45,45,45,31,31,31,24,45,25,70,70,68,68,58,34,55,44,65,65,57,57,57,45,51,73,24,76,76,66,39,39,18,42,42,42,42,42,18,18,42,28,52,0,0],"gold":154,"neow_bonus":"TRANSFORM_CARD","is_daily":false,"chose_seed":false,"campfire_upgraded":2,"win_rate":0.0,"timestamp":1613214249,"path_taken":["M","?","?","M","?","R","E","R","T","R","E","$","M","M","R","BOSS","M","M","$","M","M","R","E","R","T","M","?","?","E","?","R","BOSS","M","?","M","?","?","R","$","M","T","R","M","?","R","M","R","BOSS"],"items_purchased_type":["Relic","Card","Relic","Relic","Card"],"build_version":"2020-12-22","purchased_purges":2,"victory":false,"max_hp_per_floor":[70,70,70,70,70,70,70,70,70,70,70,70,70,70,70,70,70,70,70,70,70,70,70,70,70,70,70,70,70,70,76,76,76,76,76,76,76,76,82,82,82,82,82,82,82,82,82,82,82,82,82],"card_choices":[{"not_picked":["PiercingWail","Eviscerate"],"picked":"Caltrops","floor":1},{"not_picked":["Reflex","Deflect"],"picked":"Dash","floor":4},{"not_picked":["Quick Slash","Slice"],"picked":"Backstab","floor":7},{"not_picked":["Reflex","Catalyst"],"picked":"Crippling Poison","floor":11},{"not_picked":["Underhanded Strike","Slice","Finisher"],"picked":"SKIP","floor":13},{"not_picked":["Deadly Poison","Prepared"],"picked":"Dash","floor":14},{"not_picked":["Doppelganger","Night Terror"],"picked":"Unload","floor":16},{"not_picked":["Outmaneuver","Quick Slash"],"picked":"Dodge and Roll","floor":18},{"not_picked":["Escape Plan+1","Underhanded Strike"],"picked":"Prepared","floor":19},{"not_picked":["Slice","Underhanded Strike"],"picked":"Sucker Punch+1","floor":21},{"not_picked":["Infinite Blades","Choke"],"picked":"Prepared+1","floor":22},{"not_picked":["Backflip","Wraith Form v2"],"picked":"Heel Hook","floor":24},{"not_picked":["Calculated Gamble","Quick Slash"],"picked":"Backflip+1","floor":27},{"not_picked":["Bane","Deflect","Quick Slash+1"],"picked":"SKIP","floor":30},{"not_picked":["Die Die Die","Night Terror"],"picked":"Adrenaline","floor":33},{"not_picked":["Expertise","Eviscerate","Skewer"],"picked":"SKIP","floor":35},{"not_picked":["PanicButton","Discovery"],"picked":"Thinking Ahead","floor":36},{"not_picked":["Flash of Steel","Purity"],"picked":"Trip","floor":36},{"not_picked":["HandOfGreed","Discovery"],"picked":"Magnetism","floor":36},{"not_picked":["Slice","Tactician"],"picked":"Footwork+1","floor":37},{"not_picked":["Distraction","Dodge and Roll"],"picked":"Caltrops","floor":39},{"not_picked":["Distraction","Flying Knee+1"],"picked":"Prepared+1","floor":42},{"not_picked":["Infinite Blades+1","Prepared+1"],"picked":"Bouncing Flask","floor":45},{"not_picked":["Reflex+1","Bane"],"picked":"Flying Knee+1","floor":48}],"player_experience":16848,"relics_obtained":[{"floor":7,"key":"Pantograph"},{"floor":9,"key":"PreservedInsect"},{"floor":11,"key":"Toy Ornithopter"},{"floor":24,"key":"Mercury Hourglass"},{"floor":26,"key":"Darkstone Periapt"},{"floor":30,"key":"Whetstone"},{"floor":43,"key":"Nunchaku"},{"floor":46,"key":"Potion Belt"}],"event_choices":[{"cards_removed":["Strike_G"],"damage_healed":0,"gold_gain":0,"player_choice":"Card Removal","damage_taken":0,"max_hp_gain":0,"max_hp_loss":0,"event_name":"The Cleric","floor":2,"gold_loss":50},{"damage_healed":0,"gold_gain":175,"player_choice":"AGREE","damage_taken":0,"max_hp_gain":0,"max_hp_loss":0,"event_name":"Liars Game","floor":3,"gold_loss":0,"cards_obtained":["Doubt"]},{"damage_healed":0,"gold_gain":75,"player_choice":"Gather Gold","damage_taken":11,"max_hp_gain":0,"max_hp_loss":0,"event_name":"World of Goop","floor":5,"gold_loss":0},{"damage_healed":0,"gold_gain":0,"player_choice":"Ignored","damage_taken":0,"max_hp_gain":0,"max_hp_loss":0,"event_name":"Vampires","floor":28,"gold_loss":0},{"damage_healed":0,"gold_gain":0,"player_choice":"Inject Mutagens","damage_taken":0,"relics_obtained":["MutagenicStrength"],"max_hp_gain":0,"max_hp_loss":0,"event_name":"Drug Dealer","floor":29,"gold_loss":0},{"damage_healed":0,"gold_gain":0,"player_choice":"Memory 3","damage_taken":10,"max_hp_gain":0,"max_hp_loss":0,"event_name":"SensoryStone","floor":36,"gold_loss":0},{"damage_healed":0,"gold_gain":100,"player_choice":"Pray","damage_taken":0,"max_hp_gain":0,"max_hp_loss":0,"event_name":"Golden Shrine","floor":38,"gold_loss":0}],"is_beta":false,"boss_relics":[{"not_picked":["Runic Dome","SacredBark"],"picked":"Astrolabe"},{"not_picked":["Coffee Dripper","HoveringKite"],"picked":"Ring of the Serpent"}],"items_purged_floors":[12,41],"is_endless":false,"potions_floor_spawned":[7,13,14,18,24,30,37,39,48],"killed_by":"Donu and Deca","ascension_level":0}}