{"host":"ux8r2oyej5019q8x","time":1613179575,"event":{"mods":["AchievementEnabler","BaseMod","Colored Map","Colored Powertips","GifTheSpireLib","HexUI Lib","Highlight Path","Minty Spire (QoL Compilation)","Rare Cards Sparkle","Relic Stats","StSLib","everything is the same but u backflip on backflip"],"gold_per_floor":[115,131,57,67,80,80,80,80,80,80,30,30,69,90,90,216,216,229,253,71,71,85,85,85,85,85],"floor_reached":25,"language":"ENG","playtime":2785,"items_purged":[],"score":264,"play_id":"35463300-d207-43b8-98bb-35c352024b1c","local_time":"20210213022615","is_ascension_mode":true,"campfire_choices":[{"data":"Feel No Pain","floor":6,"key":"SMITH"},{"data":"Sever Soul","floor":8,"key":"SMITH"},{"data":"Bash","floor":10,"key":"SMITH"},{"data":"Thunderclap","floor":12,"key":"SMITH"},{"data":"Searing Blow","floor":15,"key":"SMITH"},{"floor":23,"key":"REST"}],"circlet_count":0,"master_deck":["Strike_R","Strike_R","Strike_R","Strike_R","Defend_R","Defend_R","Defend_R","Defend_R","Bash+1","Clothesline","Feel No Pain+1","Impervious","Sever Soul+1","Thunderclap+1","Dark Embrace","Searing Blow+1","Exhume","Warcry+1","Apotheosis","True Grit+1"],"relics":["Burning Blood","Ice Cream","Golden Idol","White Beast Statue","Question Card","Cursed Key"],"acts_visited":["Exordium","TheCity"],"potions_floor_usage":[13,16,18,19,24,25,25],"damage_taken":[{"damage":15,"enemies":"Cultist","floor":1,"turns":5},{"damage":0,"enemies":"2 Louse","floor":2,"turns":3},{"damage":6,"enemies":"Small Slimes","floor":4,"turns":4},{"damage":16,"enemies":"Blue Slaver","floor":5,"turns":6},{"damage":15,"enemies":"Lagavulin","floor":13,"turns":4},{"damage":14,"enemies":"Red Slaver","floor":14,"turns":4},{"damage":36,"enemies":"Slime Boss","floor":16,"turns":13},{"damage":15,"enemies":"Spheric Guardian","floor":18,"turns":4},{"damage":25,"enemies":"Shell Parasite","floor":19,"turns":6},{"damage":18,"enemies":"Snake Plant","floor":22,"turns":6},{"damage":0,"enemies":"Cultist and Chosen","floor":24,"turns":1},{"damage":56,"enemies":"Gremlin Leader","floor":25,"turns":7}],"seed_played":"-6316896353992379958","potions_obtained":[{"floor":2,"key":"Ancient Potion"},{"floor":4,"key":"AttackPotion"},{"floor":13,"key":"SpeedPotion"},{"floor":14,"key":"SmokeBomb"},{"floor":16,"key":"PowerPotion"},{"floor":18,"key":"GamblersBrew"},{"floor":19,"key":"ColorlessPotion"},{"floor":22,"key":"Fire Potion"}],"is_trial":false,"path_per_floor":["M","M","$","M","M","R","?","R","T","R","?","R","E","M","R","B",null,"M","M","$","?","M","R","M","E"],"character_chosen":"IRONCLAD","items_purchased":["Impervious","Apotheosis"],"campfire_rested":1,"item_purchase_floors":[3,20],"current_hp_per_floor":[63,69,69,69,59,59,59,59,59,59,59,59,50,42,42,12,57,48,29,29,29,17,38,44,0,0],"gold":85,"neow_bonus":"ONE_RARE_RELIC","is_daily":false,"chose_seed":false,"campfire_upgraded":5,"win_rate":0.0,"timestamp":1613179575,"path_taken":["M","M","$","?","M","R","?","R","T","R","?","R","E","M","R","BOSS","M","M","$","?","M","R","M","E"],"items_purchased_type":["Card","Card"],"build_version":"2020-12-22","purchased_purges":0,"victory":false,"max_hp_per_floor":[72,72,72,72,72,72,72,72,72,72,72,72,72,72,72,72,72,72,72,72,72,72,72,72,72,72],"relic_stats":{"counters":[12,63],"Golden Idol":53,"Question Card":5,"Cursed Key":0,"obtain_stats":[{"Ice Cream":0,"Golden Idol":7,"Question Card":13,"Cursed Key":17,"Burning Blood":0,"White Beast Statue":9},{"Ice Cream":0,"Golden Idol":4,"Question Card":5,"Cursed Key":7,"Burning Blood":0,"White Beast Statue":4},{"Ice Cream":0,"Golden Idol":18,"Question Card":22,"Cursed Key":39,"Burning Blood":0,"White Beast Statue":18}],"Burning Blood":66},"card_choices":[{"not_picked":["Havoc","Warcry"],"picked":"Clothesline","floor":1},{"not_picked":["Perfected Strike","Havoc"],"picked":"Feel No Pain","floor":2},{"not_picked":["Blood for Blood","Flex"],"picked":"Sever Soul","floor":4},{"not_picked":["Seeing Red","Perfected Strike"],"picked":"Thunderclap","floor":5},{"not_picked":["Rampage","Fire Breathing"],"picked":"Dark Embrace","floor":13},{"not_picked":["Clash","Cleave","Twin Strike"],"picked":"Searing Blow","floor":14},{"not_picked":["Corruption","Offering","Bludgeon"],"picked":"Exhume","floor":16},{"not_picked":["Havoc","Body Slam","Rampage","Warcry"],"picked":"SKIP","floor":18},{"not_picked":["Power Through","Pommel Strike","Fire Breathing"],"picked":"Warcry+1","floor":19},{"not_picked":["Inflame","Rupture","Body Slam"],"picked":"True Grit+1","floor":22}],"player_experience":241148,"relics_obtained":[{"floor":9,"key":"White Beast Statue"},{"floor":13,"key":"Question Card"}],"event_choices":[{"damage_healed":0,"gold_gain":0,"player_choice":"Take Wound","damage_taken":0,"relics_obtained":["Golden Idol"],"max_hp_gain":0,"max_hp_loss":0,"event_name":"Golden Idol","floor":7,"gold_loss":0,"cards_obtained":["Injury"]},{"cards_removed":["Injury"],"damage_healed":0,"gold_gain":0,"player_choice":"Card Removal","damage_taken":0,"max_hp_gain":0,"max_hp_loss":0,"event_name":"The Cleric","floor":11,"gold_loss":50},{"cards_removed":["Strike_R"],"damage_healed":0,"gold_gain":0,"player_choice":"Purged","damage_taken":0,"max_hp_gain":0,"max_hp_loss":0,"event_name":"Purifier","floor":21,"gold_loss":0}],"is_beta":false,"boss_relics":[{"not_picked":["Velvet Choker","Black Star"],"picked":"Cursed Key"}],"items_purged_floors":[],"is_endless":false,"potions_floor_spawned":[2,4,13,14,16,18,19,22,24],"killed_by":"Gremlin Leader","ascension_level":6}}