{"host":"lnfs5t5iydkm2lft","time":1613241665,"event":{"mods":["AchievementEnabler","BaseMod","Better Third Choice","BetterRewards","Colored Powertips","Downfall","Hermit","Hubris","Infinite Spire","Marisa????????","Minty Spire (QoL Compilation)","Quick Restart","Replay The Spire","StSLib","The Runesmith","The Senshi","everything is the same but u backflip on backflip","slay the spire mod where everything is the same but ironclad has a cowboy hat"],"gold_per_floor":[0,12,27,27,12,30,30,44,105,105,68,84,0,11,121,326,376,376,486,486,486,506,506,531,557,567,567,567],"floor_reached":27,"language":"ENG","playtime":2562,"items_purged":[],"score":263,"play_id":"262e46a1-8d41-4929-ad51-e4eadc284521","local_time":"20210213124105","is_ascension_mode":true,"campfire_choices":[{"data":"Runesmith:Fortify","floor":1,"key":"SMITH"},{"data":"Runesmith:Firestorm","floor":18,"key":"SMITH"},{"floor":23,"key":"RECALL"}],"circlet_count":0,"master_deck":["Runesmith:Strike_RS","Runesmith:Strike_RS","Runesmith:Defend_RS","Runesmith:Defend_RS","Runesmith:Defend_RS","Runesmith:Defend_RS","Runesmith:CraftFirestone","Runesmith:Fortify+1","Runesmith:HeatedChisel","Runesmith:PerfectChisel","Runesmith:GoWithTheFlow+1","Runesmith:EnergizedChisel","Runesmith:Grindstone","Runesmith:CraftMagma","Runesmith:LightningRod","Runesmith:Firestorm+1","Runesmith:ArcReactor","Runesmith:CraftProtectio","Runesmith:LightningRod","Runesmith:HeatExchange+1","Runesmith:StaticCage","Runesmith:Superposition","Runesmith:Terraform","Runesmith:Firewall"],"relics":["Runesmith:BrokenRuby","Replay:PocketPolymizer","hubris:ToyBattleship","hubris:Icosahedron","Tiny House","theSenshi:SuperSailorFukuRelic"],"acts_visited":["Exordium","TheCity"],"potions_floor_usage":[5,12,16,16,16,22,25,25,27],"damage_taken":[{"damage":1,"enemies":"2 Louse","floor":2,"turns":4},{"damage":1,"enemies":"Cultist","floor":3,"turns":4},{"damage":0,"enemies":"downfall:FleeingMerchant","floor":5,"turns":4},{"damage":0,"enemies":"Jaw Worm","floor":6,"turns":3},{"damage":0,"enemies":"Red Slaver","floor":8,"turns":4},{"damage":51,"enemies":"Gremlin Nob","floor":9,"turns":5},{"damage":0,"enemies":"Blue Slaver","floor":11,"turns":3},{"damage":2,"enemies":"Exordium Wildlife","floor":12,"turns":5},{"damage":0,"enemies":"downfall:FleeingMerchant","floor":13,"turns":4},{"damage":1,"enemies":"3 Louse","floor":14,"turns":4},{"damage":11,"enemies":"Large Slime","floor":15,"turns":5},{"damage":14,"enemies":"DF_ARCHETYPE_STREAMLINE","floor":16,"turns":11},{"damage":0,"enemies":"Shell Parasite","floor":19,"turns":9},{"damage":10,"enemies":"Centurion and Healer","floor":22,"turns":10},{"damage":14,"enemies":"Gremlin Leader","floor":25,"turns":8},{"damage":0,"enemies":"Cultist and Chosen","floor":26,"turns":6},{"damage":49,"enemies":"Slavers","floor":27,"turns":3}],"seed_played":"5294524470503054754","potions_obtained":[{"floor":2,"key":"hexamod:SoulburnPotion"},{"floor":9,"key":"Doom Potion"},{"floor":11,"key":"Swift Potion"},{"floor":14,"key":"Swift Potion"},{"floor":15,"key":"Death Potion"},{"floor":17,"key":"SpeedPotion"},{"floor":19,"key":"Energy Potion"},{"floor":22,"key":"AttackPotion"},{"floor":26,"key":"DuplicationPotion"}],"is_trial":false,"path_per_floor":["R","M","M","?","$","M","T","M","?","?","M","M","$","M","M","B",null,"R","M","?","?","M","R","T","E","M","E"],"character_chosen":"RUNESMITH_CLASS","items_purchased":["Runesmith:Firestorm"],"campfire_rested":0,"item_purchase_floors":[13],"current_hp_per_floor":[84,83,82,82,82,82,82,82,31,31,31,29,29,28,17,3,89,89,89,72,72,62,62,62,48,48,0,0],"gold":567,"neow_bonus":"TWENTY_PERCENT_HP_BONUS","is_daily":false,"chose_seed":false,"campfire_upgraded":2,"win_rate":0.0,"timestamp":1613241665,"path_taken":["R","M","M","?","?","M","T","?","?","?","M","M","?","M","M","BOSS","R","M","?","?","M","R","T","E","M","E"],"items_purchased_type":["Card"],"build_version":"2020-12-22","purchased_purges":0,"victory":false,"max_hp_per_floor":[84,84,84,84,84,84,84,84,84,84,84,84,84,84,84,84,89,89,89,94,94,94,94,94,94,94,94,94],"card_choices":[{"not_picked":["Runesmith:ChiselStab","Runesmith:Refine"],"picked":"Runesmith:HeatedChisel","floor":2},{"not_picked":["Runesmith:Refine","Runesmith:Overpower"],"picked":"Runesmith:PerfectChisel","floor":3},{"not_picked":["Runesmith:BackupBattery","Runesmith:DoubleUp"],"picked":"Runesmith:EnergizedChisel","floor":5},{"not_picked":["Runesmith:NanitesCloud","Runesmith:LastStand"],"picked":"Runesmith:Grindstone","floor":6},{"not_picked":["Runesmith:Grindstone","Runesmith:CraftProtectio"],"picked":"Runesmith:CraftReservo","floor":8},{"not_picked":["Runesmith:ChiselStab","Runesmith:Electrocute","Runesmith:UnstableHammer"],"picked":"SKIP","floor":11},{"not_picked":["Runesmith:ShiftingStrike","Runesmith:Repurpose"],"picked":"Runesmith:CraftMagma","floor":12},{"not_picked":["Runesmith:FieryHammer","Runesmith:Grindstone"],"picked":"Runesmith:LightningRod","floor":13},{"not_picked":["Runesmith:EnergizedChisel","Runesmith:ShiftingStrike","Runesmith:UnstableHammer"],"picked":"SKIP","floor":14},{"not_picked":["Runesmith:RuneHurl","Runesmith:Grindstone","Runesmith:Repurpose"],"picked":"SKIP","floor":15},{"not_picked":["Runesmith:DuctTape","Runesmith:LastStand"],"picked":"Runesmith:ArcReactor","floor":16},{"not_picked":["Runesmith:Grindstone","Runesmith:ChiselStab"],"picked":"Runesmith:CraftProtectio","floor":17},{"not_picked":["Runesmith:ShiftingStrike","Runesmith:UnstableHammer"],"picked":"Runesmith:HeatExchange","floor":19},{"not_picked":["Runesmith:UnstableHammer+1","Runesmith:HammerThrow+1"],"picked":"Runesmith:StaticCage","floor":22},{"not_picked":["Runesmith:StaticCage","Runesmith:Electrocute"],"picked":"Runesmith:Terraform","floor":25},{"not_picked":["Runesmith:RuneHurl","Runesmith:CraftMagma"],"picked":"Runesmith:Firewall","floor":26}],"player_experience":360666,"relics_obtained":[{"floor":7,"key":"Replay:PocketPolymizer"},{"floor":25,"key":"theSenshi:SuperSailorFukuRelic"}],"event_choices":[{"damage_healed":0,"gold_gain":0,"player_choice":"Forge","damage_taken":0,"max_hp_gain":0,"max_hp_loss":0,"event_name":"Accursed Blacksmith","floor":21,"gold_loss":0,"cards_upgraded":["Runesmith:HeatExchange"]}],"is_beta":false,"boss_relics":[{"not_picked":["Runesmith:UraniumAnvil","hubris:HollowSoul"],"picked":"Tiny House"}],"items_purged_floors":[],"is_endless":false,"potions_floor_spawned":[2,9,11,14,15,19,22,26],"killed_by":"Slavers","ascension_level":1}}