{"host":"czen9m7c7ttmirt2","time":1613200593,"event":{"mods":["AchievementEnabler","Aspiration","BaseMod","Better Third Choice","Colored Map","Colored Powertips","Conspire","Hubris","Minty Spire (QoL Compilation)","Replay The Spire","StSLib"],"gold_per_floor":[115,187,202,202,219,219,231,231,231,265,131,142,102,118,118,220,220,230,145,155,174,193,219,246,246,246,246,259,272,272,232,286,389,389,413,413,413,430,485,485,234,234,234,234,155,172,211,235,235,235,235,235,14,14,14],"floor_reached":54,"language":"ENG","playtime":2429,"items_purged":[],"score":940,"play_id":"256e2abb-0ed9-4626-aa2e-2e221fcbf748","local_time":"20210213011633","is_ascension_mode":true,"campfire_choices":[{"floor":6,"key":"RECALL"},{"data":"Defragment","floor":15,"key":"SMITH"},{"floor":25,"key":"REST"},{"data":"Rainbow","floor":52,"key":"SMITH"}],"circlet_count":0,"master_deck":["Strike_B","Strike_B","Strike_B","Defend_B","Defend_B","Defend_B+1","Defend_B","Zap","Dualcast+1","hubris:PowerSurge","Redo+1","Skim","Rebound+1","Melter+1","Stack","Fusion","Fusion","Doom and Gloom","Glacier","Defragment+1","Rainbow+1","Turbo+1","Redo","Compile Driver+1","Storm+1","Sweeping Beam","Glacier+1","Storm","Defragment","Machine Learning","hubris:Greed","Conserve Battery+1","Go for the Eyes+1","Reboot","Tempest","Lockon+1","Hello World+1","Go for the Eyes+1","Leap","hubris:Greed","hubris:Greed","FIFO Queue","hubris:Greed","hubris:Greed"],"relics":["Cracked Core","aspiration:Nostalgia","Sizzling Blood","War Paint","MealTicket","Whetstone","Fusion Hammer","Pondfish Scales","Replay:Multitool","Red Mask","Snack Pack","Replay:Ancient Bell","Omamori","hubris:RGBLights","aspiration:MysteriousAuxiliaryCore","hubris:Icosahedron","hubris:Teleporter","hubris:CrystalStatue","hubris:Towel","aspiration:FaultyCoupler","hubris:PeanutButter","hubris:BallOfYels"],"acts_visited":["Exordium","TheCity","TheBeyond","TheEnding"],"potions_floor_usage":[22,23,35,39,46,50],"damage_taken":[{"damage":0,"enemies":"Cultist","floor":1,"turns":3},{"damage":0,"enemies":"conspire:RoseBush","floor":3,"turns":2},{"damage":2,"enemies":"Jaw Worm","floor":5,"turns":2},{"damage":29,"enemies":"Exordium Wildlife","floor":7,"turns":6},{"damage":22,"enemies":"Gremlin Nob","floor":10,"turns":4},{"damage":4,"enemies":"2 Fungi Beasts","floor":12,"turns":2},{"damage":1,"enemies":"3 Louse","floor":14,"turns":2},{"damage":13,"enemies":"Slime Boss","floor":16,"turns":10},{"damage":3,"enemies":"Spheric Guardian","floor":18,"turns":3},{"damage":0,"enemies":"conspire:FuzzyDice","floor":20,"turns":5},{"damage":11,"enemies":"3 Cultists","floor":21,"turns":5},{"damage":21,"enemies":"Snake Plant","floor":22,"turns":4},{"damage":28,"enemies":"conspire:Head Lice","floor":23,"turns":12},{"damage":5,"enemies":"Masked Bandits","floor":24,"turns":4},{"damage":0,"enemies":"Centurion and Healer","floor":28,"turns":6},{"damage":1,"enemies":"conspire:HollyBat","floor":29,"turns":7},{"damage":34,"enemies":"hubris:MusketHawk","floor":33,"turns":9},{"damage":4,"enemies":"3 Shapes","floor":35,"turns":2},{"damage":2,"enemies":"Orb Walker","floor":38,"turns":3},{"damage":12,"enemies":"Mind Bloom Boss Battle","floor":39,"turns":7},{"damage":3,"enemies":"Maw","floor":46,"turns":5},{"damage":0,"enemies":"R_Hoarder","floor":47,"turns":4},{"damage":4,"enemies":"Spire Growth","floor":48,"turns":4},{"damage":55,"enemies":"Time Eater","floor":50,"turns":8},{"damage":105,"enemies":"Shield and Spear","floor":54,"turns":5}],"seed_played":"3440590483982047774","potions_obtained":[{"floor":5,"key":"Adrenaline Potion"},{"floor":7,"key":"FearPotion"},{"floor":12,"key":"FairyPotion"},{"floor":18,"key":"Block Potion"},{"floor":29,"key":"Explosive Potion"},{"floor":33,"key":"AttackPotion"},{"floor":40,"key":"BlessingOfTheForge"},{"floor":40,"key":"Elixir"},{"floor":46,"key":"SkillPotion"},{"floor":48,"key":"PowerPotion"}],"is_trial":false,"path_per_floor":["M","T","M","?","M","R","M","T","T","E","$","M","$","M","R","B",null,"M","?","M","M","M","E","?","R","T","R","M","M","R","$","R_BF","B",null,"M","?","?","M","?","R","$","R","T","R","$","M","E","M","R","B",null,"R","$","E"],"character_chosen":"DEFECT","items_purchased":["Fusion","Doom and Gloom","Defragment","Go for the Eyes+1","hubris:CrystalStatue","Tempest","FIFO Queue","hubris:BallOfYels"],"campfire_rested":1,"item_purchase_floors":[11,11,13,31,41,45,53,53],"current_hp_per_floor":[79,79,79,79,79,79,54,54,54,36,51,51,66,69,69,60,79,79,79,79,72,55,31,30,53,53,76,79,79,79,79,79,51,79,79,79,75,75,67,67,75,75,75,75,75,75,75,75,75,30,75,75,75,0,0],"gold":14,"neow_bonus":"NOSTALGIA","is_daily":false,"chose_seed":false,"campfire_upgraded":2,"win_rate":0.0,"timestamp":1613200593,"path_taken":["M","?","M","?","?","R","M","?","T","E","$","M","?","M","R","BOSS","M","?","M","M","M","E","?","R","T","R","M","M","R","$","R_BF","BOSS","M","?","?","M","?","R","?","R","T","R","$","?","E","M","R","BOSS","R","$","E"],"items_purchased_type":["Card","Card","Card","Card","Relic","Card","Card","Relic"],"build_version":"2020-12-22","purchased_purges":0,"victory":false,"max_hp_per_floor":[79,79,79,79,79,79,79,79,79,79,79,79,79,79,79,79,79,79,79,79,79,79,79,79,79,79,79,79,79,79,79,79,79,79,79,79,75,75,75,75,75,75,75,75,75,75,75,75,75,75,75,75,75,75,75],"card_choices":[{"not_picked":["Coolheaded","Turbo"],"picked":"hubris:PowerSurge","floor":1},{"not_picked":["Streamline","ReplayGash"],"picked":"Redo","floor":3},{"not_picked":["Turbo","ReplayGash"],"picked":"Rebound","floor":5},{"not_picked":["Double Energy","Rebound"],"picked":"Melter","floor":7},{"not_picked":["Blizzard","Steam"],"picked":"Stack","floor":10},{"not_picked":["BasicCrystalCard","Go for the Eyes"],"picked":"Glacier","floor":12},{"not_picked":["Steam","Rebound","Streamline"],"picked":"SKIP","floor":14},{"not_picked":["Meteor Strike","Reboot"],"picked":"Rainbow","floor":16},{"not_picked":["Melter","Rebound"],"picked":"Turbo+1","floor":18},{"not_picked":["Reprogram","Stack"],"picked":"Redo","floor":20},{"not_picked":["Sunder","Steam Power+1"],"picked":"Compile Driver+1","floor":21},{"not_picked":["Beam Cell","ReplayTheSpireMod:GoodbyeWorld+1"],"picked":"Storm","floor":22},{"not_picked":["Fission","Stack"],"picked":"Sweeping Beam","floor":23},{"not_picked":["Beam Cell","Consume"],"picked":"Glacier","floor":24},{"not_picked":["Rebound","Consume"],"picked":"Storm","floor":28},{"not_picked":["Chaos","ReplayTheSpireMod:Omega Cannon"],"picked":"Defragment","floor":29},{"not_picked":["Thunder Strike","hubris:SpecializedCircuitry"],"picked":"Machine Learning","floor":33},{"not_picked":["ReplayTheSpireMod:Restless Dread","Hallucinations"],"picked":"Decay","floor":34},{"not_picked":["hubris:Compulsion","hubris:Greed"],"picked":"Regret","floor":34},{"not_picked":["Hallucinations","ReplayTheSpireMod:Splinters"],"picked":"hubris:Greed","floor":34},{"not_picked":["Self Repair","Go for the Eyes+1"],"picked":"Conserve Battery+1","floor":35},{"not_picked":["Leap","Melter"],"picked":"Go for the Eyes+1","floor":38},{"not_picked":["Barrage+1","Turbo"],"picked":"Reboot","floor":39},{"not_picked":["ReplayGash","conspire:Rain"],"picked":"Lockon+1","floor":46},{"not_picked":["Rebound+1","Gash"],"picked":"Hello World+1","floor":47},{"not_picked":["Conserve Battery+1","Barrage"],"picked":"Go for the Eyes+1","floor":48}],"player_experience":215734,"relics_obtained":[{"floor":8,"key":"War Paint"},{"floor":9,"key":"MealTicket"},{"floor":10,"key":"Whetstone"},{"floor":23,"key":"Replay:Multitool"},{"floor":24,"key":"Red Mask"},{"floor":26,"key":"Snack Pack"},{"floor":39,"key":"hubris:Teleporter"},{"floor":43,"key":"aspiration:FaultyCoupler"},{"floor":47,"key":"hubris:PeanutButter"}],"event_choices":[{"damage_healed":0,"gold_gain":0,"cards_transformed":["Strike_B"],"player_choice":"Transformed","damage_taken":0,"max_hp_gain":0,"max_hp_loss":0,"event_name":"Transmorgrifier","floor":4,"gold_loss":0,"cards_obtained":["Skim"]},{"damage_healed":0,"gold_gain":0,"player_choice":"Obtained Relic","damage_taken":0,"relics_obtained":["Pondfish Scales"],"max_hp_gain":0,"max_hp_loss":0,"event_name":"Addict","floor":19,"gold_loss":85},{"damage_healed":0,"gold_gain":0,"player_choice":"Fought Bandits","damage_taken":0,"max_hp_gain":0,"max_hp_loss":0,"event_name":"Masked Bandits","floor":24,"gold_loss":0},{"damage_healed":0,"gold_gain":0,"player_choice":"Max HP","damage_taken":0,"max_hp_gain":0,"max_hp_loss":4,"event_name":"Winding Halls","floor":37,"gold_loss":0},{"damage_healed":0,"gold_gain":0,"player_choice":"Fight","damage_taken":0,"max_hp_gain":0,"max_hp_loss":0,"event_name":"MindBloom","floor":39,"gold_loss":0}],"is_beta":false,"boss_relics":[{"not_picked":["Coffee Dripper","Honey Jar"],"picked":"Fusion Hammer"},{"not_picked":["Philosopher\u0027s Stone","hubris:CrackedHourglass"],"picked":"Replay:Ancient Bell"},{"not_picked":["conspire:TopHat","Toy Ornithopter"],"picked":"Omamori"},{"not_picked":["Replay:WaspNest","Replay:Ringing Soul"],"picked":"hubris:RGBLights"},{"not_picked":["hubris:BundleOfHerbs","Replay:Arrowhead"],"picked":"aspiration:MysteriousAuxiliaryCore"}],"items_purged_floors":[],"is_endless":false,"potions_floor_spawned":[5,7,12,18,20,29,33,46,47,48],"killed_by":"Shield and Spear","ascension_level":3}}