{"host":"gg","time":1613251209,"event":{"mods":["BaseMod","Colored Map","Googly Eyes","Minty Spire (QoL Compilation)","Relic Stats","The IronCluck"],"gold_per_floor":[116,116,134,104,120,155,31,366,366,396,396,74,74,22,22,93,93,106,106,150,187,187,213,213,263,263,263,323,36,63,63,63],"floor_reached":31,"language":"ENG","playtime":1723,"items_purged":["Defend_P"],"score":779,"play_id":"86e0dbe0-529e-4d95-8ba7-bdded2d47eee","local_time":"20210213132009","is_ascension_mode":true,"campfire_choices":[{"data":"CrushJoints","floor":11.0,"key":"SMITH"},{"data":"Eruption","floor":15.0,"key":"SMITH"},{"floor":24.0,"key":"REST"},{"data":"Dramatic Entrance","floor":27,"key":"SMITH"}],"circlet_count":0,"master_deck":["AscendersBane","Strike_P","Defend_P","Eruption+1","Vigilance","FlyingSleeves","FollowUp","DeusExMachina+1","Dramatic Entrance+1","CrushJoints+1","FearNoEvil","ThirdEye","Adaptation","FlurryOfBlows","Wish","WaveOfTheHand+1","LessonLearned+1","DeceiveReality","FlyingSleeves+1","Wireheading","FlurryOfBlows+1","EmptyFist","Weave+1"],"relics":["PureWater","NeowsBlessing","Bronze Scales","Old Coin","Pear","Yang","Toolbox","Toy Ornithopter","Astrolabe","Nilry\u0027s Codex","PreservedInsect","Singing Bowl","CeramicFish","Mummified Hand","Ornamental Fan"],"acts_visited":["Exordium","TheCity"],"potions_floor_usage":[25,25,30],"damage_taken":[{"damage":0.0,"enemies":"Cultist","floor":1.0,"turns":1.0},{"damage":0.0,"enemies":"2 Louse","floor":3.0,"turns":1.0},{"damage":0.0,"enemies":"Jaw Worm","floor":5.0,"turns":1.0},{"damage":50.0,"enemies":"3 Sentries","floor":6.0,"turns":6.0},{"damage":0.0,"enemies":"Gremlin Nob","floor":8.0,"turns":2.0},{"damage":0.0,"enemies":"Lagavulin","floor":10.0,"turns":4.0},{"damage":24.0,"enemies":"Slime Boss","floor":16.0,"turns":8.0},{"damage":21.0,"enemies":"Shell Parasite","floor":18.0,"turns":2.0},{"damage":9.0,"enemies":"Chosen","floor":20.0,"turns":3.0},{"damage":0.0,"enemies":"Snecko","floor":21.0,"turns":4.0},{"damage":17.0,"enemies":"Book of Stabbing","floor":23.0,"turns":4.0},{"damage":7,"enemies":"Slavers","floor":25,"turns":2},{"damage":21,"enemies":"Book of Stabbing","floor":28,"turns":4},{"damage":15,"enemies":"Slavers","floor":30,"turns":2},{"damage":9,"enemies":"Snake Plant","floor":31,"turns":1}],"seed_played":"-2707889285624475106","potions_obtained":[{"floor":4.0,"key":"Fruit Juice"},{"floor":4.0,"key":"Weak Potion"},{"floor":6.0,"key":"SmokeBomb"},{"floor":10.0,"key":"Energy Potion"},{"floor":18.0,"key":"DuplicationPotion"},{"floor":21.0,"key":"DistilledChaos"},{"floor":28,"key":"PowerPotion"}],"is_trial":false,"path_per_floor":["M","?","M","?","M","E","$","E","T","E","R","$","T","$","R","B",null,"M","?","M","M","?","E","R","E","T","R","E","$","E","M"],"character_chosen":"WATCHER","items_purchased":["Dramatic Entrance","CrushJoints","Toolbox","Adaptation","FlurryOfBlows","Mummified Hand"],"campfire_rested":1,"item_purchase_floors":[7,7,12,12,14,29],"current_hp_per_floor":[61,61,61,61,61,16,16,16,26,26,26,26,26,26,26,7,64,43,43,39,39,18,1,25,30,30,30,11,11,3,0,0],"gold":63,"neow_bonus":"THREE_ENEMY_KILL","is_daily":false,"chose_seed":false,"campfire_upgraded":3,"win_rate":0.0,"timestamp":1613251209,"path_taken":["M","?","?","?","M","E","$","E","T","E","R","$","?","?","R","BOSS","M","?","M","M","?","E","R","E","T","R","E","?","E","M"],"items_purchased_type":["Card","Card","Relic","Card","Card","Relic"],"build_version":"2020-12-18","purchased_purges":1,"victory":false,"max_hp_per_floor":[68,68,68,68,68,73,73,73,83,83,83,83,83,83,83,83,83,83,83,83,83,83,83,83,85,85,85,87,87,89,89,89],"relic_stats":{"Singing Bowl":6,"counters":[15,45],"Mummified Hand":[4],"Ornamental Fan":[4],"Bronze Scales":[69],"Astrolabe":["Alpha","WaveOfTheHand","LessonLearned"],"CeramicFish":0,"Yang":[95],"PreservedInsect":126,"obtain_stats":[{"Pear":9,"NeowsBlessing":0,"Singing Bowl":25,"Nilry\u0027s Codex":22,"Astrolabe":17,"CeramicFish":28,"Yang":10,"PreservedInsect":23,"Old Coin":8,"Mummified Hand":29,"Ornamental Fan":30,"Bronze Scales":6,"Toolbox":12,"PureWater":0,"Toy Ornithopter":13},{"Pear":5,"NeowsBlessing":0,"Singing Bowl":12,"Nilry\u0027s Codex":10,"Astrolabe":7,"CeramicFish":13,"Yang":6,"PreservedInsect":11,"Old Coin":5,"Mummified Hand":13,"Ornamental Fan":14,"Bronze Scales":4,"Toolbox":6,"PureWater":0,"Toy Ornithopter":6},{"Pear":11,"NeowsBlessing":0,"Singing Bowl":38,"Nilry\u0027s Codex":32,"Astrolabe":23,"CeramicFish":42,"Yang":15,"PreservedInsect":36,"Old Coin":11,"Mummified Hand":42,"Ornamental Fan":44,"Bronze Scales":9,"Toolbox":15,"PureWater":0,"Toy Ornithopter":15}],"Toy Ornithopter":25},"card_choices":[{"not_picked":["Evaluate","Prostrate","EmptyBody"],"picked":"SKIP","floor":1.0},{"not_picked":["JustLucky","PathToVictory"],"picked":"FlyingSleeves","floor":3.0},{"not_picked":["Meditate","Evaluate"],"picked":"FollowUp","floor":5.0},{"not_picked":["Halt","SashWhip"],"picked":"DeusExMachina","floor":6.0},{"not_picked":["Perseverance","WheelKick"],"picked":"FearNoEvil","floor":8.0},{"not_picked":["Pray","FlyingSleeves"],"picked":"ThirdEye","floor":10.0},{"not_picked":["Brilliance","Ragnarok"],"picked":"Wish","floor":16.0},{"not_picked":["BattleHymn","CrushJoints"],"picked":"DeceiveReality","floor":18.0},{"not_picked":["BattleHymn","Evaluate+1"],"picked":"FlurryOfBlows+1","floor":20.0},{"not_picked":["FlurryOfBlows","CrushJoints"],"picked":"EmptyFist","floor":21.0},{"not_picked":["SashWhip","CrushJoints"],"picked":"Weave+1","floor":23.0},{"not_picked":["CrushJoints","Wireheading","ClearTheMind+1"],"picked":"Singing Bowl","floor":25},{"not_picked":["SignatureMove","BattleHymn","Sanctity"],"picked":"Singing Bowl","floor":28},{"not_picked":["Protect","Pray","WheelKick"],"picked":"Singing Bowl","floor":30}],"player_experience":1328981,"relics_obtained":[{"floor":6.0,"key":"Bronze Scales"},{"floor":8.0,"key":"Old Coin"},{"floor":9.0,"key":"Pear"},{"floor":10.0,"key":"Yang"},{"floor":13.0,"key":"Toy Ornithopter"},{"floor":22.0,"key":"Nilry\u0027s Codex"},{"floor":23.0,"key":"PreservedInsect"},{"floor":25,"key":"Singing Bowl"},{"floor":28,"key":"CeramicFish"},{"floor":30,"key":"Ornamental Fan"}],"event_choices":[{"cards_removed":["Defend_P"],"damage_healed":0.0,"max_hp_gain":0.0,"max_hp_loss":0.0,"gold_gain":0.0,"event_name":"Bonfire Elementals","player_choice":"Offered Basic","floor":2.0,"gold_loss":0.0,"damage_taken":0.0},{"damage_healed":0.0,"max_hp_gain":0.0,"max_hp_loss":0.0,"gold_gain":0.0,"event_name":"The Woman in Blue","player_choice":"Bought 2 Potions","floor":4.0,"gold_loss":0.0,"damage_taken":0.0},{"damage_healed":0.0,"max_hp_gain":0.0,"max_hp_loss":0.0,"gold_gain":0.0,"cards_transformed":["Alpha","Strike_P"],"event_name":"Drug Dealer","player_choice":"Became Test Subject","floor":19.0,"gold_loss":0.0,"damage_taken":0.0,"cards_obtained":["FlyingSleeves","Wireheading"]},{"damage_healed":0.0,"max_hp_gain":0.0,"max_hp_loss":0.0,"gold_gain":0.0,"event_name":"Cursed Tome","player_choice":"Obtained Book","floor":22.0,"gold_loss":0.0,"damage_taken":21.0}],"is_beta":true,"boss_relics":[{"not_picked":["Empty Cage","Busted Crown"],"picked":"Astrolabe"}],"items_purged_floors":[12],"is_endless":false,"potions_floor_spawned":[6,8,10,18,21,23,28],"killed_by":"Snake Plant","ascension_level":20}}