{"host":"usru02jcpe2a942d","time":1613208715,"event":{"mods":["Act Like it!","BaseMod","Colored Powertips","Downfall","GifTheSpireLib","Highlight Path","Hubris","Infinite Spire","Minty Spire (QoL Compilation)","MostiFishMod","Quick Restart","Relic Stats","RumiaBox-露米娅的神秘盒子","StSLib","Waifu the Spire","[IsaacMod]以撒尖塔","noobMod","【遗物卡牌】REMEMod","篝火指南"],"gold_per_floor":[99,112,129,404,419,16,42,42,58,58,80,112,12,23,47,173,173,73,92,112,119,130,147,147,47,60,76,76,96,96,116,133,235,235,9,16,16,16],"floor_reached":36,"language":"ZHS","playtime":1239,"items_purged":["Regret","Guardian:Strike_Guardian"],"score":418,"play_id":"f1d6f530-70f9-4281-83d6-d031b3b087aa","local_time":"20210213173155","is_ascension_mode":false,"campfire_choices":[{"floor":1.0,"key":"RECALL"},{"floor":8.0,"key":"REST"},{"floor":13.0,"key":"REST"},{"floor":18,"key":"REST"}],"circlet_count":0,"master_deck":["Guardian:Strike_Guardian","Guardian:Strike_Guardian","Guardian:Strike_Guardian","Guardian:Defend_Guardian","Guardian:Defend_Guardian","Guardian:Defend_Guardian","Guardian:Defend_Guardian","Guardian:CurlUp","Guardian:TwinSlam","Guardian:PrimingBeam","Guardian:VentSteam","Guardian:VentSteam","Guardian:Repulse","Guardian:SentryBeam","Guardian:RefractedBeam","Guardian:ConstructionForm","Guardian:BronzeArmor","Guardian:RefractedBeam+1","Guardian:ChargeUp","Guardian:Suspension+1","Guardian:TemporalStrike","Guardian:FloatingOrbs","Guardian:ChargeCore","Guardian:TimeSifter","Guardian:Clone"],"relics":["REME_ComplimentaryCards","DaveBox","ice","HushsDoor","xbg","D6","Fusion Hammer","TheBean","MostiFishMod:AdaptiveDefenses","Odd Mushroom","SalivaCoin","downfall:HeartBlessingRed","TimeKeys","downfall:HeartBlessingGreen","hubris:BottledHeart","Nunchaku","downfall:HeartBlessingBlue","Toolbox","EasyGame_NEW","ChiXiaoBlade","Strange Spoon"],"acts_visited":["Exordium","TheCity","TheBeyond"],"potions_floor_usage":[],"damage_taken":[{"damage":2.0,"enemies":"Small Slimes","floor":2.0,"turns":3.0},{"damage":0.0,"enemies":"Cultist","floor":3.0,"turns":4.0},{"damage":2.0,"enemies":"Jaw Worm","floor":5.0,"turns":3.0},{"damage":7.0,"enemies":"downfall:FleeingMerchant","floor":6.0,"turns":4.0},{"damage":9.0,"enemies":"Exordium Wildlife","floor":9.0,"turns":4.0},{"damage":13.0,"enemies":"The Mushroom Lair","floor":11.0,"turns":3.0},{"damage":34.0,"enemies":"Gremlin Nob","floor":12.0,"turns":6.0},{"damage":0.0,"enemies":"Lots of Slimes","floor":14.0,"turns":2.0},{"damage":7,"enemies":"3 Louse","floor":15,"turns":2},{"damage":10,"enemies":"SI_SHIV_ARCHETYPE","floor":16,"turns":6},{"damage":0,"enemies":"3 Byrds","floor":19,"turns":2},{"damage":15,"enemies":"downfall:FleeingMerchant","floor":20,"turns":5},{"damage":0,"enemies":"3 Cultists","floor":22,"turns":2},{"damage":0,"enemies":"Snecko","floor":23,"turns":3},{"damage":0,"enemies":"Snake Plant","floor":26,"turns":3},{"damage":0,"enemies":"Shelled Parasite and Fungi","floor":27,"turns":4},{"damage":0,"enemies":"Snecko","floor":29,"turns":3},{"damage":0,"enemies":"Centurion and Healer","floor":31,"turns":4},{"damage":0,"enemies":"Cultist and Chosen","floor":32,"turns":2},{"damage":0,"enemies":"IC_MUSHROOM_ARCHETYPE","floor":33,"turns":5}],"seed_played":"1013402460831706151","potions_obtained":[{"floor":3.0,"key":"FearPotion"},{"floor":11.0,"key":"Fire Potion"},{"floor":14.0,"key":"AttackPotion"}],"is_trial":false,"path_per_floor":["R","M","M","?","M","$","T","R","M","?","?","E","R","M","M","B",null,"R","M","$","?","M","M","T","R","M","M","AVR","M","R","M","M","B",null,"R","?"],"character_chosen":"GUARDIAN","items_purchased":["TheBean","MostiFishMod:AdaptiveDefenses","Strange Spoon","Guardian:Clone"],"campfire_rested":3,"item_purchase_floors":[6,6,35,35],"current_hp_per_floor":[80,78,78,78,76,69,69,80,71,71,71,46,70,70,73,63,80,80,80,65,1,1,1,1,1,1,1,1,1,1,1,1,1,1,1,0,0,0],"gold":16,"neow_bonus":"BOSS_RELIC","is_daily":false,"chose_seed":false,"campfire_upgraded":0,"win_rate":0.0,"timestamp":1613208715,"path_taken":["R","M","M","?","M","$","T","R","M","?","?","E","R","M","M","BOSS","R","M","$","?","M","?","T","R","M","M","AVR","M","R","M","M","BOSS","R","?"],"items_purchased_type":["Relic","Relic","Relic","Card"],"build_version":"2020-12-22","purchased_purges":2,"victory":false,"max_hp_per_floor":[80,80,80,80,80,80,80,80,80,80,80,80,80,80,80,80,80,80,80,80,1,1,1,1,1,1,1,1,1,1,1,1,1,1,1,1,1,1],"relic_stats":{"Strange Spoon":[0],"Nunchaku":[4],"counters":[20,70],"obtain_stats":[{"KeepersGift":0,"DaveBox":0,"downfall:HeartBlessingRed":13,"TimeKeys":17,"Guardian:ModeShifter":0,"MostiFishMod:AdaptiveDefenses":6,"downfall:HeartBlessingGreen":18,"ice":0,"Odd Mushroom":11,"Strange Spoon":35,"D6":0,"Nunchaku":24,"TheBean":6,"hubris:BottledHeart":21,"downfall:HeartBlessingBlue":25,"Toolbox":28,"ChiXiaoBlade":34,"Fusion Hammer":0,"SalivaCoin":12,"xbg":0,"HushsDoor":0,"EasyGame_NEW":28,"REME_ComplimentaryCards":0},{"KeepersGift":0,"DaveBox":0,"downfall:HeartBlessingRed":7,"TimeKeys":10,"Guardian:ModeShifter":0,"MostiFishMod:AdaptiveDefenses":4,"downfall:HeartBlessingGreen":10,"ice":0,"Odd Mushroom":6,"Strange Spoon":20,"D6":0,"Nunchaku":14,"TheBean":4,"hubris:BottledHeart":12,"downfall:HeartBlessingBlue":14,"Toolbox":16,"ChiXiaoBlade":20,"Fusion Hammer":0,"SalivaCoin":7,"xbg":0,"HushsDoor":0,"EasyGame_NEW":16,"REME_ComplimentaryCards":0},{"KeepersGift":0,"DaveBox":0,"downfall:HeartBlessingRed":27,"TimeKeys":37,"Guardian:ModeShifter":0,"MostiFishMod:AdaptiveDefenses":14,"downfall:HeartBlessingGreen":37,"ice":0,"Odd Mushroom":21,"Strange Spoon":70,"D6":0,"Nunchaku":49,"TheBean":14,"hubris:BottledHeart":44,"downfall:HeartBlessingBlue":49,"Toolbox":56,"ChiXiaoBlade":70,"Fusion Hammer":0,"SalivaCoin":27,"xbg":0,"HushsDoor":0,"EasyGame_NEW":56,"REME_ComplimentaryCards":0}]},"card_choices":[{"not_picked":["Guardian:FierceBash","Guardian:PolyBeam"],"picked":"Guardian:PrimingBeam","floor":2.0},{"not_picked":["Guardian:PiercingHide","Guardian:RollAttack"],"picked":"Guardian:VentSteam","floor":3.0},{"not_picked":["Guardian:SpikerProtocol","Guardian:Suspension"],"picked":"Guardian:Gem_Red","floor":5.0},{"not_picked":["Guardian:VentSteam","Guardian:Gem_Synthetic"],"picked":"Bomb","floor":6.0},{"not_picked":["Guardian:Harden","Guardian:TemporalStrike"],"picked":"Guardian:Gem_Lightblue","floor":9.0},{"not_picked":["Guardian:TemporalShield","Guardian:Harden"],"picked":"Guardian:Repulse","floor":11.0},{"not_picked":["Guardian:PiercingHide","Guardian:Gem_Red"],"picked":"Guardian:Gem_Crimson","floor":12.0},{"not_picked":["Guardian:RollAttack","Guardian:Orbwalk"],"picked":"Guardian:SentryBeam","floor":14.0},{"not_picked":["Guardian:Gem_Cyan","Guardian:Gem_Fragmented"],"picked":"Guardian:RefractedBeam","floor":15},{"not_picked":["Guardian:ExploitGems","Guardian:GatlingBeam"],"picked":"Guardian:ConstructionForm","floor":16},{"not_picked":["Guardian:Incinerate","Guardian:RollAttack","Guardian:VentSteam"],"picked":"SKIP","floor":19},{"not_picked":["Guardian:CrystalBeam","Guardian:TemporalShield"],"picked":"Guardian:BronzeArmor","floor":20},{"not_picked":["Guardian:Planning","Guardian:Gem_Cyan"],"picked":"Guardian:RefractedBeam+1","floor":22},{"not_picked":["Guardian:Gem_Fragmented","Guardian:Orbwalk"],"picked":"Guardian:Gem_Green","floor":23},{"not_picked":["Guardian:PrimingBeam","Guardian:MultiBeam"],"picked":"Guardian:ChargeUp","floor":26},{"not_picked":["Guardian:VentSteam","Guardian:Gem_Red"],"picked":"Guardian:Suspension+1","floor":27},{"not_picked":["Guardian:TemporalShield","Guardian:ChargeCore"],"picked":"Guardian:TemporalStrike","floor":29},{"not_picked":["Guardian:PolyBeam+1","Guardian:Suspension"],"picked":"Guardian:FloatingOrbs","floor":31},{"not_picked":["Guardian:TimeBomb","Guardian:TemporalShield"],"picked":"Guardian:ChargeCore","floor":32},{"not_picked":["Guardian:AncientConstruct","Guardian:StasisStrike"],"picked":"Guardian:TimeSifter","floor":33}],"player_experience":347879,"relics_obtained":[{"floor":11.0,"key":"Odd Mushroom"},{"floor":12.0,"key":"SalivaCoin"},{"floor":24,"key":"Nunchaku"}],"event_choices":[{"damage_healed":0.0,"max_hp_gain":0.0,"max_hp_loss":0.0,"gold_gain":0.0,"event_name":"Mushrooms","player_choice":"Fought Mushrooms","floor":11.0,"gold_loss":0.0,"damage_taken":0.0}],"is_beta":false,"boss_relics":[{"not_picked":["Cursed Key","Black Star"],"picked":"TimeKeys"},{"not_picked":[]},{"not_picked":["ExusiaiGun","hubris:RunicObelisk"],"picked":"ChiXiaoBlade"},{"not_picked":[]}],"items_purged_floors":[6,28],"is_endless":false,"potions_floor_spawned":[3,11,14,26,27,29,31,33],"ascension_level":0}}