{"host":"8u1cu4kisw6g21am","time":1613227741,"event":{"mods":["AchievementEnabler","BaseMod","Bestiary","BetterRewards","Minty Spire (QoL Compilation)","Quick Restart","Shop Mod","StSLib"],"gold_per_floor":[114,114,289,289,239,280,305,305,305,330,330,4,19,43,43,166,166,182,206,305,318,331,331,331,331],"floor_reached":24,"language":"ENG","playtime":1356,"items_purged":["Defend_B"],"score":223,"play_id":"c5d94e73-188e-4ceb-9ad4-3863b087648a","local_time":"20210213094901","is_ascension_mode":false,"campfire_choices":[{"data":"Zap","floor":8.0,"key":"SMITH"},{"floor":15.0,"key":"RECALL"},{"floor":23.0,"key":"REST"}],"circlet_count":0,"master_deck":["Strike_B","Strike_B","Defend_B","Defend_B","Defend_B","Zap+1","Dualcast+1","Gash","Redo","Ball Lightning","Dark Shackles","Conserve Battery","Gash","Redo","Fission","Redo","Go for the Eyes+1","Go for the Eyes"],"relics":["Cracked Core","NeowsBlessing","Golden Idol","Boot","Pocketwatch","Strange Spoon","Empty Cage"],"acts_visited":["Exordium","TheCity"],"potions_floor_usage":[],"damage_taken":[{"damage":0.0,"enemies":"2 Louse","floor":1.0,"turns":1.0},{"damage":0.0,"enemies":"Lagavulin","floor":6.0,"turns":1.0},{"damage":0.0,"enemies":"Jaw Worm","floor":7.0,"turns":1.0},{"damage":0.0,"enemies":"Small Slimes","floor":10.0,"turns":2.0},{"damage":5.0,"enemies":"3 Louse","floor":13.0,"turns":2.0},{"damage":8.0,"enemies":"Gremlin Gang","floor":14.0,"turns":3.0},{"damage":28.0,"enemies":"Hexaghost","floor":16.0,"turns":8.0},{"damage":14.0,"enemies":"Chosen","floor":18.0,"turns":6.0},{"damage":16.0,"enemies":"3 Byrds","floor":19.0,"turns":5.0},{"damage":19.0,"enemies":"Snecko","floor":21.0,"turns":5.0},{"damage":11.0,"enemies":"Cultist and Chosen","floor":22.0,"turns":6.0},{"damage":62,"enemies":"Gremlin Leader","floor":24,"turns":8}],"seed_played":"7354252896383591289","potions_obtained":[{"floor":6.0,"key":"BlessingOfTheForge"},{"floor":10.0,"key":"DuplicationPotion"},{"floor":13.0,"key":"Block Potion"},{"floor":19.0,"key":"GamblersBrew"}],"is_trial":false,"path_per_floor":["M","?","?","T","?","E","M","R","T","M","?","$","M","M","R","B",null,"M","M","?","M","M","R","E"],"character_chosen":"DEFECT","items_purchased":["Strange Spoon","Dark Shackles","Conserve Battery"],"campfire_rested":1,"item_purchase_floors":[12,12,12],"current_hp_per_floor":[75,57,57,57,57,57,57,57,57,57,57,57,52,44,44,16,75,61,45,45,26,15,37,0,0],"gold":331,"neow_bonus":"THREE_ENEMY_KILL","is_daily":false,"chose_seed":false,"campfire_upgraded":1,"win_rate":0.0,"timestamp":1613227741,"path_taken":["M","?","?","?","?","E","M","R","T","M","?","$","M","M","R","BOSS","M","?","?","M","M","R","E"],"items_purchased_type":["Relic","Card","Card"],"build_version":"2020-12-22","purchased_purges":1,"victory":false,"max_hp_per_floor":[75,75,75,75,75,75,75,75,75,75,75,75,75,75,75,75,75,75,75,75,75,75,75,75,75],"card_choices":[{"not_picked":["Compile Driver","Turbo"],"picked":"Gash","floor":1.0},{"not_picked":["Reprogram","Hyperbeam"],"picked":"Redo","floor":6.0},{"not_picked":["Double Energy","Rebound"],"picked":"Ball Lightning","floor":7.0},{"not_picked":["Coolheaded","Conserve Battery","Hologram"],"picked":"SKIP","floor":10.0},{"not_picked":["Heatsinks","Reboot"],"picked":"Gash","floor":13.0},{"not_picked":["Cold Snap","Chill"],"picked":"Redo","floor":14.0},{"not_picked":["Seek","Hyperbeam"],"picked":"Fission","floor":16.0},{"not_picked":["Conserve Battery+1","Compile Driver"],"picked":"Redo","floor":18.0},{"not_picked":["Rebound","Reinforced Body"],"picked":"Go for the Eyes+1","floor":19.0},{"not_picked":["Cold Snap","Reprogram","Glacier"],"picked":"SKIP","floor":21.0},{"not_picked":["Tempest","Double Energy"],"picked":"Go for the Eyes","floor":22.0}],"player_experience":212791,"relics_obtained":[{"floor":4.0,"key":"Boot"},{"floor":6.0,"key":"Pocketwatch"}],"event_choices":[{"damage_healed":0.0,"max_hp_gain":0.0,"max_hp_loss":0.0,"gold_gain":0.0,"event_name":"Golden Idol","player_choice":"Take Damage","floor":2.0,"gold_loss":0.0,"damage_taken":18.0,"relics_obtained":["Golden Idol"]},{"damage_healed":0.0,"max_hp_gain":0.0,"max_hp_loss":0.0,"gold_gain":175.0,"event_name":"Liars Game","player_choice":"AGREE","floor":3.0,"gold_loss":0.0,"damage_taken":0.0,"cards_obtained":["Doubt"]},{"cards_removed":["Doubt"],"damage_healed":0.0,"max_hp_gain":0.0,"max_hp_loss":0.0,"gold_gain":0.0,"event_name":"The Cleric","player_choice":"Card Removal","floor":5.0,"gold_loss":50.0,"damage_taken":0.0},{"damage_healed":0.0,"max_hp_gain":0.0,"max_hp_loss":0.0,"gold_gain":0.0,"event_name":"Upgrade Shrine","player_choice":"Upgraded","floor":11.0,"gold_loss":0.0,"damage_taken":0.0,"cards_upgraded":["Dualcast"]},{"damage_healed":0.0,"max_hp_gain":0.0,"max_hp_loss":0.0,"gold_gain":99.0,"event_name":"Nest","player_choice":"Stole From Cult","floor":20.0,"gold_loss":0.0,"damage_taken":0.0}],"is_beta":false,"boss_relics":[{"not_picked":["Cursed Key","Tiny House"],"picked":"Empty Cage"}],"items_purged_floors":[12],"is_endless":false,"potions_floor_spawned":[6,10,13,19],"killed_by":"Gremlin Leader","ascension_level":0}}