{"host":"nsc6ozq3atyrdr3m","time":1613241980,"event":{"mods":["BaseMod","Colored Map","Minty Spire (QoL Compilation)"],"gold_per_floor":[117,192,2,2,2,31,43,43,98,141,153,191,233,257,269,385,397,423,450,264,276,276,276,276],"floor_reached":23,"language":"FRA","playtime":453,"items_purged":["Strike_B"],"score":267,"play_id":"45cefdc9-028c-4ca4-a511-0aed1719a51c","local_time":"20210213194620","is_ascension_mode":true,"campfire_choices":[{"data":"Static Discharge","floor":8,"key":"SMITH"},{"floor":11,"key":"REST"},{"floor":15,"key":"REST"}],"circlet_count":0,"master_deck":["Strike_B","Strike_B","Strike_B","Defend_B","Defend_B","Defend_B","Defend_B","Zap","Dualcast","Chaos","Storm+1","Static Discharge+1","Redo","Leap","Barrage","Skim","Thunder Strike","Undo","Steam+1","Auto Shields","Genetic Algorithm+1"],"relics":["Cracked Core","NeowsBlessing","DataDisk","Bag of Marbles","MawBank","White Beast Statue","Potion Belt","Mercury Hourglass","Inserter","Pocketwatch"],"acts_visited":["Exordium","TheCity"],"potions_floor_usage":[12,16,16,21],"damage_taken":[{"damage":0,"enemies":"Small Slimes","floor":1,"turns":1},{"damage":0,"enemies":"Gremlin Nob","floor":6,"turns":1},{"damage":0,"enemies":"2 Louse","floor":7,"turns":1},{"damage":35,"enemies":"Lagavulin","floor":10,"turns":4},{"damage":22,"enemies":"3 Sentries","floor":12,"turns":4},{"damage":12,"enemies":"Jaw Worm","floor":14,"turns":3},{"damage":25,"enemies":"Hexaghost","floor":16,"turns":4},{"damage":35,"enemies":"3 Byrds","floor":18,"turns":4},{"damage":29,"enemies":"Shell Parasite","floor":19,"turns":5},{"damage":13,"enemies":"3 Cultists","floor":21,"turns":4},{"damage":29,"enemies":"Book of Stabbing","floor":23,"turns":3}],"seed_played":"5463355373395837513","potions_obtained":[{"floor":1,"key":"SkillPotion"},{"floor":7,"key":"Ancient Potion"},{"floor":12,"key":"AttackPotion"},{"floor":14,"key":"PowerPotion"},{"floor":16,"key":"FairyPotion"},{"floor":18,"key":"Strength Potion"},{"floor":19,"key":"DistilledChaos"},{"floor":21,"key":"Weak Potion"}],"is_trial":false,"path_per_floor":["M","?","$","?","$","E","M","R","T","E","R","E","?","M","R","B",null,"M","M","$","M","?","E"],"character_chosen":"DEFECT","items_purchased":["Storm","DataDisk","Auto Shields","SpeedPotion"],"campfire_rested":2,"item_purchase_floors":[3,3,20,20],"current_hp_per_floor":[75,64,64,64,64,64,64,64,64,29,51,29,29,17,39,14,75,40,11,11,22,22,0,0],"gold":276,"neow_bonus":"THREE_ENEMY_KILL","is_daily":false,"chose_seed":false,"campfire_upgraded":1,"win_rate":0.0,"timestamp":1613241980,"path_taken":["M","?","$","?","$","E","?","R","T","E","R","E","?","M","R","BOSS","M","M","$","M","?","E"],"items_purchased_type":["Card","Relic","Card","Potion"],"build_version":"2020-12-22","purchased_purges":1,"victory":false,"max_hp_per_floor":[75,75,75,75,75,75,75,75,75,75,75,75,75,75,75,75,75,75,75,75,75,75,75,75],"card_choices":[{"not_picked":["Beam Cell","Steam Power"],"picked":"Chaos","floor":1},{"not_picked":["Storm","Sweeping Beam"],"picked":"Static Discharge","floor":6},{"not_picked":["Turbo","Coolheaded"],"picked":"Redo","floor":7},{"not_picked":["Double Energy","Stack"],"picked":"Leap","floor":10},{"not_picked":["Steam","Darkness"],"picked":"Barrage","floor":12},{"not_picked":["Sweeping Beam","Stack"],"picked":"Skim","floor":14},{"not_picked":["Reboot","Machine Learning"],"picked":"Thunder Strike","floor":16},{"not_picked":["Gash","Beam Cell"],"picked":"Undo","floor":18},{"not_picked":["Coolheaded+1","Leap"],"picked":"Steam+1","floor":19},{"not_picked":["Cold Snap","Stack"],"picked":"Genetic Algorithm+1","floor":21}],"player_experience":410253,"relics_obtained":[{"floor":6,"key":"Bag of Marbles"},{"floor":9,"key":"MawBank"},{"floor":10,"key":"White Beast Statue"},{"floor":12,"key":"Potion Belt"}],"event_choices":[{"damage_healed":0,"gold_gain":75,"player_choice":"Gather Gold","damage_taken":11,"max_hp_gain":0,"max_hp_loss":0,"event_name":"World of Goop","floor":2,"gold_loss":0},{"damage_healed":0,"gold_gain":0,"player_choice":"Grow","damage_taken":0,"max_hp_gain":0,"max_hp_loss":0,"event_name":"Living Wall","floor":4,"gold_loss":0,"cards_upgraded":["Storm"]},{"damage_healed":0,"gold_gain":30,"player_choice":"Searched \u00272\u0027 times","damage_taken":0,"relics_obtained":["Mercury Hourglass"],"max_hp_gain":0,"max_hp_loss":0,"event_name":"Dead Adventurer","floor":13,"gold_loss":0},{"damage_healed":0,"gold_gain":0,"player_choice":"Opened","damage_taken":0,"relics_obtained":["Pocketwatch"],"max_hp_gain":0,"max_hp_loss":0,"event_name":"The Mausoleum","floor":22,"gold_loss":0}],"is_beta":false,"boss_relics":[{"not_picked":["Snecko Eye","Runic Pyramid"],"picked":"Inserter"}],"items_purged_floors":[20],"is_endless":false,"potions_floor_spawned":[1,7,12,14,16,18,19,21],"killed_by":"Book of Stabbing","ascension_level":3}}