{"host":"h2hvhmnr6sxj7mkx","time":1613232642,"event":{"mods":["BaseMod","Marisa????????","Minty Spire (QoL Compilation)","Replay The Spire","StSLib"],"gold_per_floor":[110,124,124,124,151,185,185,185,185,185,185,185],"floor_reached":11,"language":"ENG","playtime":431,"items_purged":[],"score":119,"play_id":"3c726764-0a02-49d3-adf1-701e1d15e3eb","local_time":"20210213101042","daily_mods":["Hoarder","DeadlyEvents","Elite Swarm"],"is_ascension_mode":false,"campfire_choices":[{"data":"Injury","floor":10,"key":"PURGE"}],"circlet_count":0,"master_deck":["Strike_R","Strike_R","Strike_R","Strike_R","Strike_R","Defend_R+1","Defend_R","Defend_R","Defend_R","Bash","Injury","Injury"],"relics":["Burning Blood","Golden Idol","Replay:Rubber Ducky","Replay:Multitool","White Beast Statue","Mummified Hand"],"acts_visited":["Exordium"],"potions_floor_usage":[6,7,11],"damage_taken":[{"damage":7,"enemies":"Small Slimes","floor":1,"turns":5},{"damage":6,"enemies":"Jaw Worm","floor":2,"turns":3},{"damage":28,"enemies":"Gremlin Nob","floor":6,"turns":5},{"damage":62,"enemies":"3 Sentries","floor":11,"turns":8}],"seed_played":"-2711879321973343033","potions_obtained":[{"floor":1,"key":"AttackPotion"},{"floor":7,"key":"Fruit Juice"},{"floor":7,"key":"BlessingOfTheForge"}],"is_trial":true,"path_per_floor":["M","M","?","?","T","E","R","T","T","R","E"],"character_chosen":"IRONCLAD","items_purchased":[],"campfire_rested":0,"item_purchase_floors":[],"current_hp_per_floor":[79,79,79,79,79,57,62,62,62,62,0,0],"gold":185,"neow_bonus":"","is_daily":false,"chose_seed":false,"campfire_upgraded":0,"win_rate":0.0,"timestamp":1613232642,"path_taken":["M","M","?","?","?","?","R","?","T","R","E"],"items_purchased_type":[],"build_version":"2020-12-22","purchased_purges":0,"victory":false,"max_hp_per_floor":[80,80,80,80,80,80,85,85,85,85,85,85],"card_choices":[{"not_picked":["Battle Trance","Rampage","Cleave"],"picked":"SKIP","floor":1},{"not_picked":["Sword Boomerang","Havoc","Warcry"],"picked":"SKIP","floor":2},{"not_picked":["Bludgeon","Double Tap","Reaper"],"picked":"SKIP","floor":6}],"player_experience":63889,"relics_obtained":[{"floor":5,"key":"Replay:Rubber Ducky"},{"floor":6,"key":"Replay:Multitool"},{"floor":8,"key":"White Beast Statue"},{"floor":9,"key":"Mummified Hand"}],"event_choices":[{"damage_healed":0,"gold_gain":0,"player_choice":"Take Wound","damage_taken":0,"relics_obtained":["Golden Idol"],"max_hp_gain":0,"max_hp_loss":0,"event_name":"Golden Idol","floor":3,"gold_loss":0,"cards_obtained":["Injury"]}],"is_beta":false,"boss_relics":[],"items_purged_floors":[],"is_endless":true,"potions_floor_spawned":[1],"killed_by":"3 Sentries","ascension_level":0}}