{"host":"faxec7zdkweurczj","time":1613215492,"event":{"mods":["Ascension Reborn","BaseMod","Colored Powertips","Conspire","Highlight Path","Minty Spire (QoL Compilation)","Replay The Spire","Shop Mod","StSLib","TestMod","[IsaacMod]ÒÔÈö¼âËþ","óô»ðÖ¸ÄÏ"],"gold_per_floor":[111,124,142,167,187,223,24,41,41,41,86,106,154,180,180,322,322,368,395,395],"floor_reached":19,"language":"ZHS","playtime":632,"items_purged":["Strike_R+1","Strike_R+1"],"score":25,"play_id":"2810e139-77a8-4886-910e-22d4c9993b2c","local_time":"20210213192452","is_ascension_mode":true,"campfire_choices":[{"data":"Body Slam","floor":15,"key":"SMITH"}],"circlet_count":0,"master_deck":["Strike_R+1","Strike_R+1","Strike_R+1","Defend_R+1","Defend_R+1","Defend_R+1","Defend_R+1","Bash+1","Cleave+1","Body Slam+1","Thunderclap","Feed+1","Inflame","Body Slam+1","Cleave+1","Demon Form"],"relics":["Burning Blood","testmod-TestBox","HushsDoor","testmod-TimeTraveler","AnarchistCookbook","NeowsBlessing","testmod-OneHitWonder","SalivaCoin","Guide Book","testmod-Acrobat","Blue Candle","Tiny Chest","Singing Bowl","BloodDonationMachine","testmod-PortableAltar","Damocles","Bronze Scales"],"acts_visited":["Exordium","TheCity"],"potions_floor_usage":[16,16,18],"damage_taken":[{"damage":0,"enemies":"Cultist","floor":1,"turns":1},{"damage":0,"enemies":"Small Slimes","floor":2,"turns":1},{"damage":0,"enemies":"Jaw Worm","floor":3,"turns":1},{"damage":0,"enemies":"Looter","floor":4,"turns":2},{"damage":0,"enemies":"Exordium Thugs","floor":5,"turns":2},{"damage":0,"enemies":"3 Sentries","floor":6,"turns":3},{"damage":0,"enemies":"2 Fungi Beasts","floor":8,"turns":1},{"damage":0,"enemies":"Lagavulin","floor":11,"turns":3},{"damage":0,"enemies":"Lots of Slimes","floor":12,"turns":1},{"damage":3,"enemies":"Gremlin Nob","floor":13,"turns":4},{"damage":0,"enemies":"Looter","floor":14,"turns":3},{"damage":0,"enemies":"Fading Forest","floor":16,"turns":11},{"damage":3,"enemies":"3 Byrds","floor":18,"turns":3},{"damage":3,"enemies":"Spheric Guardian","floor":19,"turns":3}],"seed_played":"-5936776243484383898","potions_obtained":[{"floor":1,"key":"Block Potion"},{"floor":4,"key":"Adrenaline Potion"},{"floor":5,"key":"LiquidBronze"},{"floor":16,"key":"testmod-SpacePotion"}],"is_trial":false,"path_per_floor":["M","M","M","M","M","E","$","M","T","?","E","M","E","M","R","B",null,"M","M"],"character_chosen":"IRONCLAD","items_purchased":["Guide Book","Inflame","Damocles"],"campfire_rested":0,"item_purchase_floors":[7,7,17],"current_hp_per_floor":[85,85,85,85,85,85,85,89,89,89,93,93,99,105,105,110,95,100,0,0],"gold":395,"neow_bonus":"THREE_ENEMY_KILL","is_daily":false,"chose_seed":false,"campfire_upgraded":1,"win_rate":0.0,"timestamp":1613215492,"path_taken":["M","M","M","M","M","E","$","M","T","?","E","?","E","M","R","BOSS","M","M"],"items_purchased_type":["Relic","Card","Relic"],"build_version":"2020-12-22","purchased_purges":2,"victory":false,"max_hp_per_floor":[85,85,85,85,85,85,85,89,89,89,93,93,99,105,105,110,95,100,99,99],"card_choices":[{"not_picked":["Spot Weakness","Clothesline"],"picked":"Cleave","floor":1},{"not_picked":["ReplayTheSpireMod:Strike From Hell","True Grit"],"picked":"Body Slam","floor":2},{"not_picked":["Defy Death","Barricade","Massacre+1"],"picked":"SKIP","floor":3},{"not_picked":["Second Wind","Iron Wave","Massacre"],"picked":"SKIP","floor":4},{"not_picked":["Rage+1","Flex"],"picked":"Thunderclap","floor":5},{"not_picked":["Metallicize","Anger"],"picked":"Feed","floor":6},{"not_picked":["Warcry+1","Shrug It Off","Shockwave+1"],"picked":"SKIP","floor":6},{"not_picked":["Hemokinesis","Perfected Strike","Shrug It Off"],"picked":"SKIP","floor":8},{"not_picked":["Run Through","Shrug It Off","Sword Boomerang"],"picked":"SKIP","floor":11},{"not_picked":["Shrug It Off","Havoc+1","Headbutt"],"picked":"SKIP","floor":11},{"not_picked":["Fiend Fire","Thunderclap"],"picked":"Body Slam+1","floor":12},{"not_picked":["Shrug It Off","Shockwave"],"picked":"Cleave+1","floor":13},{"not_picked":["Rampage+1","Intimidate","True Grit"],"picked":"Singing Bowl","floor":13},{"not_picked":["Replay:Undeath\u0027s Touch","Clothesline","Dual Wield"],"picked":"Singing Bowl","floor":14},{"not_picked":["Reaper","Impervious"],"picked":"Demon Form","floor":16},{"not_picked":["Perfected Strike+1","Bloodletting","Combust"],"picked":"Singing Bowl","floor":18}],"player_experience":1244736,"relics_obtained":[{"floor":4,"key":"testmod-OneHitWonder"},{"floor":5,"key":"SalivaCoin"},{"floor":8,"key":"testmod-Acrobat"},{"floor":9,"key":"Blue Candle"},{"floor":11,"key":"Tiny Chest"},{"floor":13,"key":"Singing Bowl"},{"floor":16,"key":"BloodDonationMachine"},{"floor":18,"key":"Bronze Scales"}],"event_choices":[{"damage_healed":0,"gold_gain":0,"player_choice":"Leave","damage_taken":0,"max_hp_gain":0,"max_hp_loss":0,"event_name":"The Cleric","floor":10,"gold_loss":0}],"is_beta":false,"boss_relics":[{"not_picked":["Replay:Wanted Poster","testmod-SaigiyounoYou"],"picked":"testmod-PortableAltar"},{"not_picked":[]}],"items_purged_floors":[7,17],"is_endless":false,"potions_floor_spawned":[1,5,6,8,12,13,14,18],"killed_by":"Spheric Guardian","ascension_level":-20}}