{"host":"n605f8gctjc87d7h","time":1613237239,"event":{"mods":["Aspiration","Bard","BaseMod","Better Match","Better Note","Better Skull","Better Third Choice","Conspire","Downfall","Halation","Hermit","Infinite Spire","Minty Spire (QoL Compilation)","Reliquary","Replay The Spire","Retaliation","Shade Mod","Spicy Shops","StSLib","The IronCluck","The Jungle","The Runesmith"],"gold_per_floor":[16,16,16,40,54,54,154,195,195,218,218,239,239,257,257,355,355,380,365,365,388,538,574,574,574,601,624,624,624],"floor_reached":28,"language":"ENG","playtime":1732,"items_purged":["Writhe"],"score":544,"play_id":"606848ae-e3a1-48e1-bd34-55316aed0128","local_time":"20210213092719","is_ascension_mode":true,"campfire_choices":[{"data":"Injury","floor":6,"key":"PURGE"},{"floor":13,"key":"REST"},{"floor":15,"key":"REST"},{"floor":24,"key":"REST"}],"circlet_count":0,"master_deck":["AscendersBane","Strike_B","Strike_B","Strike_B","Strike_B","Defend_B+1","Defend_B","Defend_B","Defend_B+1","Zap","Dualcast","Leap","BootSequence","Ball Lightning","downfall:Haunted","downfall:Haunted","CommonCold","Mirror Shield+1","Clumsy","Sweeping Beam","Electrodynamics","Compile Driver","Rip and Tear+1","infinitespire:Collect"],"relics":["Cracked Core","Peace Pipe","Golden Idol","Du-Vu Doll","Simple Rune","aspiration:HummingbirdHeart","Black Star","ReplayTheSpireMod:CursedCoin","infinitespire:FocusingShard","halation:SelfBoilingWater","reliquary:QuartzCube","reliquary:Aerogel"],"acts_visited":["Exordium","TheCity"],"potions_floor_usage":[8,8,16,21],"damage_taken":[{"damage":6,"enemies":"2 Louse","floor":1,"turns":2},{"damage":4,"enemies":"Jaw Worm","floor":4,"turns":4},{"damage":1,"enemies":"conspire:RoseBush","floor":5,"turns":3},{"damage":19,"enemies":"Lagavulin","floor":8,"turns":6},{"damage":0,"enemies":"Looter","floor":10,"turns":2},{"damage":0,"enemies":"Red Slaver","floor":12,"turns":3},{"damage":4,"enemies":"Blue Slaver","floor":14,"turns":4},{"damage":50,"enemies":"Fading Forest","floor":16,"turns":11},{"damage":20,"enemies":"conspire:FuzzyDice","floor":18,"turns":5},{"damage":1,"enemies":"2 Thieves","floor":19,"turns":4},{"damage":1,"enemies":"Snecko","floor":21,"turns":4},{"damage":52,"enemies":"conspire:SneckoGhost","floor":23,"turns":8},{"damage":24,"enemies":"conspire:HollyBat","floor":27,"turns":8},{"damage":6,"enemies":"Masked Bandits","floor":28,"turns":3}],"seed_played":"3867702515734691815","potions_obtained":[{"floor":4,"key":"SpeedPotion"},{"floor":5,"key":"Weak Potion"},{"floor":12,"key":"Swift Potion"},{"floor":14,"key":"FairyPotion"},{"floor":16,"key":"Strength Potion"}],"is_trial":false,"path_per_floor":["M","?","$","M","M","R","?","E","T","M","?","M","R","M","R","B",null,"M","M","?","M","$","E","R","AVR","T","M","?"],"character_chosen":"DEFECT","items_purchased":["ReplayTheSpireMod:CursedCoin"],"campfire_rested":3,"item_purchase_floors":[22],"current_hp_per_floor":[58,58,58,54,53,53,53,34,34,34,30,30,51,47,68,18,58,38,37,37,36,36,6,27,27,27,3,0,0],"gold":624,"neow_bonus":"ONE_RARE_RELIC","is_daily":false,"chose_seed":false,"campfire_upgraded":0,"win_rate":0.0,"timestamp":1613237239,"path_taken":["M","?","$","M","M","R","?","E","T","M","?","M","R","M","R","BOSS","M","M","?","M","$","E","R","AVR","T","?","?"],"items_purchased_type":["Relic"],"build_version":"2020-12-22","purchased_purges":1,"victory":false,"max_hp_per_floor":[71,71,71,71,71,71,71,71,71,71,71,71,71,71,71,71,71,71,71,71,71,71,71,71,71,71,71,71,71],"card_choices":[{"not_picked":["Streamline","Beam Cell"],"picked":"Leap","floor":1},{"not_picked":["Barrage","Redo"],"picked":"BootSequence","floor":4},{"not_picked":["Panic Button","Lockon"],"picked":"Ball Lightning","floor":5},{"not_picked":["Chill","Hyperbeam","Defragment"],"picked":"SKIP","floor":8},{"not_picked":["Steam","Leap","Go for the Eyes"],"picked":"SKIP","floor":10},{"not_picked":["Skim","Reprogram"],"picked":"Sweeping Beam","floor":12},{"not_picked":["Sweeping Beam","Chaos","ReplayRNGCard"],"picked":"SKIP","floor":14},{"not_picked":["Seek","Multi-Cast"],"picked":"Electrodynamics","floor":16},{"not_picked":["Hologram","Darkness"],"picked":"Compile Driver","floor":18},{"not_picked":["Panic Button","Reinforced Body","aspiration:Polymerization"],"picked":"SKIP","floor":19},{"not_picked":["Rebound","Sweeping Beam","Barrage"],"picked":"SKIP","floor":21},{"not_picked":["Conserve Battery","Lockon"],"picked":"Rip and Tear+1","floor":23},{"not_picked":["Chaos","Melter","Stack+1"],"picked":"SKIP","floor":27}],"player_experience":862525,"relics_obtained":[{"floor":8,"key":"Simple Rune"},{"floor":9,"key":"aspiration:HummingbirdHeart"},{"floor":23,"key":"infinitespire:FocusingShard"},{"floor":23,"key":"halation:SelfBoilingWater"},{"floor":26,"key":"reliquary:Aerogel"}],"event_choices":[{"damage_healed":0,"gold_gain":0,"player_choice":"Take Wound","damage_taken":0,"relics_obtained":["Golden Idol"],"max_hp_gain":0,"max_hp_loss":0,"event_name":"Golden Idol","floor":2,"gold_loss":0,"cards_obtained":["Injury"]},{"damage_healed":0,"gold_gain":0,"player_choice":"Leave","damage_taken":0,"max_hp_gain":0,"max_hp_loss":0,"event_name":"conspire:Investor","floor":11,"gold_loss":0},{"damage_healed":0,"gold_gain":0,"player_choice":"Upgraded","damage_taken":0,"max_hp_gain":0,"max_hp_loss":0,"event_name":"Upgrade Shrine","floor":20,"gold_loss":0,"cards_upgraded":["Mirror Shield"]},{"damage_healed":0,"gold_gain":0,"player_choice":"Fought Bandits","damage_taken":0,"max_hp_gain":0,"max_hp_loss":0,"event_name":"Masked Bandits","floor":28,"gold_loss":0}],"is_beta":false,"boss_relics":[{"not_picked":["Runic Dome","Cursed Key"],"picked":"Black Star"}],"items_purged_floors":[25],"is_endless":false,"potions_floor_spawned":[4,5,12,14,16,18,19],"killed_by":"Masked Bandits","ascension_level":17}}