{"host":"onfdonezo2qmaex3","time":1613229863,"event":{"mods":["2.2 Compatiblity","AchievementEnabler","Act Like it!","Aspiration","BaseMod","Colored Powertips","Downfall","Friendly Minions","Gensokyo","Hallownest","Hermit","Highlight Path","Jorbs\u0027s Wanderer Trilogy","Marisa????????","Marked Mod","Minty Spire (QoL Compilation)","Quick Restart","Reliquary","Shop Mod","StSLib","The Disciple","The Hayseed","The Marked","The Runesmith"],"gold_per_floor":[116,116,46,46,46,78,78,2,73,73,90,106,106,118,118,522,522,522],"floor_reached":17,"language":"ENG","playtime":357,"items_purged":[],"score":203,"play_id":"44042992-3622-4c07-a28a-d1e07f1f4213","local_time":"20210213162423","is_ascension_mode":true,"campfire_choices":[{"data":"Accuracy","floor":7,"key":"SMITH"},{"data":"Blade Dance","floor":10,"key":"SMITH"},{"data":"Blade Dance","floor":15,"key":"SMITH"}],"circlet_count":0,"master_deck":["Strike_G","Strike_G","Strike_G","Strike_G","Strike_G+1","Defend_G","Defend_G","Defend_G","Defend_G","Defend_G","Survivor","Neutralize+1","Blade Dance+1","Accuracy+1","Infinite Blades","Gensokyo:MysteriousEgg","Blade Dance+1","Venomology","CurseOfTheBell"],"relics":["Ring of the Snake","NeowsBlessing","Mercury Hourglass","Pear","Whetstone","Ninja Scroll","Calling Bell","Lantern","reliquary:Sideboard","Dead Branch"],"acts_visited":["Gensokyo:Gensokyo","TheCity"],"potions_floor_usage":[16,16],"damage_taken":[{"damage":0,"enemies":"Gensokyo:2_Kodama","floor":1,"turns":1},{"damage":0,"enemies":"Gensokyo:Cirno","floor":6,"turns":2},{"damage":0,"enemies":"Gensokyo:Gryphon","floor":11,"turns":1},{"damage":0,"enemies":"Gensokyo:Python","floor":12,"turns":1},{"damage":10,"enemies":"Gensokyo:Gryphon_and_Rabbit","floor":14,"turns":4},{"damage":28,"enemies":"Gensokyo:Kokoro","floor":16,"turns":5}],"seed_played":"2544293440911118174","potions_obtained":[{"floor":1,"key":"hexamod:SoulburnPotion"},{"floor":11,"key":"FairyPotion"},{"floor":12,"key":"Regen Potion"}],"is_trial":false,"path_per_floor":["M","?","$","?","$","E","R","COS","T","R","M","M","T","M","R","B",null],"character_chosen":"THE_SILENT","items_purchased":["Accuracy"],"campfire_rested":0,"item_purchase_floors":[3],"current_hp_per_floor":[70,56,56,51,51,51,51,51,51,51,51,51,51,41,41,27,80,80],"gold":522,"neow_bonus":"THREE_ENEMY_KILL","is_daily":false,"chose_seed":false,"campfire_upgraded":3,"win_rate":0.0,"timestamp":1613229863,"path_taken":["M","?","$","?","?","E","R","COS","T","R","M","?","?","M","R","BOSS"],"items_purchased_type":["Card"],"build_version":"2020-12-22","purchased_purges":0,"victory":false,"max_hp_per_floor":[70,70,70,80,80,80,80,80,80,80,80,80,80,80,80,80,80,80],"card_choices":[{"not_picked":["Slice","Outmaneuver"],"picked":"Blade Dance","floor":1},{"not_picked":["Concentrate","PiercingWail"],"picked":"Infinite Blades","floor":6},{"not_picked":["Deflect","Skewer"],"picked":"Blade Dance","floor":11},{"not_picked":["Riddle With Holes","Poisoned Stab","Calculated Gamble"],"picked":"SKIP","floor":12},{"not_picked":["Deflect","Poisoned Stab","Corpse Explosion"],"picked":"SKIP","floor":14},{"not_picked":["Storm of Steel","Corpse Explosion"],"picked":"Venomology","floor":16}],"player_experience":179567,"relics_obtained":[{"floor":6,"key":"Whetstone"},{"floor":9,"key":"Ninja Scroll"},{"floor":17,"key":"Lantern"},{"floor":17,"key":"reliquary:Sideboard"},{"floor":17,"key":"Dead Branch"}],"event_choices":[],"is_beta":false,"boss_relics":[{"not_picked":["reliquary:WritOfMandamus","reliquary:RedCape"],"picked":"Calling Bell"}],"items_purged_floors":[],"is_endless":false,"potions_floor_spawned":[1,11,12,14],"ascension_level":3}}