{"host":"clf2hd4adhiiw0zf","time":1613197171,"event":{"mods":["AchievementEnabler","BaseMod","Beaked The Cultist","Bestiary","Dark Map","Downfall","Gremlin Mod","Hermit","Jorbs\u0027s Wanderer Trilogy","Marisa????????","Minty Spire (QoL Compilation)","Shop Mod","StSLib","The Cursed","The Servant 0.9.4","Wide Potions"],"gold_per_floor":[99,109,123,138,588,588,588,248,281,300,32,58,58,78,96,96,96,96],"floor_reached":16,"language":"ENG","playtime":743,"items_purged":["downfall:Icky","downfall:Icky"],"score":162,"play_id":"d4e6c8a1-e233-4016-abc2-fd151ad4399d","local_time":"20210212231931","is_ascension_mode":true,"campfire_choices":[{"floor":1,"key":"RECALL"},{"data":"champ:DancingMaster","floor":13,"key":"SMITH"}],"circlet_count":0,"master_deck":["champ:Strike","champ:Strike","champ:Strike","champ:Strike","champ:Defend","champ:Defend","champ:Defend","champ:Defend","champ:Execute+1","champ:Taunt","champ:StanceDance","champ:EndlessRage","champ:TornadoPunch","downfall:Icky","champ:Haymaker","expansioncontent:DashGenerateEvil+1","champ:ShieldWall","champ:MurderStrike","champ:PreciseThrust","champ:DancingMaster+1","champ:RageSigil","champ:ShieldSigil","champ:GladiatorStyle"],"relics":["champ:ChampionCrown","hexamod:CandleOfCauterizing","hexamod:Sixitude","Pen Nib","Bottled Lightning"],"acts_visited":["Exordium"],"potions_floor_usage":[],"damage_taken":[{"damage":20,"enemies":"2 Louse","floor":2,"turns":3},{"damage":17,"enemies":"Jaw Worm","floor":3,"turns":3},{"damage":20,"enemies":"Cultist","floor":4,"turns":5},{"damage":20,"enemies":"downfall:FleeingMerchant","floor":8,"turns":4},{"damage":12,"enemies":"Gremlin Nob","floor":9,"turns":3},{"damage":15,"enemies":"Large Slime","floor":10,"turns":4},{"damage":20,"enemies":"downfall:FleeingMerchant","floor":11,"turns":4},{"damage":31,"enemies":"3 Sentries","floor":12,"turns":8},{"damage":15,"enemies":"Gremlin Gang","floor":14,"turns":4},{"damage":5,"enemies":"3 Louse","floor":15,"turns":2},{"damage":116,"enemies":"WA_ARCHETYPE_RETAIN","floor":16,"turns":12}],"seed_played":"-2178931515093492766","potions_obtained":[{"floor":2,"key":"FairyPotion"}],"is_trial":false,"path_per_floor":["R","M","M","M","?","?","T","$","E","M","$","E","R","M","M","B"],"character_chosen":"THE_CHAMP","items_purchased":["expansioncontent:DashGenerateEvil+1","champ:ShieldWall","Pen Nib"],"campfire_rested":0,"item_purchase_floors":[8,8,11],"current_hp_per_floor":[81,81,74,69,69,69,69,59,47,42,32,19,19,19,19,0,0,0],"gold":96,"neow_bonus":"UPGRADE_CARD","is_daily":false,"chose_seed":false,"campfire_upgraded":1,"win_rate":0.0,"timestamp":1613197171,"path_taken":["R","M","M","M","?","?","T","$","E","M","?","E","R","M","M","BOSS"],"items_purchased_type":["Card","Card","Relic"],"build_version":"2020-12-22","purchased_purges":2,"victory":false,"max_hp_per_floor":[90,90,90,90,90,90,90,90,90,90,90,90,90,90,90,90,90,90],"card_choices":[{"not_picked":["champ:PreciseThrust","champ:DefensiveShout"],"picked":"champ:StanceDance","floor":2},{"not_picked":["champ:FocusedDefense","champ:StanceDance"],"picked":"champ:EndlessRage","floor":3},{"not_picked":["champ:ArenaPreparation","champ:Lariat"],"picked":"champ:TornadoPunch","floor":4},{"not_picked":["champ:Circumvent","champ:BerserkersShout"],"picked":"champ:Haymaker","floor":8},{"not_picked":["champ:Shatter","champ:FocusedDefense"],"picked":"champ:MurderStrike","floor":9},{"not_picked":["champ:Backstep","champ:CrookedStrike"],"picked":"champ:PreciseThrust","floor":10},{"not_picked":["champ:FanOfKnives","champ:GutPunch"],"picked":"champ:DancingMaster","floor":11},{"not_picked":["champ:Lariat","champ:HeartStrike"],"picked":"champ:RageSigil","floor":12},{"not_picked":["champ:BerserkerStyle","champ:BerserkersShout"],"picked":"champ:ShieldSigil","floor":14},{"not_picked":["champ:GutPunch","champ:Endure"],"picked":"champ:GladiatorStyle","floor":15}],"player_experience":268478,"relics_obtained":[{"floor":9,"key":"hexamod:Sixitude"},{"floor":12,"key":"Bottled Lightning"}],"event_choices":[],"is_beta":false,"boss_relics":[],"items_purged_floors":[8,11],"is_endless":false,"potions_floor_spawned":[2,9,12],"killed_by":"WA_ARCHETYPE_RETAIN","ascension_level":9}}