{"host":"ox77rn1xcurm2t5a","time":1613227073,"event":{"mods":["2.2 Compatiblity","AchievementEnabler","Act Like it!","Aspiration","BaseMod","Best Route Mod","Better Match","Better Note","Better Sensory Stone","Block Reminder","Colored Map","Colored Powertips","Conjunction","Conspire","Custom Start","Energized Spire","GifTheSpireLib","Gold Saver","Gremlin Skip","Halation","Highlight Path","Hubris","Infinite Spire","Minty Spire (QoL Compilation)","Pale of the Ancients","Quick Restart","Replay The Spire","Reworked Bosses","ShortenTheSpire","Spire Exporter","StSLib","Stuff the Spire","Wandering Minibosses"],"gold_per_floor":[1282,853,864,877,65,108,108,138,219,219,265,284,329,329,329,439,439,470,470,503,545,545,545,593,593,593,15,15,15,15,70,70,179,179,217,0,0,27,62,62,100,116,116,116,116,116,151,151,151,171,171,171,123,139,139],"floor_reached":54,"language":"ENG","playtime":1505,"items_purged":["Defend_R","Defend_R","Defend_R","Defend_R"],"score":908,"play_id":"06f34e69-3833-460b-ab87-bd50e3f22caf","local_time":"20210213163753","is_ascension_mode":true,"campfire_choices":[{"floor":7.0,"key":"RECALL"},{"data":"Metallicize","floor":10.0,"key":"SMITH"},{"data":"Metallicize","floor":15.0,"key":"SMITH"},{"data":"Inflame","floor":23.0,"key":"SMITH"},{"data":"Metallicize","floor":28.0,"key":"SMITH"},{"data":"Uppercut","floor":30.0,"key":"SMITH"},{"data":"Perfected Strike","floor":32.0,"key":"SMITH"},{"data":"Heavy Blade","floor":40.0,"key":"SMITH"},{"floor":44.0,"key":"REST"},{"data":"Bash","floor":46.0,"key":"SMITH"},{"data":"StuffTheSpire:Brawn","floor":49.0,"key":"SMITH"},{"data":"Thunderclap","floor":52.0,"key":"SMITH"}],"circlet_count":0,"master_deck":["Strike_R","Strike_R","Strike_R","Strike_R","Strike_R","Bash+1","Metallicize+1","Metallicize+1","Uppercut+1","Clash","Clash","Thunderclap+1","Inflame+1","Heavy Blade+1","Thunderclap+1","Dropkick+1","Metallicize+1","Battle Trance+1","Perfected Strike+1","Limit Break+1","Clash","Metallicize+1","Perfected Strike+1","Ghostly Armor+1","Twin Strike+1","StuffTheSpire:Brawn+1","Thunderclap"],"relics":["Burning Blood","Oddly Smooth Stone","Anchor","Replay:Bandana","halation:NonexistentMirror","hubris:IronBody","StuffTheSpire:Barrel","MutagenicStrength","halation:BottledLove","Question Card","Toxic Egg 2","infinitespire:CheckeredPen","Blood Vial","Red Mask","infinitespire:WardingShard","Centennial Puzzle"],"acts_visited":["Exordium","TheCity","TheBeyond","TheEnding"],"potions_floor_usage":[],"damage_taken":[{"damage":6.0,"enemies":"Cultist","floor":1.0,"turns":3.0},{"damage":4.0,"enemies":"Small Slimes","floor":3.0,"turns":4.0},{"damage":0.0,"enemies":"Jaw Worm","floor":4.0,"turns":4.0},{"damage":17.0,"enemies":"Gremlin Nob","floor":6.0,"turns":5.0},{"damage":1.0,"enemies":"Exordium Thugs","floor":8.0,"turns":4.0},{"damage":0.0,"enemies":"3 Sentries","floor":11.0,"turns":8.0},{"damage":0.0,"enemies":"Looter","floor":12.0,"turns":2.0},{"damage":0.0,"enemies":"Gremlin Nob","floor":13.0,"turns":3.0},{"damage":36.0,"enemies":"Hexaghost","floor":16.0,"turns":8.0},{"damage":0.0,"enemies":"2 Thieves","floor":18.0,"turns":3.0},{"damage":22.0,"enemies":"3 Byrds","floor":20.0,"turns":4.0},{"damage":0.0,"enemies":"3 Cultists","floor":21.0,"turns":4.0},{"damage":23.0,"enemies":"Gremlin Leader","floor":24.0,"turns":5.0},{"damage":4.0,"enemies":"conspire:Head Lice","floor":31.0,"turns":4.0},{"damage":42.0,"enemies":"hubris:MusketHawk","floor":33.0,"turns":7.0},{"damage":8.0,"enemies":"3 Darklings","floor":35.0,"turns":4.0},{"damage":28.0,"enemies":"3 Shapes","floor":38.0,"turns":3.0},{"damage":30.0,"enemies":"Jaw Worm Horde","floor":39.0,"turns":5.0},{"damage":19.0,"enemies":"R_Hoarder","floor":41.0,"turns":10.0},{"damage":31.0,"enemies":"4 Shapes","floor":42.0,"turns":5.0},{"damage":0.0,"enemies":"Sphere and 2 Shapes","floor":47.0,"turns":3.0},{"damage":35.0,"enemies":"bossMod:newShapes","floor":50.0,"turns":8.0},{"damage":127,"enemies":"Shield and Spear","floor":54,"turns":5}],"seed_played":"5289452581330749290","potions_obtained":[{"floor":1.0,"key":"Weak Potion"},{"floor":4.0,"key":"SpeedPotion"},{"floor":8.0,"key":"Languid Potion"},{"floor":11.0,"key":"Adrenaline Potion"},{"floor":20.0,"key":"EntropicBrew"},{"floor":24.0,"key":"EssenceOfSteel"},{"floor":35.0,"key":"Fire Potion"},{"floor":38.0,"key":"Weak Potion"},{"floor":42.0,"key":"infinitespire:BlackPotion"}],"is_trial":false,"path_per_floor":["M","$","M","M","$","E","R","M","T","R","E","M","E","?","R","B",null,"M","?","M","M","?","R","E","AVR","T","$","R","?","R","E","R","B",null,"M","?","?","M","M","R","E","M","T","R","$","R","M","?","R","B",null,"R","$","E"],"character_chosen":"IRONCLAD","items_purchased":["Oddly Smooth Stone","Anchor","Metallicize","Replay:Baseball","Replay:Bandana","halation:NonexistentMirror","FairyPotion","Master of Strategy","infinitespire:CheckeredPen","Metallicize","Battle Trance+1","Strength Potion","Thunderclap"],"campfire_rested":1,"item_purchase_floors":[2,2,2,5,5,5,5,5,27,27,27,27,53],"current_hp_per_floor":[80,80,80,80,80,69,69,74,74,74,80,80,80,80,80,50,80,80,80,64,80,80,80,63,63,63,63,63,90,90,90,90,54,90,88,88,88,76,62,62,51,28,28,55,55,55,63,63,63,36,90,90,90,0,0],"gold":139,"neow_bonus":"HUNDRED_GOLD","is_daily":false,"chose_seed":false,"campfire_upgraded":10,"win_rate":0.0,"timestamp":1613227073,"path_taken":["M","?","M","?","$","E","R","M","T","R","E","M","E","?","R","BOSS","M","?","?","M","?","R","E","AVR","T","$","R","?","R","E","R","BOSS","M","?","?","M","M","R","E","?","T","R","$","R","?","?","R","BOSS","R","$","E"],"items_purchased_type":["Relic","Relic","Card","Relic","Relic","Relic","Potion","Card","Relic","Card","Card","Potion","Card"],"build_version":"2020-12-22","purchased_purges":4,"victory":false,"max_hp_per_floor":[80,80,80,80,80,80,80,80,80,80,80,80,80,80,80,80,80,80,80,80,80,80,80,80,80,80,80,80,90,90,90,90,90,90,90,90,90,90,90,90,90,90,90,90,90,90,90,90,90,90,90,90,90,90,90],"card_choices":[{"not_picked":["Burning Pact","Iron Wave","Combust"],"picked":"SKIP","floor":1.0},{"not_picked":["Pommel Strike","Whirlwind","Shrug It Off"],"picked":"SKIP","floor":3.0},{"not_picked":["ReplayTheSpireMod:Strike From Hell","Defy Death"],"picked":"Uppercut","floor":4.0},{"not_picked":["StuffTheSpire:Pyroclast","Rampage"],"picked":"Clash","floor":6.0},{"not_picked":["Searing Blow","Sword Boomerang","conspire:Charge"],"picked":"SKIP","floor":8.0},{"not_picked":["infinitespire:OneForAll","Whirlwind","ReplayTheSpireMod:Strike From Hell"],"picked":"SKIP","floor":11.0},{"not_picked":["Sever Soul","Shrug It Off","Heavy Blade"],"picked":"SKIP","floor":12.0},{"not_picked":["Sword Boomerang","Sentinel"],"picked":"Thunderclap","floor":13.0},{"not_picked":["ReplayTheSpireMod:Strike From Hell+1","ReplayTheSpireMod:Corrosion Curse"],"picked":"Inflame","floor":18.0},{"not_picked":["Armaments","Dark Embrace"],"picked":"Heavy Blade","floor":20.0},{"not_picked":["StuffTheSpire:Pyroclast","hubris:CleavingFinish"],"picked":"Thunderclap","floor":21.0},{"not_picked":["Iron Wave","ReplayTheSpireMod:Strike From Hell"],"picked":"Dropkick+1","floor":24.0},{"not_picked":["StuffTheSpire:RockThrow","Anger+1","Body Slam"],"picked":"Perfected Strike","floor":31.0},{"not_picked":["hubris:StunningStrike","Hemogenesis","StuffTheSpire:TitanForm"],"picked":"Limit Break+1","floor":33.0},{"not_picked":["Massacre","Cleave","Shrug It Off+1"],"picked":"Clash","floor":35.0},{"not_picked":["True Grit+1","Anger","Rage+1"],"picked":"Metallicize+1","floor":38.0},{"not_picked":["ReplayTheSpireMod:Strike From Hell","Armaments+1","Pommel Strike+1"],"picked":"Perfected Strike+1","floor":39.0},{"not_picked":["True Grit+1","Iron Wave+1","Corruption"],"picked":"Ghostly Armor+1","floor":41.0},{"not_picked":["StuffTheSpire:Pyroclast","Replay:Undeath\u0027s Touch","True Grit+1"],"picked":"Twin Strike+1","floor":42.0},{"not_picked":["ReplayReversal+1","ReplayTheSpireMod:Limb From Limb+1","StuffTheSpire:BloodClot+1","True Grit+1"],"picked":"SKIP","floor":47.0},{"not_picked":["StuffTheSpire:Ambrosia","StuffTheSpire:Rapture","StuffTheSpire:CelestialWarden"],"picked":"StuffTheSpire:Brawn","floor":48.0}],"player_experience":3102410,"relics_obtained":[{"floor":6.0,"key":"hubris:IronBody"},{"floor":11.0,"key":"StuffTheSpire:Barrel"},{"floor":24.0,"key":"halation:BottledLove"},{"floor":26.0,"key":"Toxic Egg 2"},{"floor":31.0,"key":"Blood Vial"},{"floor":41.0,"key":"infinitespire:WardingShard"},{"floor":43.0,"key":"Centennial Puzzle"}],"event_choices":[{"damage_healed":0.0,"max_hp_gain":0.0,"max_hp_loss":0.0,"gold_gain":0.0,"event_name":"betterNote:BetterNote","player_choice":"Ignored","floor":19.0,"gold_loss":0.0,"damage_taken":0.0,"cards_obtained":["Strike_P"]},{"damage_healed":0.0,"max_hp_gain":0.0,"max_hp_loss":0.0,"gold_gain":0.0,"event_name":"Drug Dealer","player_choice":"Inject Mutagens","floor":22.0,"gold_loss":0.0,"damage_taken":0.0,"relics_obtained":["MutagenicStrength"]},{"cards_removed":["Master of Strategy"],"damage_healed":17.0,"max_hp_gain":10.0,"max_hp_loss":0.0,"gold_gain":0.0,"event_name":"Bonfire Elementals","player_choice":"Offered Rare","floor":29.0,"gold_loss":0.0,"damage_taken":0.0},{"damage_healed":0.0,"max_hp_gain":0.0,"max_hp_loss":0.0,"gold_gain":0.0,"event_name":"Tomb of Lord Red Mask","player_choice":"Paid","floor":36.0,"gold_loss":217.0,"damage_taken":0.0,"relics_obtained":["Red Mask"]},{"cards_removed":["Master of Strategy"],"damage_healed":0.0,"max_hp_gain":0.0,"max_hp_loss":0.0,"gold_gain":0.0,"event_name":"Purifier","player_choice":"Purged","floor":37.0,"gold_loss":0.0,"damage_taken":0.0}],"is_beta":false,"boss_relics":[{"not_picked":["Velvet Choker","StuffTheSpire:RunicHypercube","ReplayTheSpireMod:DimensionalGlitch"]},{"not_picked":["conspire:RunicOctahedron","Ooze Armor","energizedSpire:TabascoSauce"]}],"items_purged_floors":[2,5,25,27],"is_endless":false,"potions_floor_spawned":[1,4,8,11,20,24,31,35,38,42],"killed_by":"Shield and Spear","ascension_level":3}}