{"host":"8is2j71l4wmybkoi","time":1613217554,"event":{"mods":["AchievementEnabler","BaseMod","Colored Map","DeckTracker","Minty Spire (QoL Compilation)","Rare Cards Sparkle","Relic Stats","StSLib","SuperFastMode"],"gold_per_floor":[111,36,52,102,112,112,143,143,166,194,213,213,230,230,230,303,303,321,336,102,113,63,63,113,113,113,124,134,84,112,128,128,128,128],"floor_reached":33,"language":"KOR","playtime":978,"items_purged":["Strike_B","Defend_B","Defend_B"],"score":485,"play_id":"6207c319-0605-419a-b208-52f7351982a9","local_time":"20210213205914","is_ascension_mode":true,"campfire_choices":[{"data":"Defragment","floor":6,"key":"SMITH"},{"floor":8,"key":"REST"},{"floor":12,"key":"REST"},{"data":"Zap","floor":15,"key":"SMITH"},{"data":"Fusion","floor":23,"key":"SMITH"},{"floor":25,"key":"REST"},{"data":"Go for the Eyes","floor":32,"key":"SMITH"}],"circlet_count":0,"master_deck":["AscendersBane","Strike_B","Strike_B","Defend_B+1","Zap+1","Dualcast","Genetic Algorithm+1","Doom and Gloom","Defragment+1","Loop","Go for the Eyes+1","Conserve Battery","Hologram","Electrodynamics","Beam Cell","Fusion+1","Cold Snap","Recycle+1","Turbo","Fission","Steam"],"relics":["Cracked Core","NeowsBlessing","War Paint","Smiling Mask","Unceasing Top","Sozu","ClockworkSouvenir","CaptainsWheel","Strawberry"],"acts_visited":["Exordium","TheCity"],"potions_floor_usage":[7,16,16],"damage_taken":[{"damage":0,"enemies":"Small Slimes","floor":1,"turns":1},{"damage":0,"enemies":"Jaw Worm","floor":3,"turns":1},{"damage":0,"enemies":"Cultist","floor":5,"turns":1},{"damage":36,"enemies":"Lagavulin","floor":7,"turns":6},{"damage":21,"enemies":"Gremlin Nob","floor":10,"turns":4},{"damage":14,"enemies":"Blue Slaver","floor":11,"turns":4},{"damage":7,"enemies":"Exordium Thugs","floor":13,"turns":4},{"damage":17,"enemies":"Slime Boss","floor":16,"turns":7},{"damage":16,"enemies":"Shell Parasite","floor":18,"turns":4},{"damage":0,"enemies":"3 Byrds","floor":19,"turns":2},{"damage":3,"enemies":"Cultist and Chosen","floor":21,"turns":4},{"damage":11,"enemies":"Shelled Parasite and Fungi","floor":27,"turns":4},{"damage":0,"enemies":"Snecko","floor":28,"turns":5},{"damage":18,"enemies":"Slavers","floor":30,"turns":3},{"damage":5,"enemies":"Cultist and Chosen","floor":31,"turns":3},{"damage":36,"enemies":"Collector","floor":33,"turns":7}],"seed_played":"-9180728793743485446","potions_obtained":[{"floor":1,"key":"GamblersBrew"},{"floor":5,"key":"BlessingOfTheForge"},{"floor":10,"key":"Strength Potion"},{"floor":11,"key":"Energy Potion"}],"is_trial":false,"path_per_floor":["M","?","M","?","M","R","E","R","T","E","M","R","M","?","R","B",null,"M","M","$","M","$","R","?","R","T","M","M","$","E","M","R","B"],"character_chosen":"DEFECT","items_purchased":["ClockworkSouvenir","Cold Snap"],"campfire_rested":3,"item_purchase_floors":[20,20],"current_hp_per_floor":[64,64,64,64,64,64,28,49,49,28,14,35,28,28,28,11,56,40,40,40,37,37,37,37,58,58,47,47,47,36,31,31,0,0],"gold":128,"neow_bonus":"THREE_ENEMY_KILL","is_daily":false,"chose_seed":false,"campfire_upgraded":4,"win_rate":0.0,"timestamp":1613217554,"path_taken":["M","?","M","?","M","R","E","R","T","E","M","R","?","?","R","BOSS","M","M","$","M","$","R","?","R","T","M","M","$","E","M","R","BOSS"],"items_purchased_type":["Relic","Card"],"build_version":"2020-12-22","purchased_purges":3,"victory":false,"max_hp_per_floor":[71,71,71,71,71,71,71,71,71,71,71,71,71,71,71,71,71,71,71,71,71,71,71,71,71,71,71,71,71,78,78,78,78,78],"relic_stats":{"Sozu":3,"counters":[16,59],"War Paint":["Genetic Algorithm","Defend_B"],"Smiling Mask":150,"obtain_stats":[{"Sozu":17,"CaptainsWheel":26,"NeowsBlessing":0,"Strawberry":30,"War Paint":7,"Cracked Core":0,"Smiling Mask":9,"Unceasing Top":10,"ClockworkSouvenir":20},{"Sozu":8,"CaptainsWheel":11,"NeowsBlessing":0,"Strawberry":14,"War Paint":4,"Cracked Core":0,"Smiling Mask":4,"Unceasing Top":5,"ClockworkSouvenir":10},{"Sozu":27,"CaptainsWheel":37,"NeowsBlessing":0,"Strawberry":49,"War Paint":9,"Cracked Core":0,"Smiling Mask":9,"Unceasing Top":13,"ClockworkSouvenir":33}],"Unceasing Top":[75]},"card_choices":[{"not_picked":["Hello World","Rebound"],"picked":"Genetic Algorithm","floor":1},{"not_picked":["Storm","Leap"],"picked":"Doom and Gloom","floor":3},{"not_picked":["Rebound","Leap"],"picked":"Defragment","floor":5},{"not_picked":["FTL","Barrage"],"picked":"Loop","floor":7},{"not_picked":["Cold Snap","Heatsinks"],"picked":"Go for the Eyes","floor":10},{"not_picked":["Hello World","Cold Snap"],"picked":"Conserve Battery","floor":11},{"not_picked":["Streamline","Cold Snap"],"picked":"Hologram","floor":13},{"not_picked":["Machine Learning","All For One"],"picked":"Electrodynamics","floor":16},{"not_picked":["Barrage","Leap"],"picked":"Beam Cell","floor":18},{"not_picked":["Rebound","Coolheaded"],"picked":"Fusion","floor":19},{"not_picked":["Chill","Beam Cell"],"picked":"Recycle+1","floor":21},{"not_picked":["Streamline","Barrage","Ball Lightning"],"picked":"SKIP","floor":27},{"not_picked":["Compile Driver","Redo"],"picked":"Turbo","floor":28},{"not_picked":["Compile Driver","Conserve Battery"],"picked":"Fission","floor":30},{"not_picked":["Auto Shields","Beam Cell"],"picked":"Steam","floor":31}],"player_experience":1170259,"relics_obtained":[{"floor":7,"key":"War Paint"},{"floor":9,"key":"Smiling Mask"},{"floor":10,"key":"Unceasing Top"},{"floor":26,"key":"CaptainsWheel"},{"floor":30,"key":"Strawberry"}],"event_choices":[{"cards_removed":["Defend_B"],"damage_healed":0,"gold_gain":0,"player_choice":"Card Removal","damage_taken":0,"max_hp_gain":0,"max_hp_loss":0,"event_name":"The Cleric","floor":2,"gold_loss":75},{"damage_healed":0,"gold_gain":50,"player_choice":"Pray","damage_taken":0,"max_hp_gain":0,"max_hp_loss":0,"event_name":"Golden Shrine","floor":4,"gold_loss":0},{"cards_removed":["Strike_B"],"damage_healed":0,"gold_gain":0,"player_choice":"Card Removal","damage_taken":0,"max_hp_gain":0,"max_hp_loss":0,"event_name":"Wheel of Change","floor":14,"gold_loss":0},{"damage_healed":0,"gold_gain":50,"player_choice":"Stole From Cult","damage_taken":0,"max_hp_gain":0,"max_hp_loss":0,"event_name":"Nest","floor":24,"gold_loss":0}],"is_beta":false,"boss_relics":[{"not_picked":["Snecko Eye","Black Star"],"picked":"Sozu"}],"items_purged_floors":[20,22,29],"is_endless":false,"potions_floor_spawned":[1,5,10,11,18,21,31],"killed_by":"Collector","ascension_level":15}}