{"host":"m9osufisr3agwk96","time":1613203245,"event":{"mods":["Aspiration","BaseMod","Colored Map","Colored Powertips","Downfall","Duelist Mod","Friendly Minions","GifTheSpireLib","Hermit","Hero for Fun","Highlight Path","Hubris","Infinite Spire","Minty Spire (QoL Compilation)","Rare Cards Sparkle","Reliquary","Replay The Spire","Shop Mod","StSLib"],"gold_per_floor":[1,1,1,15,33,33,59,59,135,161,178,204,220,255,255,357,357,375,425,192,211,231,257,273,273,328,348,373,389,403,415,415,518,518,537,192,208,222,237,301,328,345,372,383,410,426,445,445,531,531],"floor_reached":51,"language":"ENG","playtime":1216,"items_purged":["infinitespire:TheBestDefense"],"score":1312,"play_id":"a6a62b71-0e69-4a37-8971-c760e9e04829","local_time":"20210213000045","is_ascension_mode":false,"campfire_choices":[{"floor":8,"key":"DIG"}],"circlet_count":0,"master_deck":["Strike_Y+1","Strike_Y","Strike_Y","Strike_Y","Strike_Y","Defend_Y","Defend_Y","Defend_Y","Wear_Disguise","Consecutive_Normal_Punch","hubris:DuctTapeCard","Oh","Ignore+1","Do_Nothing","Do_Nothing","Slap+1","Get_Hopes_Up","Do_Nothing","Side_Hop","Side_Hop","Slap","Yawn","Serious_Punch","Toss_Stone","Ignore+1","infinitespire:FutureSight","Consecutive_Normal_Punch+1","Slap","Yawn","Normal_Punch","Decay","Oh","Serious_Side_Hops","Side_Hop","Hop","Wear_Disguise+1","Yawn","Toss_Stone","Slap+1","Do_Nothing+1","Wear_Disguise","Hop","Madness","Madness"],"relics":["Cape","aspiration:Nostalgia","m_SnakeBloodCore","hubris:Icosahedron","Replay:Multitool","Smiling Mask","hubris:DuctTape","Bag of Marbles","Turnip","Juzu Bracelet","reliquary:WritOfMandamus","BargainBundle","reliquary:Buckler","Pen Nib","PreservedInsect","Replay:Bronze Core","Ginger","reliquary:IridiumChain","Orichalcum","aspiration:HummingbirdHeart"],"acts_visited":["Exordium","TheCity","TheBeyond"],"potions_floor_usage":[35,35,35],"damage_taken":[{"damage":0,"enemies":"Cultist","floor":1,"turns":1},{"damage":0,"enemies":"2 Louse","floor":4,"turns":1},{"damage":0,"enemies":"Jaw Worm","floor":5,"turns":1},{"damage":0,"enemies":"3 Sentries","floor":7,"turns":2},{"damage":0,"enemies":"Lagavulin","floor":10,"turns":1},{"damage":0,"enemies":"Large Slime","floor":11,"turns":1},{"damage":0,"enemies":"Gremlin Nob","floor":12,"turns":3},{"damage":0,"enemies":"Exordium Thugs","floor":13,"turns":2},{"damage":0,"enemies":"Replay:BlueRogue","floor":14,"turns":2},{"damage":0,"enemies":"Slime Boss","floor":16,"turns":1},{"damage":0,"enemies":"2 Thieves","floor":18,"turns":1},{"damage":0,"enemies":"Spheric Guardian","floor":21,"turns":1},{"damage":0,"enemies":"Snake Plant","floor":22,"turns":1},{"damage":0,"enemies":"Replay:Snechameleon","floor":23,"turns":6},{"damage":0,"enemies":"Shelled Parasite and Fungi","floor":24,"turns":1},{"damage":0,"enemies":"Centurion and Healer","floor":27,"turns":1},{"damage":0,"enemies":"Nightmare","floor":28,"turns":9},{"damage":0,"enemies":"Cultist and Chosen","floor":29,"turns":1},{"damage":0,"enemies":"Shelled Parasite and Fungi","floor":30,"turns":2},{"damage":0,"enemies":"3 Cultists","floor":31,"turns":2},{"damage":0,"enemies":"Champ","floor":33,"turns":2},{"damage":0,"enemies":"3 Darklings","floor":35,"turns":2},{"damage":0,"enemies":"Orb Walker","floor":37,"turns":1},{"damage":0,"enemies":"Writhing Mass","floor":38,"turns":1},{"damage":0,"enemies":"4 Shapes","floor":39,"turns":2},{"damage":0,"enemies":"Giant Head","floor":41,"turns":1},{"damage":0,"enemies":"Transient","floor":42,"turns":5},{"damage":0,"enemies":"3 Darklings","floor":44,"turns":1},{"damage":0,"enemies":"Nemesis","floor":45,"turns":1},{"damage":0,"enemies":"Writhing Mass","floor":46,"turns":1},{"damage":0,"enemies":"Spire Growth","floor":47,"turns":1},{"damage":0,"enemies":"infinitespire:MassOfShapes","floor":50,"turns":3}],"seed_played":"6230131070711931016","potions_obtained":[{"floor":7,"key":"champ:CounterPotion"},{"floor":10,"key":"Languid Potion"},{"floor":12,"key":"Elixir"},{"floor":39,"key":"infinitespire:BlackPotion"},{"floor":42,"key":"AttackPotion"},{"floor":44,"key":"GamblersBrew"},{"floor":45,"key":"EntropicBrew"}],"is_trial":false,"path_per_floor":["M","$","?","M","M","$","E","R","T","E","M","E","M","E","R","B",null,"M","?","$","M","M","E","M","AVR","T","M","NM","M","M","M","R","B",null,"M","$","M","M","M","R","E","M","T","M","E","M","M","?","R","B",null],"character_chosen":"OPM","items_purchased":["Side_Hop","BargainBundle","Ginger"],"campfire_rested":0,"item_purchase_floors":[20,20,36],"current_hp_per_floor":[999,999,999,999,999,999,999,999,999,999,999,999,999,999,999,999,999,999,999,999,999,999,999,999,999,999,999,999,999,999,999,999,999,999,999,999,999,999,999,999,999,999,999,999,999,999,999,999,999,999],"gold":531,"neow_bonus":"NOSTALGIA","is_daily":false,"chose_seed":false,"campfire_upgraded":0,"win_rate":0.0,"timestamp":1613203245,"path_taken":["M","?","?","M","M","$","E","R","T","E","M","E","M","E","R","BOSS","M","?","$","M","M","E","M","AVR","T","M","NM","M","M","M","R","BOSS","M","$","M","M","M","R","E","M","T","M","E","M","M","?","R","BOSS"],"items_purchased_type":["Card","Relic","Relic"],"build_version":"2020-12-22","purchased_purges":1,"victory":true,"max_hp_per_floor":[999,999,999,999,999,999,999,999,999,999,999,999,999,999,999,999,999,999,999,999,999,999,999,999,999,999,999,999,999,999,999,999,999,999,999,999,999,999,999,999,999,999,999,999,999,999,999,999,999,999],"card_choices":[{"not_picked":["Side_Hop","Consecutive_Normal_Punch","Havoc"],"picked":"SKIP","floor":1},{"not_picked":["Ignore","Havoc","Dagger Throw"],"picked":"SKIP","floor":4},{"not_picked":["Side_Hop","Hop"],"picked":"Wear_Disguise","floor":5},{"not_picked":["Yawn","Infernal Blade"],"picked":"Consecutive_Normal_Punch","floor":7},{"not_picked":["Side_Hop","Dagger Throw"],"picked":"Oh","floor":10},{"not_picked":["Hop","ReplayTheSpireMod:LeadingStrike"],"picked":"Ignore","floor":11},{"not_picked":["Hop","Slap"],"picked":"Do_Nothing","floor":12},{"not_picked":["Distraction","Dagger Throw"],"picked":"Do_Nothing","floor":13},{"not_picked":["Serious_Punch","Dagger Throw"],"picked":"Slap","floor":14},{"not_picked":["Terrifying_Presence","Amplify"],"picked":"Get_Hopes_Up","floor":16},{"not_picked":["Wear_Disguise","Ignore"],"picked":"Do_Nothing","floor":18},{"not_picked":["Consecutive_Normal_Punch+1","Do_Nothing"],"picked":"Slap","floor":21},{"not_picked":["Hop","Slap"],"picked":"Yawn","floor":22},{"not_picked":["Slap","Yawn"],"picked":"Serious_Punch","floor":23},{"not_picked":["Yawn","Hop"],"picked":"Toss_Stone","floor":24},{"not_picked":["Hop","Consecutive_Normal_Punch"],"picked":"Ignore+1","floor":27},{"not_picked":["infinitespire:FinalStrike","infinitespire:NeuralNetwork"],"picked":"infinitespire:FutureSight","floor":28},{"not_picked":["Slap","Hop+1"],"picked":"Consecutive_Normal_Punch+1","floor":28},{"not_picked":["Side_Hop","Hip_Strike"],"picked":"Slap","floor":29},{"not_picked":["Hop","Wear_Disguise"],"picked":"Yawn","floor":30},{"not_picked":["Ignore+1","Yawn"],"picked":"Normal_Punch","floor":31},{"not_picked":["Get_Hopes_Up","Serious_Punch"],"picked":"Serious_Side_Hops","floor":33},{"not_picked":["Yawn","Hop"],"picked":"Side_Hop","floor":35},{"not_picked":["Wear_Disguise","Ignore+1"],"picked":"Hop","floor":37},{"not_picked":["Slap","Ignore+1"],"picked":"Wear_Disguise+1","floor":38},{"not_picked":["Serious_Punch","Wear_Disguise"],"picked":"Yawn","floor":39},{"not_picked":["Side_Hop","Hop","Yawn+1"],"picked":"SKIP","floor":41},{"not_picked":["Ignore","Slap+1"],"picked":"Toss_Stone","floor":42},{"not_picked":["Ignore","Normal_Punch"],"picked":"Slap+1","floor":44},{"not_picked":["Consecutive_Normal_Punch","Side_Hop+1"],"picked":"Do_Nothing+1","floor":45},{"not_picked":["Toss_Stone+1","Consecutive_Normal_Punch+1"],"picked":"Wear_Disguise","floor":46},{"not_picked":["Slap","Yawn+1"],"picked":"Hop","floor":47}],"player_experience":478253,"relics_obtained":[{"floor":7,"key":"Replay:Multitool"},{"floor":8,"key":"Smiling Mask"},{"floor":9,"key":"hubris:DuctTape"},{"floor":10,"key":"Bag of Marbles"},{"floor":12,"key":"Turnip"},{"floor":14,"key":"Juzu Bracelet"},{"floor":23,"key":"reliquary:Buckler"},{"floor":26,"key":"Pen Nib"},{"floor":28,"key":"PreservedInsect"},{"floor":41,"key":"reliquary:IridiumChain"},{"floor":43,"key":"Orichalcum"},{"floor":45,"key":"aspiration:HummingbirdHeart"}],"event_choices":[{"damage_healed":0,"gold_gain":100,"player_choice":"Bet on Murderer","damage_taken":0,"max_hp_gain":0,"max_hp_loss":0,"event_name":"The Joust","floor":19,"gold_loss":50},{"damage_healed":0,"gold_gain":0,"player_choice":"2 cards matched","damage_taken":0,"max_hp_gain":0,"max_hp_loss":0,"event_name":"Match and Keep!","floor":32,"gold_loss":0,"cards_obtained":["Decay","Oh"]},{"damage_healed":0,"gold_gain":0,"player_choice":"Embrace Madness","damage_taken":125,"max_hp_gain":0,"max_hp_loss":0,"event_name":"Winding Halls","floor":48,"gold_loss":0,"cards_obtained":["Madness","Madness"]}],"is_beta":false,"boss_relics":[{"not_picked":["aspiration:FutureDiary","Runic Pyramid"],"picked":"reliquary:WritOfMandamus"},{"not_picked":["reliquary:Ember","aspiration:IroncladSkillbook"],"picked":"Replay:Bronze Core"}],"items_purged_floors":[36],"is_endless":false,"potions_floor_spawned":[7,10,12,14,16,23,27,28,29,31,39,42,44,45],"ascension_level":0}}