{"host":"a57oumegxze0vmhs","time":1613228719,"event":{"mods":["AchievementEnabler","BaseMod","Colored Powertips","Minty Spire (QoL Compilation)","Relic Stats"],"gold_per_floor":[118,132,26,39,56,56,91,110,110,120,120,132,132,132,132,255,255,270,195,195,213,213,213,233,274,274,47,68,104,119,142,142,265,265,289,308,308,308,21,55,55,93,93,93,127,127,227,227,227,227,227,227,46,84,84,84],"floor_reached":55,"language":"ENG","playtime":3345,"items_purged":["Writhe"],"score":1110,"play_id":"de0f8494-c1a7-4015-8d2a-f01bc5f3660c","local_time":"20210213170519","is_ascension_mode":true,"campfire_choices":[{"data":"Zap","floor":6.0,"key":"SMITH"},{"floor":11.0,"key":"REST"},{"data":"Buffer","floor":15.0,"key":"SMITH"},{"data":"Thunder Strike","floor":23.0,"key":"SMITH"},{"floor":32.0,"key":"REST"},{"data":"1","floor":41.0,"key":"LIFT"},{"floor":44.0,"key":"RECALL"},{"data":"2","floor":46.0,"key":"LIFT"},{"data":"3","floor":49.0,"key":"LIFT"},{"data":"Creative AI","floor":52.0,"key":"SMITH"}],"circlet_count":0,"master_deck":["Strike_B+1","Strike_B+1","Defend_B+1","Defend_B+1","Defend_B+1","Zap+1","Dualcast","Barrage","Sweeping Beam","Sweeping Beam","Glacier","Compile Driver","BootSequence","Buffer+1","Ball Lightning","Ball Lightning","Thunder Strike+1","Multi-Cast+1","Hello World+1","Doom and Gloom+1","Coolheaded+1","Self Repair+1","Ball Lightning+1","Redo+1","Barrage+1","Creative AI+1","Steam Power+1","Force Field+1","Amplify+1","Defragment+1"],"relics":["Cracked Core","Bag of Preparation","Kunai","Anchor","Golden Idol","Bottled Flame","Astrolabe","Tiny Chest","Molten Egg 2","Toxic Egg 2","Happy Flower","Girya","Philosopher\u0027s Stone","Mummified Hand","TungstenRod","Blue Candle","InkBottle","Frozen Egg 2","Vajra"],"acts_visited":["Exordium","TheCity","TheBeyond","TheEnding"],"potions_floor_usage":[],"damage_taken":[{"damage":5.0,"enemies":"Small Slimes","floor":1.0,"turns":3.0},{"damage":2.0,"enemies":"Jaw Worm","floor":2.0,"turns":3.0},{"damage":1.0,"enemies":"Cultist","floor":4.0,"turns":3.0},{"damage":6.0,"enemies":"3 Louse","floor":5.0,"turns":3.0},{"damage":23.0,"enemies":"Gremlin Nob","floor":7.0,"turns":5.0},{"damage":0.0,"enemies":"Red Slaver","floor":8.0,"turns":3.0},{"damage":0.0,"enemies":"Exordium Wildlife","floor":10.0,"turns":2.0},{"damage":0.0,"enemies":"3 Louse","floor":12.0,"turns":2.0},{"damage":14.0,"enemies":"The Guardian","floor":16.0,"turns":14.0},{"damage":2.0,"enemies":"2 Thieves","floor":18.0,"turns":3.0},{"damage":8.0,"enemies":"Spheric Guardian","floor":21.0,"turns":6.0},{"damage":9.0,"enemies":"Chosen and Byrds","floor":24.0,"turns":5.0},{"damage":0.0,"enemies":"Gremlin Leader","floor":25.0,"turns":5.0},{"damage":16.0,"enemies":"Shelled Parasite and Fungi","floor":28.0,"turns":5.0},{"damage":20.0,"enemies":"Book of Stabbing","floor":29.0,"turns":8.0},{"damage":17.0,"enemies":"Cultist and Chosen","floor":30.0,"turns":5.0},{"damage":16.0,"enemies":"Snake Plant","floor":31.0,"turns":5.0},{"damage":15.0,"enemies":"Champ","floor":33.0,"turns":13.0},{"damage":0.0,"enemies":"Orb Walker","floor":35.0,"turns":3.0},{"damage":13.0,"enemies":"3 Darklings","floor":36.0,"turns":5.0},{"damage":0.0,"enemies":"Reptomancer","floor":40.0,"turns":7.0},{"damage":0.0,"enemies":"Giant Head","floor":42.0,"turns":8.0},{"damage":9.0,"enemies":"Nemesis","floor":45.0,"turns":7.0},{"damage":0.0,"enemies":"Jaw Worm Horde","floor":48.0,"turns":2.0},{"damage":38.0,"enemies":"Donu and Deca","floor":50.0,"turns":7.0},{"damage":30.0,"enemies":"Shield and Spear","floor":54.0,"turns":5.0},{"damage":48,"enemies":"The Heart","floor":55,"turns":5}],"seed_played":"-2968122656507240940","potions_obtained":[{"floor":5.0,"key":"SteroidPotion"},{"floor":7.0,"key":"DuplicationPotion"},{"floor":8.0,"key":"Weak Potion"},{"floor":16.0,"key":"ColorlessPotion"},{"floor":21.0,"key":"FocusPotion"},{"floor":25.0,"key":"SkillPotion"},{"floor":29.0,"key":"Regen Potion"},{"floor":31.0,"key":"PowerPotion"},{"floor":33.0,"key":"PowerPotion"},{"floor":42.0,"key":"SmokeBomb"}],"is_trial":false,"path_per_floor":["M","M","$","M","M","R","E","M","T","M","R","M","?","T","R","B",null,"M","?","?","M","?","R","M","E","T","$","M","E","M","M","R","B",null,"M","M","?","T","$","E","R","E","T","R","E","R","?","M","R","B",null,"R","$","E","B"],"character_chosen":"DEFECT","items_purchased":["Sweeping Beam","Glacier","Happy Flower","TungstenRod","PowerPotion","Fire Potion","Defragment+1"],"campfire_rested":2,"item_purchase_floors":[3,3,27,39,53,53,53],"current_hp_per_floor":[63,61,61,60,54,54,31,31,31,31,53,53,53,53,53,39,66,64,64,64,56,56,56,47,47,47,47,41,31,33,27,49,34,65,65,52,52,52,52,52,52,62,62,62,63,63,63,63,63,45,68,68,68,48,0,0],"gold":84,"neow_bonus":"RANDOM_COMMON_RELIC","is_daily":false,"chose_seed":false,"campfire_upgraded":4,"win_rate":0.0,"timestamp":1613228719,"path_taken":["M","M","$","M","M","R","E","M","T","M","R","M","?","?","R","BOSS","M","?","?","M","?","R","?","E","T","$","M","E","M","M","R","BOSS","M","M","?","?","$","E","R","E","T","R","E","R","?","?","R","BOSS","R","$","E","BOSS"],"items_purchased_type":["Card","Card","Relic","Relic","Potion","Potion","Card"],"build_version":"2020-12-22","purchased_purges":1,"victory":false,"max_hp_per_floor":[75,75,75,75,75,75,75,75,75,75,75,75,75,75,75,75,75,75,75,75,75,75,75,75,75,75,75,75,75,75,75,75,75,75,75,75,75,75,75,75,75,75,75,75,75,75,75,75,75,75,75,75,75,75,75,75],"relic_stats":{"Happy Flower":[28],"counters":[27,142],"Golden Idol":166,"Mummified Hand":[81],"Astrolabe":["Multi-Cast","Hello World","Doom and Gloom"],"Blue Candle":[0],"Tiny Chest":1,"Bag of Preparation":[54],"Kunai":[32],"obtain_stats":[{"Girya":29,"Happy Flower":27,"Golden Idol":13,"Astrolabe":17,"Blue Candle":40,"Vajra":54,"Bag of Preparation":0,"Frozen Egg 2":45,"Anchor":9,"Bottled Flame":14,"Mummified Hand":38,"Tiny Chest":20,"Molten Egg 2":25,"Philosopher\u0027s Stone":34,"Kunai":7,"Toxic Egg 2":26,"Cracked Core":0,"TungstenRod":39,"InkBottle":42},{"Girya":15,"Happy Flower":13,"Golden Idol":8,"Astrolabe":9,"Blue Candle":21,"Vajra":26,"Bag of Preparation":0,"Frozen Egg 2":23,"Anchor":6,"Bottled Flame":8,"Mummified Hand":20,"Tiny Chest":10,"Molten Egg 2":13,"Philosopher\u0027s Stone":18,"Kunai":5,"Toxic Egg 2":13,"Cracked Core":0,"TungstenRod":20,"InkBottle":22},{"Girya":70,"Happy Flower":57,"Golden Idol":24,"Astrolabe":38,"Blue Candle":108,"Vajra":137,"Bag of Preparation":0,"Frozen Egg 2":123,"Anchor":20,"Bottled Flame":24,"Mummified Hand":101,"Tiny Chest":41,"Molten Egg 2":57,"Philosopher\u0027s Stone":93,"Kunai":17,"Toxic Egg 2":57,"Cracked Core":0,"TungstenRod":101,"InkBottle":116}],"TungstenRod":30,"InkBottle":[17]},"card_choices":[{"not_picked":["Heatsinks","Force Field"],"picked":"Barrage","floor":1.0},{"not_picked":["Hologram","Gash"],"picked":"Sweeping Beam","floor":2.0},{"not_picked":["Stack","Go for the Eyes"],"picked":"Compile Driver","floor":4.0},{"not_picked":["Beam Cell","Aggregate"],"picked":"BootSequence","floor":5.0},{"not_picked":["Hologram","Sweeping Beam","Heatsinks"],"picked":"SKIP","floor":7.0},{"not_picked":["Go for the Eyes","Force Field"],"picked":"Buffer","floor":8.0},{"not_picked":["Reinforced Body","Compile Driver"],"picked":"Ball Lightning","floor":10.0},{"not_picked":["Rip and Tear","Barrage"],"picked":"Ball Lightning","floor":12.0},{"not_picked":["Seek","Buffer"],"picked":"Thunder Strike","floor":16.0},{"not_picked":["Rip and Tear","Consume"],"picked":"Coolheaded+1","floor":18.0},{"not_picked":["Aggregate","Rebound","Rip and Tear"],"picked":"SKIP","floor":21.0},{"not_picked":["Barrage","Ball Lightning"],"picked":"Self Repair+1","floor":24.0},{"not_picked":["Heatsinks+1","Consume"],"picked":"Ball Lightning+1","floor":25.0},{"not_picked":["Stack+1","Aggregate+1"],"picked":"Redo+1","floor":28.0},{"not_picked":["Ball Lightning+1","Double Energy+1","Glacier+1"],"picked":"SKIP","floor":29.0},{"not_picked":["Ball Lightning+1","Hologram+1","Beam Cell+1"],"picked":"SKIP","floor":30.0},{"not_picked":["Go for the Eyes+1","Hologram+1"],"picked":"Barrage+1","floor":31.0},{"not_picked":["Reboot+1","Buffer"],"picked":"Creative AI","floor":33.0},{"not_picked":["Redo+1","Turbo+1","Steam+1"],"picked":"SKIP","floor":35.0},{"not_picked":["Sweeping Beam+1","Aggregate+1"],"picked":"Steam Power+1","floor":36.0},{"not_picked":["Hologram+1","Compile Driver+1"],"picked":"Force Field+1","floor":40.0},{"not_picked":["Redo+1","Barrage+1"],"picked":"Amplify+1","floor":42.0},{"not_picked":["Scrape+1","Turbo+1","Redo+1"],"picked":"SKIP","floor":45.0},{"not_picked":["Double Energy+1","Beam Cell+1","Sunder+1"],"picked":"SKIP","floor":54.0}],"player_experience":436599,"relics_obtained":[{"floor":7.0,"key":"Kunai"},{"floor":9.0,"key":"Anchor"},{"floor":14.0,"key":"Bottled Flame"},{"floor":25.0,"key":"Molten Egg 2"},{"floor":26.0,"key":"Toxic Egg 2"},{"floor":29.0,"key":"Girya"},{"floor":38.0,"key":"Mummified Hand"},{"floor":40.0,"key":"Blue Candle"},{"floor":42.0,"key":"InkBottle"},{"floor":45.0,"key":"Frozen Egg 2"},{"floor":54.0,"key":"Vajra"}],"event_choices":[{"damage_healed":0.0,"max_hp_gain":0.0,"max_hp_loss":0.0,"gold_gain":0.0,"event_name":"Golden Idol","player_choice":"Take Wound","floor":13.0,"gold_loss":0.0,"damage_taken":0.0,"relics_obtained":["Golden Idol"],"cards_obtained":["Injury"]},{"cards_removed":["Injury"],"damage_healed":0.0,"max_hp_gain":0.0,"max_hp_loss":0.0,"gold_gain":0.0,"event_name":"Beggar","player_choice":"Gave Gold","floor":19.0,"gold_loss":75.0,"damage_taken":0.0},{"damage_healed":0.0,"max_hp_gain":0.0,"max_hp_loss":0.0,"gold_gain":0.0,"event_name":"The Mausoleum","player_choice":"Opened","floor":20.0,"gold_loss":0.0,"damage_taken":0.0,"relics_obtained":["Tiny Chest"],"cards_obtained":["Writhe"]},{"damage_healed":0.0,"max_hp_gain":0.0,"max_hp_loss":0.0,"gold_gain":0.0,"event_name":"Back to Basics","player_choice":"Simplicity","floor":22.0,"gold_loss":0.0,"damage_taken":0.0,"cards_upgraded":["Strike_B","Strike_B","Defend_B","Defend_B","Defend_B"]},{"damage_healed":0.0,"max_hp_gain":0.0,"max_hp_loss":0.0,"gold_gain":0.0,"event_name":"WeMeetAgain","player_choice":"Ignored","floor":37.0,"gold_loss":0.0,"damage_taken":0.0},{"damage_healed":0.0,"max_hp_gain":0.0,"max_hp_loss":0.0,"gold_gain":100.0,"event_name":"Golden Shrine","player_choice":"Pray","floor":47.0,"gold_loss":0.0,"damage_taken":0.0}],"is_beta":false,"boss_relics":[{"not_picked":["Tiny House","Pandora\u0027s Box"],"picked":"Astrolabe"},{"not_picked":["Cursed Key","Busted Crown"],"picked":"Philosopher\u0027s Stone"}],"items_purged_floors":[27],"is_endless":false,"potions_floor_spawned":[5,7,8,16,21,25,29,31,33,42,48],"killed_by":"The Heart","ascension_level":7}}