{"host":"qgvpd00zvzorrg7j","time":1613244291,"event":{"mods":["BaseMod","Colored Map","Downfall","Minty Spire (QoL Compilation)","Quick Restart","StSLib"],"gold_per_floor":[99,24,36,51,62,62,88,38,56,67,67,99,99,199,219,323,323,173,187,187,204,114,114,194,210,160,172,192,192,142,157,173,270,270,220,231,277,295,109,137,137,149,185,198,213,213,213,213,227,227],"floor_reached":51,"language":"ENG","playtime":5129,"items_purged":["Parasite","downfall:Malfunctioning"],"score":771,"play_id":"e5b1b5e5-f8e6-4c77-ab56-ed4f50ebf5cc","local_time":"20210213142451","is_ascension_mode":true,"campfire_choices":[{"data":"Slimebound:Split","floor":1,"key":"SMITH"},{"data":"Slimebound:Repurpose","floor":8,"key":"SMITH"},{"data":"Slimebound:SlimeBarrage","floor":18,"key":"SMITH"},{"data":"Slimebound:RallyTheTroops","floor":26,"key":"SMITH"},{"data":"Slimebound:Repurpose","floor":30,"key":"SMITH"},{"data":"Slimebound:LevelUp","floor":35,"key":"SMITH"}],"circlet_count":0,"master_deck":["Slimebound:Defend_Slimebound+1","Slimebound:Defend_Slimebound+1","Slimebound:Split+1","Slimebound:Recollect","Slimebound:Repurpose+1","Slimebound:DisruptingSlam+1","Slimebound:SlimeBarrage+1","Slimebound:SplitLeeching","Slimebound:Repurpose+1","Slimebound:RallyTheTroops+1","Slimebound:Repurpose+1","Slimebound:LevelUp+1","Slimebound:LevelUp+1","Slimebound:Teamwork+1","Slimebound:OneTwoCombo+1","Slimebound:SplitLeeching","Slimebound:LevelUp","Slimebound:LeadByExample+1","expansioncontent:YouAreMine","Parasite","Slimebound:SplitBruiser+1"],"relics":["Slimebound:AbsorbEndCombat","Slimebound:GreedOozeRelic","Sozu","downfall:HeartBlessingBlue","downfall:RedIOU","Pear","Astrolabe","Girya","Darkstone Periapt","Mercury Hourglass","Centennial Puzzle","Strange Spoon"],"acts_visited":["TheCity","TheBeyond"],"potions_floor_usage":[3,50,50],"damage_taken":[{"damage":1,"enemies":"2 Louse","floor":3,"turns":2},{"damage":1,"enemies":"Cultist","floor":4,"turns":3},{"damage":13,"enemies":"Small Slimes","floor":5,"turns":3},{"damage":8,"enemies":"Exordium Thugs","floor":9,"turns":4},{"damage":7,"enemies":"Blue Slaver","floor":10,"turns":3},{"damage":15,"enemies":"Gremlin Nob","floor":12,"turns":4},{"damage":0,"enemies":"Red Slaver","floor":15,"turns":2},{"damage":48,"enemies":"DF_ARCHETYPE_STREAMLINE","floor":16,"turns":9},{"damage":10,"enemies":"3 Byrds","floor":19,"turns":4},{"damage":10,"enemies":"Shell Parasite","floor":21,"turns":4},{"damage":2,"enemies":"downfall:FleeingMerchant","floor":22,"turns":4},{"damage":10,"enemies":"Sentry and Sphere","floor":25,"turns":4},{"damage":17,"enemies":"Centurion and Healer","floor":27,"turns":4},{"damage":14,"enemies":"Shelled Parasite and Fungi","floor":28,"turns":3},{"damage":8,"enemies":"Snake Plant","floor":31,"turns":3},{"damage":15,"enemies":"Centurion and Healer","floor":32,"turns":5},{"damage":40,"enemies":"SI_MIRROR_ARCHETYPE","floor":33,"turns":11},{"damage":3,"enemies":"Orb Walker","floor":36,"turns":2},{"damage":40,"enemies":"2 Orb Walkers","floor":37,"turns":3},{"damage":12,"enemies":"3 Darklings","floor":38,"turns":3},{"damage":10,"enemies":"downfall:FleeingMerchant","floor":39,"turns":4},{"damage":9,"enemies":"Giant Head","floor":40,"turns":5},{"damage":9,"enemies":"Jaw Worm Horde","floor":42,"turns":2},{"damage":0,"enemies":"downfall:FleeingMerchant","floor":43,"turns":3},{"damage":16,"enemies":"Maw","floor":44,"turns":4},{"damage":0,"enemies":"Sphere and 2 Shapes","floor":45,"turns":3},{"damage":18,"enemies":"Writhing Mass","floor":49,"turns":3},{"damage":3,"enemies":"WA_ARCHETYPE_DIVINITY","floor":50,"turns":5}],"seed_played":"-4639160146383980585","potions_obtained":[{"floor":3,"key":"Fruit Juice"},{"floor":12,"key":"SpeedPotion"},{"floor":15,"key":"Slimebound:SlimyTonguePotion"}],"is_trial":false,"path_per_floor":["R","?","M","M","M","?","T","R","M","M","?","E","?","?","M","B",null,"R","M","?","M","$","?","T","M","R","M","M","?","R","M","M","B",null,"R","M","?","M","$","E","T","M","$","M","M","?","?","?","M","B",null],"character_chosen":"SLIMEBOUND","items_purchased":["Slimebound:LevelUp","Centennial Puzzle","Strange Spoon"],"campfire_rested":0,"item_purchase_floors":[39,43,43],"current_hp_per_floor":[71,71,75,76,63,63,63,63,57,52,52,39,44,44,46,4,81,91,83,83,77,83,83,93,87,87,74,66,66,66,58,47,15,98,98,95,55,45,37,36,36,27,27,13,13,86,86,86,74,73],"gold":227,"neow_bonus":"TEN_PERCENT_HP_BONUS","is_daily":false,"chose_seed":false,"campfire_upgraded":6,"win_rate":0.0,"timestamp":1613244291,"path_taken":["R","?","M","M","M","?","T","R","?","M","?","E","?","?","M","BOSS","R","M","?","M","$","?","T","?","R","M","M","?","R","?","M","BOSS","R","M","?","M","$","E","T","M","$","M","M","?","?","?","M","BOSS"],"items_purchased_type":["Card","Relic","Relic"],"build_version":"2020-12-22","purchased_purges":2,"victory":true,"max_hp_per_floor":[71,71,76,76,76,76,76,76,76,76,76,76,81,81,81,81,81,91,91,91,91,88,88,98,98,98,98,98,98,98,98,98,98,98,98,98,98,98,98,98,98,98,98,98,98,86,86,86,92,92],"card_choices":[{"not_picked":["Slimebound:Nibble","Slimebound:GoopSpray"],"picked":"Slimebound:Recollect","floor":3},{"not_picked":["Slimebound:RainOfGoop","Slimebound:Chomp"],"picked":"Slimebound:Repurpose","floor":4},{"not_picked":["Slimebound:GoopTackle","Slimebound:Equalize"],"picked":"Slimebound:DisruptingSlam","floor":5},{"not_picked":["Slimebound:SamplingLick","Slimebound:HauntingLick"],"picked":"Slimebound:SlimeBarrage","floor":9},{"not_picked":["Slimebound:FormOfPuddle","Slimebound:SplitMire"],"picked":"Slimebound:SplitLeeching","floor":10},{"not_picked":["Slimebound:DisruptingSlam","Slimebound:MassFeed"],"picked":"Slimebound:Repurpose","floor":12},{"not_picked":["Slimebound:GrowthPunch","Slimebound:PressTheAttack","Slimebound:RollThrough"],"picked":"SKIP","floor":15},{"not_picked":["Slimebound:DuplicatedForm","Slimebound:Recycling"],"picked":"Slimebound:RallyTheTroops","floor":16},{"not_picked":["Slimebound:ForwardTackle","Slimebound:HauntingLick+1","Slimebound:LeechEnergy"],"picked":"SKIP","floor":19},{"not_picked":["Slimebound:SlimeBrawl","Slimebound:SamplingLick","Slimebound:RollThrough"],"picked":"SKIP","floor":21},{"not_picked":["Slimebound:RollThrough","Slimebound:LeechLife","Slimebound:GoopTackle+1"],"picked":"SKIP","floor":22},{"not_picked":["Slimebound:LivingWall","Slimebound:SlimeSpikes","Slimebound:GoopTackle"],"picked":"SKIP","floor":25},{"not_picked":["Slimebound:LivingWall","Slimebound:Prepare+1","Slimebound:DuplicatedForm"],"picked":"SKIP","floor":27},{"not_picked":["Slimebound:SplitBruiser","Slimebound:AcidTongue+1","Slimebound:Prepare"],"picked":"SKIP","floor":28},{"not_picked":["Slimebound:SplitAcid","Slimebound:LeechEnergy","Slimebound:SamplingLick"],"picked":"SKIP","floor":31},{"not_picked":["Slimebound:Repurpose","Slimebound:SpikyOuterGoop+1"],"picked":"Slimebound:LevelUp","floor":32},{"not_picked":["Slimebound:FinishingTackle+1","Slimebound:ItLooksTasty+1","Slimebound:SlimeBrawl"],"picked":"SKIP","floor":36},{"not_picked":["Slimebound:GoopTackle+1","Slimebound:SamplingLick","Slimebound:GoopSpray+1"],"picked":"SKIP","floor":38},{"not_picked":["Slimebound:Nibble","Slimebound:HauntingLick"],"picked":"Slimebound:SplitLeeching","floor":39},{"not_picked":["Slimebound:LeechingTouch","Slimebound:LeechLife"],"picked":"Slimebound:LeadByExample+1","floor":40},{"not_picked":["Slimebound:GoopSpray+1","Slimebound:DivideAndConquer+1","Slimebound:SlimeSpikes"],"picked":"SKIP","floor":42},{"not_picked":["Slimebound:RainOfGoop+1","Slimebound:GoopTackle","Slimebound:SplitMire"],"picked":"SKIP","floor":43},{"not_picked":["Slimebound:SpikyOuterGoop+1","Slimebound:SlimeSpikes+1","Slimebound:TongueLash+1"],"picked":"SKIP","floor":44},{"not_picked":["Slimebound:ForwardTackle+1","Slimebound:AcidTongue+1","Slimebound:ProtectTheBoss"],"picked":"SKIP","floor":45},{"not_picked":["expansioncontent:HyperBeam","expansioncontent:InvincibleStrength"],"picked":"expansioncontent:YouAreMine","floor":47},{"not_picked":["Slimebound:FormOfPuddle+1","Slimebound:Equalize+1"],"picked":"Slimebound:SplitBruiser+1","floor":49}],"player_experience":642039,"relics_obtained":[{"floor":12,"key":"Dream Catcher"},{"floor":24,"key":"Pear"},{"floor":37,"key":"Girya"},{"floor":40,"key":"Darkstone Periapt"},{"floor":41,"key":"Mercury Hourglass"}],"event_choices":[{"damage_healed":0,"gold_gain":0,"player_choice":"Donut","damage_taken":0,"max_hp_gain":5,"max_hp_loss":0,"event_name":"Big Fish","floor":13,"gold_loss":0},{"damage_healed":0,"gold_gain":0,"player_choice":"Forge","damage_taken":0,"max_hp_gain":0,"max_hp_loss":0,"event_name":"Accursed Blacksmith","floor":29,"gold_loss":0,"cards_upgraded":["Slimebound:DisruptingSlam"]},{"damage_healed":0,"gold_gain":0,"player_choice":"Fight","damage_taken":0,"max_hp_gain":0,"max_hp_loss":0,"event_name":"Mysterious Sphere","floor":37,"gold_loss":0}],"is_beta":false,"boss_relics":[{"not_picked":["Fusion Hammer","Calling Bell"],"picked":"Sozu"},{"not_picked":["Runic Dome","Busted Crown"],"picked":"Astrolabe"}],"items_purged_floors":[22,39],"is_endless":false,"potions_floor_spawned":[3,12,15,21,25,28,32,40,42,49],"ascension_level":2}}