{"host":"za9ilm1uiwmpmin1","time":1613236751,"event":{"mods":["AchievementEnabler","Act Like it!","BaseMod","Dota2Spire","Downfall","Friendly Minions","KomeijiMod","Lobotomy","LobotomyExtend","Minty Spire (QoL Compilation)","MostiFishMod","Reorder Act Four","RumiaBox-露米娅的神秘盒子","StSLib","TestMod","Waifu the Spire","[IsaacMod]以撒尖塔","【功能Mod】混沌之环修复补丁"],"gold_per_floor":[113,130,130,143,163,191,191,225,225,252,270,270,270,280,280,375,375,385,484,495,495,514,514,549,549,574,590,625,625,733,658,658,808,808,878,947,977,1066,1116,1164,1164,1246,1246,1322,817,905,980,409,409,433,433,433,286,286,384,474],"floor_reached":57,"language":"ZHS","playtime":2866,"items_purged":["champ:Strike","champ:Strike+1","champ:Defend","champ:Defend+1"],"score":2085,"play_id":"18a658ca-3ec7-4934-9973-4bdd4c01319d","local_time":"20210214011911","is_ascension_mode":true,"campfire_choices":[{"data":"champ:Execute","floor":7.0,"key":"SMITH"},{"data":"champ:Lariat","floor":12.0,"key":"SMITH"},{"data":"champ:CrownThrow","floor":15.0,"key":"SMITH"},{"data":"MostiFishMod:StoryBook","floor":23.0,"key":"SMITH"},{"data":"champ:ShieldThrow","floor":25.0,"key":"SMITH"},{"data":"champ:DefensiveShout","floor":29.0,"key":"SMITH"},{"data":"champ:CalledShot","floor":32.0,"key":"SMITH"},{"data":"champ:RapidStrikes","floor":41.0,"key":"SMITH"},{"floor":49.0,"key":"RECALL"},{"data":"champ:LastStand","floor":54.0,"key":"SMITH"}],"circlet_count":0,"master_deck":["champ:Defend+1","champ:Taunt+1","champ:CrownThrow+1","champ:Lariat+1","champ:LastStand+1","champ:RapidStrikes+1","MostiFishMod:StoryBook+1","champ:BerserkersShout+1","champ:ShieldThrow+1","champ:CalledShot+1","champ:DefensiveShout+1"],"relics":["DaveBox","HushsDoor","testmod-TestBox","testmod-Temperance","BelialBook","GuanYuAspect","RhineCircuit","SynthV:TestCard","LetterFromLob","Blood Vial","GuppysPaw","HornCleat","testmod-BatchProcessingSystem","champ:DefensiveTrainingManual","Kunai","Dota2Spire:ShadowBlade","SalivaCoin","Shuriken","Runic Dome","MagicDraw1","War Paint","Dota2Spire:EyeOfSkadi","Orichalcum","Lee\u0027s Waffle","Oddly Smooth Stone","testmod-EqualTreatment","testmod-Charity","Frozen Eye"],"acts_visited":["Exordium","TheCity","TheBeyond","TheEnding"],"potions_floor_usage":[56,56,56],"damage_taken":[{"damage":10.0,"enemies":"Cultist","floor":1.0,"turns":3.0},{"damage":10.0,"enemies":"2 Louse","floor":2.0,"turns":2.0},{"damage":10.0,"enemies":"Jaw Worm","floor":4.0,"turns":2.0},{"damage":20.0,"enemies":"Large Slime","floor":5.0,"turns":5.0},{"damage":10.0,"enemies":"3 Sentries","floor":6.0,"turns":4.0},{"damage":33.0,"enemies":"Gremlin Nob","floor":8.0,"turns":3.0},{"damage":42.0,"enemies":"Lagavulin","floor":10.0,"turns":7.0},{"damage":15.0,"enemies":"Exordium Wildlife","floor":11.0,"turns":4.0},{"damage":10.0,"enemies":"2 Fungi Beasts","floor":14.0,"turns":3.0},{"damage":20.0,"enemies":"Slime Boss","floor":16.0,"turns":6.0},{"damage":32.0,"enemies":"Chosen","floor":18.0,"turns":4.0},{"damage":20.0,"enemies":"2 Thieves","floor":20.0,"turns":3.0},{"damage":9.0,"enemies":"Snake Plant","floor":22.0,"turns":3.0},{"damage":21.0,"enemies":"Gremlin Leader","floor":24.0,"turns":3.0},{"damage":22.0,"enemies":"Cultist and Chosen","floor":27.0,"turns":3.0},{"damage":16.0,"enemies":"Book of Stabbing","floor":28.0,"turns":3.0},{"damage":55.0,"enemies":"Gremlin Leader","floor":30.0,"turns":2.0},{"damage":37.0,"enemies":"Collector","floor":33.0,"turns":2.0},{"damage":42.0,"enemies":"3 Darklings","floor":35.0,"turns":2.0},{"damage":33.0,"enemies":"Orb Walker","floor":36.0,"turns":2.0},{"damage":11.0,"enemies":"Spire Growth","floor":37.0,"turns":2.0},{"damage":20.0,"enemies":"4 Shapes","floor":39.0,"turns":5.0},{"damage":13.0,"enemies":"Reptomancer","floor":40.0,"turns":2.0},{"damage":42.0,"enemies":"Nemesis","floor":42.0,"turns":3.0},{"damage":31.0,"enemies":"Giant Head","floor":44.0,"turns":1.0},{"damage":50.0,"enemies":"3 Darklings","floor":46.0,"turns":2.0},{"damage":41.0,"enemies":"Maw","floor":47.0,"turns":1.0},{"damage":22.0,"enemies":"Time Eater","floor":50.0,"turns":2.0},{"damage":62.0,"enemies":"Shield and Spear","floor":55.0,"turns":1.0},{"damage":83,"enemies":"The Heart","floor":56,"turns":4}],"seed_played":"-8994143028034933303","potions_obtained":[{"floor":4.0,"key":"SkillPotion"},{"floor":5.0,"key":"testmod-TimePotion"},{"floor":10.0,"key":"FearPotion"},{"floor":18.0,"key":"BlessingOfTheForge"},{"floor":20.0,"key":"champ:UltimateStancePotion"},{"floor":39.0,"key":"Energy Potion"}],"is_trial":false,"path_per_floor":["M","M","?","M","M","E","R","E","T","E","M","R","?","M","R","B",null,"M","?","M","?","M","R","E","R","T","M","E","R","E","$","R","B",null,"M","M","M","?","M","E","R","E","T","E","$","M","M","$","R","B",null,null,"$","R","E","B",null],"character_chosen":"THE_CHAMP","items_purchased":["champ:RapidStrikes","MostiFishMod:StoryBook","Lee\u0027s Waffle","Oddly Smooth Stone","PowerPotion","Swift Potion","testmod-EqualTreatment","testmod-Charity","Frozen Eye"],"campfire_rested":0,"item_purchase_floors":[17,17,45,45,45,45,48,48,53],"current_hp_per_floor":[45,45,36,38,38,45,45,34,34,27,29,29,22,26,26,35,32,17,17,15,15,15,15,32,32,32,32,30,30,19,19,19,25,32,24,18,20,5,12,23,23,21,24,15,41,30,20,20,20,31,31,48,48,48,44,57],"gold":474,"neow_bonus":"BOSS_RELIC","is_daily":false,"chose_seed":false,"campfire_upgraded":9,"win_rate":0.0,"timestamp":1613236751,"path_taken":["M","M","?","M","M","E","R","E","T","E","M","R","?","M","R","BOSS","M","?","M","?","M","R","E","R","T","M","E","R","E","?","R","BOSS","M","M","M","?","M","E","R","E","T","E","$","M","M","$","R","BOSS","$","R","E","BOSS"],"items_purchased_type":["Card","Card","Relic","Relic","Potion","Potion","Relic","Relic","Relic"],"build_version":"2020-12-22","purchased_purges":4,"victory":true,"max_hp_per_floor":[45,45,45,45,45,45,45,45,45,45,45,45,45,45,45,45,32,32,32,32,32,32,32,32,32,32,32,32,32,32,32,32,32,32,32,32,32,32,32,32,32,32,37,37,44,44,44,44,44,48,48,48,48,48,61,76],"card_choices":[{"not_picked":["champ:PerfectedStrike","champ:IronFortress","champ:GutPunch"],"picked":"SKIP","floor":1.0},{"not_picked":["champ:PerfectedStrike","champ:IronFortress","champ:GutPunch"],"picked":"SKIP","floor":1.0},{"not_picked":["champ:EnGarde","champ:FocusedBerserking","champ:FancyFootwork","champ:EndlessRage","champ:Encircle"],"picked":"SKIP","floor":2.0},{"not_picked":["champ:ShieldSigil","champ:DefensiveShout","champ:PerfectedStrike","champ:Backstep"],"picked":"champ:CrownThrow","floor":4.0},{"not_picked":["champ:StanceDance","champ:PerfectedStrike","champ:AdrenalArmor","champ:TornadoPunch","champ:Backstep"],"picked":"SKIP","floor":5.0},{"not_picked":["champ:EnGarde","champ:Devastate","champ:ShieldSlam","champ:TornadoPunch","champ:StanceDance"],"picked":"SKIP","floor":6.0},{"not_picked":["champ:TornadoPunch","champ:ShieldSlam","champ:DeathBlow","champ:BerserkerStyle","champ:IronFortress"],"picked":"SKIP","floor":8.0},{"not_picked":["champ:ShieldSlam","champ:BerserkerStyle","champ:GutPunch","champ:DeathBlow","champ:AdrenalArmor"],"picked":"SKIP","floor":10.0},{"not_picked":["champ:ShieldSlam","champ:CrownThrow","champ:BerserkerStyle","champ:Endure"],"picked":"champ:Lariat","floor":11.0},{"not_picked":["champ:ShieldSigil","champ:BringItOn","champ:BerserkersShout","champ:PerfectedStrike","champ:SetATrap"],"picked":"SKIP","floor":14.0},{"not_picked":["champ:SwordThrow","champ:MurderStrike","champ:DancingMaster","champ:IgnorePain"],"picked":"champ:LastStand","floor":16.0},{"not_picked":["champ:EnGarde+1","champ:DefensiveShout+1","champ:SkillfulDodge","champ:FlashCut"],"picked":"champ:BerserkersShout+1","floor":18.0},{"not_picked":["champ:BerserkerStyle","champ:Circumvent","champ:AdrenalArmor","champ:FocusedBerserking","champ:PreciseThrust+1"],"picked":"SKIP","floor":20.0},{"not_picked":["champ:ViciousMockery","champ:Shatter","champ:Circumvent+1","champ:Improvising","champ:Backstep+1"],"picked":"SKIP","floor":22.0},{"not_picked":["champ:ArenaPreparation","champ:AdrenalArmor","champ:HeavySlash","champ:FanOfKnives"],"picked":"champ:ShieldThrow","floor":24.0},{"not_picked":["champ:FanOfKnives","champ:ShieldSigil","champ:CalledShot","champ:FalseCounter","champ:BerserkerStyle"],"picked":"SKIP","floor":27.0},{"not_picked":["champ:FanOfKnives","champ:ShieldSigil","champ:FalseCounter","champ:BerserkerStyle"],"picked":"champ:CalledShot","floor":27.0},{"not_picked":["champ:AdrenalArmor","champ:PerfectedStrike","champ:BladeFlurry","champ:EndlessRage"],"picked":"champ:DefensiveShout","floor":28.0},{"not_picked":["champ:PreciseThrust","champ:TornadoPunch","champ:SkillfulDodge","champ:EndlessRage","champ:ViciousMockery"],"picked":"SKIP","floor":30.0},{"not_picked":["champ:ShieldSigil","champ:EnGarde","champ:BringItOn","champ:FanOfKnives+1","champ:CrookedStrike"],"picked":"SKIP","floor":35.0},{"not_picked":["champ:BerserkersShout","champ:ShieldThrow","champ:Haymaker+1","champ:Lariat","champ:BladeFlurry"],"picked":"SKIP","floor":36.0},{"not_picked":["champ:StanceDance","champ:FlashCut+1","champ:FaceSlap+1","champ:SteelEdge","champ:EnGarde+1"],"picked":"SKIP","floor":37.0},{"not_picked":["champ:StanceDance","champ:EnragedBash","champ:Circumvent","champ:DeathBlow","champ:Shatter"],"picked":"SKIP","floor":39.0},{"not_picked":["champ:BerserkersShout+1","champ:Circumvent+1","champ:Duel","champ:Endure+1","champ:ShieldSigil"],"picked":"SKIP","floor":40.0},{"not_picked":["champ:DefensiveShout","champ:Duel","champ:TornadoPunch+1","champ:CrownThrow","champ:IronFortress+1"],"picked":"SKIP","floor":42.0},{"not_picked":["champ:Parry+1","champ:CalledShot","champ:IronFortress+1","champ:TripleStrike","champ:Lariat"],"picked":"SKIP","floor":44.0},{"not_picked":["champ:DefensiveStyle+1","champ:TornadoPunch","champ:EndlessRage","champ:Haymaker+1","champ:FocusedBerserking+1"],"picked":"SKIP","floor":46.0},{"not_picked":["champ:TornadoPunch","champ:BringItOn","champ:CalledShot+1","champ:AdrenalArmor","champ:GutPunch+1"],"picked":"SKIP","floor":47.0},{"not_picked":["champ:EnGarde+1","champ:FlashCut+1","champ:PerfectedStrike","champ:RapidStrikes+1","champ:BringItOn"],"picked":"SKIP","floor":55.0}],"player_experience":1135639,"relics_obtained":[{"floor":1.0,"key":"SynthV:TestCard"},{"floor":1.0,"key":"LetterFromLob"},{"floor":6.0,"key":"Blood Vial"},{"floor":8.0,"key":"GuppysPaw"},{"floor":10.0,"key":"HornCleat"},{"floor":24.0,"key":"Kunai"},{"floor":26.0,"key":"Dota2Spire:ShadowBlade"},{"floor":28.0,"key":"SalivaCoin"},{"floor":30.0,"key":"Shuriken"},{"floor":40.0,"key":"MagicDraw1"},{"floor":42.0,"key":"War Paint"},{"floor":43.0,"key":"Dota2Spire:EyeOfSkadi"},{"floor":44.0,"key":"Orichalcum"}],"event_choices":[{"damage_healed":0.0,"max_hp_gain":0.0,"max_hp_loss":0.0,"gold_gain":0.0,"event_name":"Shining Light","player_choice":"Entered Light","floor":3.0,"gold_loss":0.0,"damage_taken":9.0,"cards_upgraded":["champ:Taunt","champ:Strike"]},{"cards_removed":["champ:Strike"],"damage_healed":0.0,"max_hp_gain":0.0,"max_hp_loss":0.0,"gold_gain":0.0,"event_name":"Golden Wing","player_choice":"Card Removal","floor":13.0,"gold_loss":0.0,"damage_taken":7.0},{"damage_healed":0.0,"max_hp_gain":0.0,"max_hp_loss":0.0,"gold_gain":99.0,"event_name":"Nest","player_choice":"Stole From Cult","floor":19.0,"gold_loss":0.0,"damage_taken":0.0}],"is_beta":false,"boss_relics":[{"not_picked":["SlaversCollar","Empty Cage"],"picked":"testmod-BatchProcessingSystem"},{"not_picked":[]},{"not_picked":["testmod-GoldenSoul","Calling Bell"],"picked":"Runic Dome"},{"not_picked":[]}],"items_purged_floors":[17,31,45,48],"is_endless":false,"potions_floor_spawned":[4,5,10,18,20,22,36,39,42,46],"ascension_level":3}}