{"host":"5z7rhcocprldured","time":1613175733,"event":{"mods":["2.2 Compatiblity","AchievementEnabler","BaseMod","Best Route Mod","Better Altar","Better Match","Better Note","Better Sensory Stone","Better Skull","Better Third Choice","BetterRewards","Block Reminder","Colored Map","Colored Powertips","Emptier Cage","Googly Eyes","Hermit","Marisa????????","Minty Spire (QoL Compilation)","Permanent Neow","Potionbrewer","Rare Cards Sparkle","StSLib","Synergy Search","The Cursed","The Hierophant","The Runesmith","Unceasing Turn Reminder"],"gold_per_floor":[10,10,29,29,107,134,134,148,148,148,218,218,218,238,238,238,238],"floor_reached":16,"language":"ENG","playtime":451,"items_purged":[],"score":98,"play_id":"091fb88c-934c-44fb-9d33-68b137b2341f","local_time":"20210213002213","is_ascension_mode":false,"campfire_choices":[{"floor":7,"key":"REST"},{"data":"Eruption","floor":10,"key":"SMITH"},{"data":"Ragnarok","floor":12,"key":"SMITH"},{"data":"Study","floor":15,"key":"SMITH"}],"circlet_count":0,"master_deck":["Strike_P","Strike_P","Strike_P","Strike_P","Defend_P","Defend_P+1","Defend_P","Defend_P","Eruption+1","Vigilance+1","WindmillStrike+1","FlurryOfBlows","Ragnarok+1","ClearTheMind","Study+1","Adaptation"],"relics":["PureWater","Ginger","Mummified Hand","White Beast Statue","Meat on the Bone","Gremlin Horn","Pen Nib"],"acts_visited":["Exordium"],"potions_floor_usage":[8,11,11,16,16],"damage_taken":[{"damage":1,"enemies":"Jaw Worm","floor":1,"turns":3},{"damage":0,"enemies":"Cultist","floor":3,"turns":3},{"damage":18,"enemies":"Gremlin Nob","floor":6,"turns":4},{"damage":0,"enemies":"2 Louse","floor":8,"turns":2},{"damage":7,"enemies":"Lagavulin Event","floor":11,"turns":3},{"damage":0,"enemies":"2 Fungi Beasts","floor":14,"turns":2},{"damage":34,"enemies":"The Guardian","floor":16,"turns":5}],"seed_played":"-6825248422970209809","potions_obtained":[{"floor":3,"key":"potionbrewer:MidasPotion"},{"floor":6,"key":"SteroidPotion"},{"floor":8,"key":"Fruit Juice"},{"floor":11,"key":"DuplicationPotion"},{"floor":14,"key":"LiquidBronze"}],"is_trial":false,"path_per_floor":["M","?","M","$","T","E","R","M","T","R","?","R","?","M","R","B"],"character_chosen":"WATCHER","items_purchased":[],"campfire_rested":1,"item_purchase_floors":[],"current_hp_per_floor":[71,31,31,31,31,13,34,39,39,39,44,44,19,31,31,0,0],"gold":238,"neow_bonus":"ONE_RARE_RELIC","is_daily":false,"chose_seed":false,"campfire_upgraded":3,"win_rate":0.0,"timestamp":1613175733,"path_taken":["M","?","M","?","?","E","R","?","T","R","?","R","?","M","R","BOSS"],"items_purchased_type":[],"build_version":"2020-12-22","purchased_purges":0,"victory":false,"max_hp_per_floor":[72,72,72,72,72,72,72,77,77,77,77,77,77,77,77,77,77],"card_choices":[{"not_picked":["FlyingSleeves","Halt"],"picked":"WindmillStrike","floor":1},{"not_picked":["Evaluate","WaveOfTheHand"],"picked":"FlurryOfBlows","floor":3},{"not_picked":["EmptyFist","Collect"],"picked":"Ragnarok","floor":6},{"not_picked":["Conclude","Evaluate"],"picked":"ClearTheMind","floor":8},{"not_picked":["ClearTheMind","Fasting2"],"picked":"Study","floor":11},{"not_picked":["Nirvana","Prostrate"],"picked":"Adaptation","floor":14}],"player_experience":181905,"relics_obtained":[{"floor":5,"key":"Mummified Hand"},{"floor":6,"key":"White Beast Statue"},{"floor":9,"key":"Meat on the Bone"},{"floor":11,"key":"Gremlin Horn"}],"event_choices":[{"damage_healed":0,"gold_gain":0,"player_choice":"UP UP UP ","damage_taken":46,"relics_obtained":[],"max_hp_gain":0,"max_hp_loss":0,"event_name":"betterSkull:BetterSkull","floor":2,"gold_loss":0,"cards_upgraded":["Vigilance","WindmillStrike","Defend_P"]},{"damage_healed":0,"gold_gain":30,"player_choice":"Searched \u00273\u0027 times","damage_taken":0,"max_hp_gain":0,"max_hp_loss":0,"event_name":"Dead Adventurer","floor":11,"gold_loss":0},{"damage_healed":0,"gold_gain":1,"player_choice":"Relic ","damage_taken":25,"max_hp_gain":0,"max_hp_loss":0,"event_name":"betterThird:BetterScrap","floor":13,"gold_loss":0,"cards_obtained":["Carnage"]}],"is_beta":false,"boss_relics":[],"items_purged_floors":[],"is_endless":false,"potions_floor_spawned":[3,6,8,11,14],"killed_by":"The Guardian","ascension_level":0}}