{"host":"hnrafgucdht3qvsp","time":1613231145,"event":{"mods":["BaseMod","Bestiary","Colored Map","Downfall","Minty Spire (QoL Compilation)","Relic Stats","StSLib"],"gold_per_floor":[0,18,33,44,62,87,87,87,119,19,34,65,76,76,91,188,188,188,199,210,228,228,246,271,285,313,313,339,352,113,129,149,249,249,149,34,47,65,81,81,153,153,153,167,167,167,167],"floor_reached":45,"language":"ENG","playtime":2644,"items_purged":["Pain","Pride"],"score":585,"play_id":"b2017342-5087-4da1-906f-799f788c62e7","local_time":"20210213104545","is_ascension_mode":true,"campfire_choices":[{"data":"Slimebound:OozeBath","floor":1.0,"key":"SMITH"},{"floor":10.0,"key":"REST"},{"data":"Slimebound:MassRepurpose","floor":18,"key":"SMITH"},{"floor":35,"key":"RECALL"},{"data":"Slimebound:FirmFortitude","floor":40,"key":"SMITH"}],"circlet_count":0,"master_deck":["Slimebound:Tackle","Slimebound:Split","Slimebound:CorrosiveSpit","Slimebound:OozeBath+1","Slimebound:SplitAcid","Slimebound:SplitBruiser","Slimebound:LevelUp","Slimebound:ProtectTheBoss","Slimebound:FirmFortitude","Slimebound:SamplingLick","Slimebound:Equalize","Slimebound:MassRepurpose+1","Slimebound:OozeBath","Slimebound:ComboTackle","Slimebound:ProtectTheBoss","Slimebound:ItLooksTasty","Slimebound:RallyTheTroops","Slimebound:LeechingTouch","Slimebound:SlimeTap","Slimebound:SplitAcid+1","Slimebound:GoopSpray","Slimebound:SplitBruiser+1","Slimebound:SplitSpecialist","Slimebound:TagTeam","Slimebound:FirmFortitude+1","Slimebound:SlimeBarrage","Slimebound:SelfFormingGoo","Slimebound:SelfFormingGoo","Slimebound:SplitAcid","Slimebound:DivideAndConquer+1"],"relics":["Slimebound:AbsorbEndCombat","Bottled Lightning","White Beast Statue","WarpedTongs","Art of War","downfall:HeartBlessingGreen","Happy Flower","Pandora\u0027s Box","Centennial Puzzle","Turnip","Letter Opener","sneckomod:BlankCard","Velvet Choker","downfall:HeartBlessingBlue","Strange Spoon","Mummified Hand"],"acts_visited":["Exordium","TheCity","TheBeyond"],"potions_floor_usage":[21,21,25,26,33,33,44,44,45,45],"damage_taken":[{"damage":0.0,"enemies":"Cultist","floor":2.0,"turns":3.0},{"damage":10.0,"enemies":"2 Louse","floor":3.0,"turns":3.0},{"damage":1.0,"enemies":"Small Slimes","floor":4.0,"turns":3.0},{"damage":11.0,"enemies":"Blue Slaver","floor":5.0,"turns":3.0},{"damage":25.0,"enemies":"3 Sentries","floor":6.0,"turns":5.0},{"damage":16.0,"enemies":"Gremlin Nob","floor":9.0,"turns":5.0},{"damage":9.0,"enemies":"Gremlin Gang","floor":11.0,"turns":4.0},{"damage":7.0,"enemies":"Lagavulin","floor":12.0,"turns":5.0},{"damage":9.0,"enemies":"Lots of Slimes","floor":13.0,"turns":3.0},{"damage":3.0,"enemies":"Exordium Wildlife","floor":15.0,"turns":4.0},{"damage":20.0,"enemies":"SI_SHIV_ARCHETYPE","floor":16.0,"turns":7.0},{"damage":4,"enemies":"Spheric Guardian","floor":19,"turns":3},{"damage":27,"enemies":"3 Byrds","floor":20,"turns":3},{"damage":8,"enemies":"Snake Plant","floor":21,"turns":2},{"damage":18,"enemies":"Centurion and Healer","floor":23,"turns":4},{"damage":18,"enemies":"Chosen and Byrds","floor":25,"turns":4},{"damage":15,"enemies":"Gremlin Leader","floor":26,"turns":6},{"damage":13,"enemies":"Snake Plant","floor":29,"turns":3},{"damage":3,"enemies":"downfall:FleeingMerchant","floor":30,"turns":4},{"damage":3,"enemies":"Centurion and Healer","floor":31,"turns":2},{"damage":3,"enemies":"Cultist and Chosen","floor":32,"turns":3},{"damage":28,"enemies":"IC_MUSHROOM_ARCHETYPE","floor":33,"turns":4},{"damage":12,"enemies":"downfall:FleeingMerchant","floor":36,"turns":4},{"damage":22,"enemies":"Orb Walker","floor":37,"turns":3},{"damage":0,"enemies":"downfall:FleeingMerchant","floor":38,"turns":2},{"damage":35,"enemies":"3 Darklings","floor":39,"turns":3},{"damage":32,"enemies":"Jaw Worm Horde","floor":44,"turns":4},{"damage":10,"enemies":"Maw","floor":45,"turns":2}],"seed_played":"-3644625378940738467","potions_obtained":[{"floor":3.0,"key":"ColorlessPotion"},{"floor":6.0,"key":"SteroidPotion"},{"floor":9.0,"key":"LiquidBronze"},{"floor":11.0,"key":"Fire Potion"},{"floor":13.0,"key":"Slimebound:SlimyTonguePotion"},{"floor":16.0,"key":"Fire Potion"},{"floor":19,"key":"PowerPotion"},{"floor":20,"key":"DuplicationPotion"},{"floor":21,"key":"Block Potion"},{"floor":23,"key":"Strength Potion"},{"floor":25,"key":"GamblersBrew"},{"floor":26,"key":"bronze:BurnAndBuffPotion"},{"floor":31,"key":"Guardian:BlockOnCardUsePotion"},{"floor":33,"key":"SteroidPotion"},{"floor":36,"key":"Weak Potion"},{"floor":39,"key":"Guardian:BlockOnCardUsePotion"},{"floor":44,"key":"PowerPotion"}],"is_trial":false,"path_per_floor":["R","M","M","M","M","E","T","?","E","R","M","E","M","?","M","B",null,"R","M","M","M","?","M","T","M","E","?","T","M","$","M","M","B",null,"R","$","M","$","M","R","T","?","$","M","M"],"character_chosen":"SLIMEBOUND","items_purchased":["sneckomod:BlankCard","Slimebound:SelfFormingGoo","Slimebound:SplitAcid","Strange Spoon"],"campfire_rested":1,"item_purchase_floors":[30,38,38,38],"current_hp_per_floor":[65,65,57,60,53,28,28,28,18,37,30,29,20,25,24,20,70,70,70,57,61,61,51,51,45,50,50,50,41,54,53,66,52,70,80,70,62,64,29,29,29,21,21,1,0,0,0],"gold":167,"neow_bonus":"THREE_RARE_CARDS","is_daily":false,"chose_seed":false,"campfire_upgraded":3,"win_rate":0.0,"timestamp":1613231145,"path_taken":["R","M","M","M","M","E","T","?","E","R","M","E","?","?","M","BOSS","R","M","M","M","?","M","T","M","E","?","?","?","$","M","M","BOSS","R","$","M","?","M","R","T","?","$","?","M"],"items_purchased_type":["Relic","Card","Card","Relic"],"build_version":"2020-12-22","purchased_purges":2,"victory":false,"max_hp_per_floor":[65,65,65,65,65,65,65,65,65,65,65,65,65,70,70,70,70,70,70,70,70,70,70,70,70,70,70,70,70,70,70,70,70,70,80,80,80,80,80,80,80,80,80,80,80,80,80],"relic_stats":{"Strange Spoon":[10],"Centennial Puzzle":[33],"Happy Flower":[23],"counters":[28,95],"Mummified Hand":[3],"Pandora\u0027s Box":["Slimebound:OozeBath","Slimebound:ComboTackle","Slimebound:ProtectTheBoss","Slimebound:ItLooksTasty","Slimebound:RallyTheTroops","Slimebound:LeechingTouch","Slimebound:SlimeTap"],"Turnip":[5],"Art of War":[16],"Letter Opener":[154],"obtain_stats":[{"Happy Flower":12,"sneckomod:BlankCard":30,"Velvet Choker":34,"downfall:HeartBlessingGreen":10,"Letter Opener":27,"White Beast Statue":7,"WarpedTongs":8,"Strange Spoon":38,"Centennial Puzzle":24,"downfall:HeartBlessingBlue":35,"Mummified Hand":41,"Pandora\u0027s Box":17,"Turnip":26,"Slimebound:AbsorbEndCombat":0,"Art of War":9,"Bottled Lightning":6},{"Happy Flower":8,"sneckomod:BlankCard":19,"Velvet Choker":22,"downfall:HeartBlessingGreen":6,"Letter Opener":17,"White Beast Statue":5,"WarpedTongs":5,"Strange Spoon":25,"Centennial Puzzle":15,"downfall:HeartBlessingBlue":22,"Mummified Hand":26,"Pandora\u0027s Box":11,"Turnip":17,"Slimebound:AbsorbEndCombat":0,"Art of War":6,"Bottled Lightning":5},{"Happy Flower":29,"sneckomod:BlankCard":70,"Velvet Choker":79,"downfall:HeartBlessingGreen":20,"Letter Opener":63,"White Beast Statue":15,"WarpedTongs":15,"Strange Spoon":87,"Centennial Puzzle":53,"downfall:HeartBlessingBlue":79,"Mummified Hand":90,"Pandora\u0027s Box":41,"Turnip":63,"Slimebound:AbsorbEndCombat":0,"Art of War":20,"Bottled Lightning":15}],"WarpedTongs":[80]},"card_choices":[{"not_picked":["Slimebound:MassRepurpose","Slimebound:OneTwoCombo"],"picked":"Slimebound:OozeBath","floor":0.0},{"not_picked":["Slimebound:GoopTackle","Slimebound:Schlurp"],"picked":"Slimebound:SplitAcid","floor":2.0},{"not_picked":["Slimebound:Schlurp","Slimebound:GoopTackle"],"picked":"Slimebound:SplitBruiser","floor":3.0},{"not_picked":["Slimebound:HauntingLick","Slimebound:Schlurp","Slimebound:Recollect"],"picked":"SKIP","floor":4.0},{"not_picked":["Slimebound:FinishingTackle","Slimebound:MegaLick"],"picked":"Slimebound:LevelUp","floor":5.0},{"not_picked":["Slimebound:MegaLick","Slimebound:RollThrough"],"picked":"Slimebound:ProtectTheBoss","floor":6.0},{"not_picked":["Slimebound:Recollect","Slimebound:ProtectTheBoss"],"picked":"Slimebound:FirmFortitude","floor":9.0},{"not_picked":["Slimebound:Grow","Slimebound:ViciousTackle"],"picked":"Slimebound:SamplingLick","floor":11.0},{"not_picked":["Slimebound:Dissolve","Slimebound:PrepareCrush","Slimebound:Schlurp"],"picked":"SKIP","floor":12.0},{"not_picked":["Slimebound:SplitLeeching","Slimebound:GoopSpray"],"picked":"Slimebound:Equalize","floor":13.0},{"not_picked":["Slimebound:HauntingLick","Slimebound:SlimeBrawl","Slimebound:Schlurp"],"picked":"SKIP","floor":15.0},{"not_picked":["Slimebound:DouseInSlime","Slimebound:MassFeed"],"picked":"Slimebound:MassRepurpose","floor":16.0},{"not_picked":["Slimebound:Gluttony+1","Slimebound:FlameTackle"],"picked":"Slimebound:SplitAcid+1","floor":19},{"not_picked":["Slimebound:Recollect","Slimebound:HauntingLick+1"],"picked":"Slimebound:GoopSpray","floor":20},{"not_picked":["Slimebound:SpikyOuterGoop","Slimebound:ProtectTheBoss+1"],"picked":"Slimebound:SplitBruiser","floor":21},{"not_picked":["Slimebound:HauntingLick","Slimebound:GoopSpray","Slimebound:ProtectTheBoss"],"picked":"SKIP","floor":23},{"not_picked":["Slimebound:PressTheAttack","Slimebound:BestDefense","Slimebound:RejuvenatingLick"],"picked":"SKIP","floor":25},{"not_picked":["Slimebound:LivingWall","Slimebound:ComboTackle","Slimebound:DisruptingSlam+1"],"picked":"SKIP","floor":26},{"not_picked":["Slimebound:GoopSpray","Slimebound:ItLooksTasty","Slimebound:SlimeSpikes"],"picked":"SKIP","floor":29},{"not_picked":["Slimebound:SpikyOuterGoop+1","Slimebound:HungryTackle"],"picked":"Slimebound:TagTeam","floor":30},{"not_picked":["Slimebound:ItLooksTasty","Slimebound:SlimeSpikes","Slimebound:Schlurp"],"picked":"SKIP","floor":31},{"not_picked":["Slimebound:SplitLeeching+1","Slimebound:FlameTackle"],"picked":"Slimebound:LevelUp","floor":32},{"not_picked":["Slimebound:SlimeSlap","Slimebound:DouseInSlime"],"picked":"Slimebound:FirmFortitude","floor":33},{"not_picked":["Slimebound:RollThrough+1","Slimebound:LivingWall"],"picked":"Slimebound:SlimeBarrage","floor":36},{"not_picked":["Slimebound:HauntingLick","Slimebound:ComboTackle+1","Slimebound:LeechEnergy+1"],"picked":"SKIP","floor":37},{"not_picked":["Slimebound:SlimeSpikes","Slimebound:HauntingLick+1"],"picked":"Slimebound:SelfFormingGoo","floor":38},{"not_picked":["Slimebound:ItLooksTasty","Slimebound:SplitBruiser"],"picked":"Slimebound:DivideAndConquer+1","floor":39},{"not_picked":["Slimebound:HungryTackle","Slimebound:RollThrough+1","Slimebound:SplitBruiser"],"picked":"SKIP","floor":44}],"player_experience":644492,"relics_obtained":[{"floor":6.0,"key":"Bottled Lightning"},{"floor":7.0,"key":"White Beast Statue"},{"floor":9.0,"key":"Art of War"},{"floor":12.0,"key":"Happy Flower"},{"floor":24,"key":"Centennial Puzzle"},{"floor":26,"key":"Turnip"},{"floor":41,"key":"Mummified Hand"}],"event_choices":[{"damage_healed":0.0,"max_hp_gain":0.0,"max_hp_loss":0.0,"gold_gain":0.0,"event_name":"Accursed Blacksmith","player_choice":"Rummage","floor":8.0,"gold_loss":0.0,"damage_taken":0.0,"relics_obtained":["WarpedTongs"],"cards_obtained":["Pain"]},{"damage_healed":0.0,"max_hp_gain":5.0,"max_hp_loss":0.0,"gold_gain":0.0,"event_name":"Big Fish","player_choice":"Donut","floor":14.0,"gold_loss":0.0,"damage_taken":0.0},{"damage_healed":0,"gold_gain":0,"player_choice":"Read","damage_taken":0,"max_hp_gain":0,"max_hp_loss":0,"event_name":"The Library","floor":22,"gold_loss":0,"cards_obtained":["Slimebound:SplitSpecialist"]},{"damage_healed":0,"gold_gain":0,"player_choice":"Stole Relic","damage_taken":0,"relics_obtained":["Letter Opener"],"max_hp_gain":0,"max_hp_loss":0,"event_name":"Addict","floor":27,"gold_loss":0,"cards_obtained":["Pride"]}],"is_beta":false,"boss_relics":[{"not_picked":["Astrolabe","Philosopher\u0027s Stone"],"picked":"Pandora\u0027s Box"},{"not_picked":["Snecko Eye","Sozu"],"picked":"Velvet Choker"}],"items_purged_floors":[30,36],"is_endless":false,"potions_floor_spawned":[3,6,9,11,12,13,15,16,19,20,21,23,25,26,29,30,31,32,33,36,37,38,39,44],"killed_by":"Maw","ascension_level":2}}