{"host":"rmt60uil2jppa14k","time":1613222961,"event":{"mods":["AchievementEnabler","BaseMod","Better Third Choice","Colored Powertips","Downfall","Highlight Path","Minty Spire (QoL Compilation)","Quick Restart","Rare Cards Sparkle","Shop Mod","StSLib"],"gold_per_floor":[112,112,129,15,15,45,59,59,59,71,88,45,45,58,58,154,154,165,181,181,200,200,200],"floor_reached":22,"language":"ENG","playtime":902,"items_purged":[],"score":213,"play_id":"187eb829-7944-404a-92f1-57aa1fe2352d","local_time":"20210213132921","is_ascension_mode":false,"campfire_choices":[{"floor":8,"key":"REST"},{"floor":15,"key":"REST"}],"circlet_count":0,"master_deck":["Strike_R","Strike_R","Strike_R","Strike_R","Strike_R","Defend_R","Defend_R","Defend_R","Defend_R","Bash","Inflame","Purity","Feed","Sword Boomerang","Rampage","Rage","Perfected Strike","Wild Strike","Flex","Pommel Strike","Infernal Blade","Pummel","Armaments","Bludgeon","CurseOfTheBell","Whirlwind","Perfected Strike"],"relics":["Burning Blood","NeowsBlessing","Peace Pipe","Dream Catcher","Girya","betterThird:SlimedRelic","Calling Bell","Tiny Chest","Pocketwatch","Nloth\u0027s Gift"],"acts_visited":["Exordium","TheCity"],"potions_floor_usage":[16,16,19,22],"damage_taken":[{"damage":0,"enemies":"Small Slimes","floor":1,"turns":1},{"damage":0,"enemies":"Cultist","floor":3,"turns":1},{"damage":0,"enemies":"3 Sentries","floor":6,"turns":2},{"damage":10,"enemies":"2 Louse","floor":7,"turns":2},{"damage":4,"enemies":"Looter","floor":10,"turns":2},{"damage":15,"enemies":"Gremlin Gang","floor":11,"turns":5},{"damage":21,"enemies":"Red Slaver","floor":14,"turns":4},{"damage":61,"enemies":"The Guardian","floor":16,"turns":12},{"damage":2,"enemies":"Spheric Guardian","floor":18,"turns":3},{"damage":7,"enemies":"3 Byrds","floor":19,"turns":5},{"damage":67,"enemies":"Shelled Parasite and Fungi","floor":21,"turns":8},{"damage":25,"enemies":"Snecko","floor":22,"turns":3}],"seed_played":"-3720723196126355133","potions_obtained":[{"floor":1,"key":"BloodPotion"},{"floor":10,"key":"Ancient Potion"},{"floor":14,"key":"SkillPotion"},{"floor":18,"key":"PowerPotion"}],"is_trial":false,"path_per_floor":["M","?","M","$","T","E","M","R","T","M","M","?","$","M","R","B",null,"M","M","?","M","M"],"character_chosen":"IRONCLAD","items_purchased":["Rampage","Rage"],"campfire_rested":2,"item_purchase_floors":[4,4],"current_hp_per_floor":[80,80,80,80,80,83,79,83,83,83,77,66,66,51,76,38,86,86,85,85,24,0,0],"gold":200,"neow_bonus":"THREE_ENEMY_KILL","is_daily":false,"chose_seed":false,"campfire_upgraded":0,"win_rate":0.0,"timestamp":1613222961,"path_taken":["M","?","M","$","?","E","M","R","T","M","M","?","?","?","R","BOSS","M","M","?","?","M"],"items_purchased_type":["Card","Card"],"build_version":"2020-12-22","purchased_purges":0,"victory":false,"max_hp_per_floor":[80,80,80,80,80,83,83,83,83,83,86,86,86,86,86,86,86,86,86,86,86,86,86],"card_choices":[{"not_picked":["Pommel Strike","Dark Embrace"],"picked":"Inflame","floor":1},{"not_picked":["Rupture","Warcry"],"picked":"Sword Boomerang","floor":3},{"not_picked":["Intimidate","Feed"],"picked":"Perfected Strike","floor":6},{"not_picked":["Sword Boomerang","Disarm"],"picked":"Wild Strike","floor":7},{"not_picked":["Clash","Warcry"],"picked":"Flex","floor":8},{"not_picked":["Body Slam","Wild Strike"],"picked":"Pommel Strike","floor":10},{"not_picked":["Body Slam","Barricade"],"picked":"Infernal Blade","floor":11},{"not_picked":["Rampage","Warcry"],"picked":"Pummel","floor":14},{"not_picked":["Reckless Charge","Iron Wave"],"picked":"Armaments","floor":15},{"not_picked":["Exhume","Fiend Fire"],"picked":"Bludgeon","floor":16},{"not_picked":["Burning Pact","Armaments"],"picked":"Whirlwind","floor":18},{"not_picked":["Havoc+1","True Grit","Combust"],"picked":"SKIP","floor":19},{"not_picked":["Sever Soul","Bloodletting"],"picked":"Perfected Strike","floor":21}],"player_experience":170610,"relics_obtained":[{"floor":5,"key":"Peace Pipe"},{"floor":6,"key":"Dream Catcher"},{"floor":9,"key":"Girya"},{"floor":17,"key":"Tiny Chest"},{"floor":17,"key":"Matryoshka"},{"floor":17,"key":"Pocketwatch"}],"event_choices":[{"damage_healed":0,"gold_gain":0,"player_choice":"2 cards matched","damage_taken":0,"max_hp_gain":0,"max_hp_loss":0,"event_name":"Match and Keep!","floor":2,"gold_loss":0,"cards_obtained":["Purity","Feed"]},{"damage_healed":0,"gold_gain":0,"player_choice":"Slimed","damage_taken":11,"max_hp_gain":0,"max_hp_loss":0,"event_name":"betterThird:BetterGoop","floor":12,"gold_loss":43},{"damage_healed":0,"gold_gain":0,"player_choice":"Traded Relic","damage_taken":0,"relics_obtained":["Nloth\u0027s Gift"],"max_hp_gain":0,"max_hp_loss":0,"event_name":"N\u0027loth","floor":20,"relics_lost":["Matryoshka"],"gold_loss":0}],"is_beta":false,"boss_relics":[{"not_picked":["Fusion Hammer","Pandora\u0027s Box"],"picked":"Calling Bell"}],"items_purged_floors":[],"is_endless":false,"potions_floor_spawned":[1,10,14,16,18],"killed_by":"Snecko","ascension_level":0}}