{"host":"c5j8t0wyh2hvx9ju","time":1613255347,"event":{"mods":["Act Like it!","Astrologer","BaseMod","BetterRewards","Gensokyo","Minty Spire (QoL Compilation)","Prisma Mod","StSLib"],"gold_per_floor":[116,96,112,129,142,153,153,153,153,153,181,181,32,52,52,147,147,167,139,28,41,41,41],"floor_reached":22,"language":"JPN","playtime":1502,"items_purged":["Defend_P"],"score":348,"play_id":"0ec3eaf5-04c5-4844-a5d9-89328de25cfe","local_time":"20210214072907","is_ascension_mode":true,"campfire_choices":[{"data":"Eruption","floor":8,"key":"SMITH"},{"data":"Adaptation","floor":10,"key":"SMITH"},{"data":"TalkToTheHand","floor":12,"key":"SMITH"},{"data":"Blasphemy","floor":15,"key":"SMITH"}],"circlet_count":0,"master_deck":["Strike_P","Strike_P","Strike_P","Strike_P","Defend_P","Defend_P","Defend_P","Eruption+1","Vigilance","Adaptation+1","TalkToTheHand+1","CutThroughFate","InnerPeace","ThirdEye","Blasphemy+1","Scrawl","Worship+1","Halt+1","Conclude"],"relics":["PureWater","Meat on the Bone","Nunchaku","Girya","Lantern","Membership Card","Runic Pyramid","Akabeko"],"acts_visited":["Exordium","TheCity"],"potions_floor_usage":[7,14,16,16],"damage_taken":[{"damage":0,"enemies":"Cultist","floor":1,"turns":4},{"damage":1,"enemies":"2 Louse","floor":3,"turns":4},{"damage":9,"enemies":"Small Slimes","floor":4,"turns":4},{"damage":3,"enemies":"Exordium Wildlife","floor":5,"turns":4},{"damage":8,"enemies":"Looter","floor":6,"turns":5},{"damage":0,"enemies":"Lots of Slimes","floor":7,"turns":1},{"damage":17,"enemies":"Lagavulin","floor":11,"turns":8},{"damage":0,"enemies":"Gremlin Gang","floor":14,"turns":3},{"damage":39,"enemies":"Hexaghost","floor":16,"turns":15},{"damage":30,"enemies":"Spheric Guardian","floor":18,"turns":7},{"damage":14,"enemies":"2 Thieves","floor":19,"turns":5},{"damage":34,"enemies":"Cultist and Chosen","floor":21,"turns":6},{"damage":23,"enemies":"Snake Plant","floor":22,"turns":2}],"seed_played":"-3853878034894527032","potions_obtained":[{"floor":1,"key":"Strength Potion"},{"floor":2,"key":"SmokeBomb"},{"floor":4,"key":"ColorlessPotion"},{"floor":11,"key":"Block Potion"},{"floor":19,"key":"SpeedPotion"}],"is_trial":false,"path_per_floor":["M","?","M","M","M","M","M","R","T","R","E","R","$","M","R","B",null,"M","M","$","M","M"],"character_chosen":"WATCHER","items_purchased":["Meat on the Bone","Nunchaku","Membership Card","Akabeko"],"campfire_rested":0,"item_purchase_floors":[0,0,13,20],"current_hp_per_floor":[58,58,57,48,45,37,37,37,37,37,32,32,32,44,44,17,72,42,40,40,18,0,0],"gold":41,"neow_bonus":"","is_daily":false,"chose_seed":false,"campfire_upgraded":4,"win_rate":0.0,"timestamp":1613255347,"path_taken":["M","?","M","M","M","M","M","R","T","R","E","R","$","M","R","BOSS","M","M","?","M","M"],"items_purchased_type":["Relic","Relic","Relic","Relic"],"build_version":"2020-12-22","purchased_purges":1,"victory":false,"max_hp_per_floor":[72,72,72,72,72,72,72,72,72,72,72,72,72,72,72,72,72,72,72,72,72,72,72],"card_choices":[{"not_picked":["Prostrate","EmptyFist"],"picked":"Adaptation","floor":1},{"not_picked":["Crescendo","ForeignInfluence"],"picked":"TalkToTheHand","floor":3},{"not_picked":["EmptyFist","Evaluate"],"picked":"CutThroughFate","floor":4},{"not_picked":["Consecrate","Devotion"],"picked":"InnerPeace","floor":5},{"not_picked":["JustLucky","ClearTheMind"],"picked":"ThirdEye","floor":6},{"not_picked":["LikeWater","Swivel","Prostrate"],"picked":"SKIP","floor":11},{"not_picked":["PathToVictory","Crescendo"],"picked":"Blasphemy","floor":14},{"not_picked":["Vault","Blasphemy"],"picked":"Scrawl","floor":16},{"not_picked":["TalkToTheHand","CrushJoints"],"picked":"Worship+1","floor":18},{"not_picked":["DeceiveReality+1","CutThroughFate"],"picked":"Halt+1","floor":19},{"not_picked":["FlyingSleeves","Fasting2"],"picked":"Conclude","floor":21}],"player_experience":878185,"relics_obtained":[{"floor":9,"key":"Girya"},{"floor":11,"key":"Lantern"}],"event_choices":[{"damage_healed":0,"gold_gain":0,"player_choice":"Bought 1 Potion","damage_taken":0,"max_hp_gain":0,"max_hp_loss":0,"event_name":"The Woman in Blue","floor":2,"gold_loss":0}],"is_beta":false,"boss_relics":[{"not_picked":["Velvet Choker","HolyWater"],"picked":"Runic Pyramid"}],"items_purged_floors":[20],"is_endless":false,"potions_floor_spawned":[1,4,11,19],"killed_by":"Snake Plant","ascension_level":4}}