{"host":"jwpp8hxpigr0nknu","time":1613253603,"event":{"mods":["BaseMod","Colored Map","Colored Powertips","Downfall","Minty Spire (QoL Compilation)","Rare Cards Sparkle","Replay The Spire","Shop Mod","StSLib"],"gold_per_floor":[111,186,203,213,229,261,276,276,351,351,526,544,561,596,596,674,674,674,674],"floor_reached":18,"language":"ENG","playtime":1800,"items_purged":[],"score":396,"play_id":"727ca7b4-265c-4e3a-b41d-88c88238bb8c","local_time":"20210213160003","daily_mods":["Draft"],"is_ascension_mode":true,"campfire_choices":[{"data":"True Grit","floor":8.0,"key":"SMITH"},{"data":"Armaments","floor":10.0,"key":"SMITH"},{"data":"Dual Wield","floor":15,"key":"SMITH"}],"circlet_count":0,"master_deck":["AscendersBane","Infernal Blade","Second Wind","ReplayTheSpireMod:Strike From Hell","ReplayReversal","Thunderclap","Sever Soul","Havoc","Burning Pact","Feel No Pain","Heavy Blade","Armaments+1","Warcry","Iron Wave","Pummel","Sword Boomerang","ReplayTheSpireMod:Stacked","Dual Wield+1","True Grit+1","Hemokinesis","Defy Death","Doubt","Infernal Blade","Limit Break","Flex","Exhume","downfall:Icky","Amnesia","Injury"],"relics":["Burning Blood","Pen Nib","Question Card","Lizard Tail","Replay:Ancient Bell","Anchor","Quantum Egg","Peace Pipe"],"acts_visited":["Exordium","TheCity"],"potions_floor_usage":[16],"damage_taken":[{"damage":12.0,"enemies":"Small Slimes","floor":1.0,"turns":2.0},{"damage":7.0,"enemies":"Jaw Worm","floor":3.0,"turns":3.0},{"damage":1.0,"enemies":"Cultist","floor":4.0,"turns":3.0},{"damage":7.0,"enemies":"Blue Slaver","floor":5.0,"turns":2.0},{"damage":24.0,"enemies":"Replay:BlueRogue","floor":6.0,"turns":5.0},{"damage":0.0,"enemies":"Red Slaver","floor":7.0,"turns":1.0},{"damage":3.0,"enemies":"Lots of Slimes","floor":12.0,"turns":5.0},{"damage":6.0,"enemies":"Looter","floor":13.0,"turns":2.0},{"damage":22,"enemies":"3 Sentries","floor":14,"turns":9},{"damage":42,"enemies":"Fading Forest","floor":16,"turns":11},{"damage":0,"enemies":"2 Thieves","floor":18,"turns":1}],"seed_played":"517993609371279725","potions_obtained":[{"floor":1.0,"key":"FearPotion"},{"floor":3.0,"key":"SteroidPotion"},{"floor":4.0,"key":"PowerPotion"},{"floor":14,"key":"Flashbang"}],"is_trial":true,"path_per_floor":["M","?","M","M","M","E","M","R","T","R","?","M","M","E","R","B",null,"M"],"character_chosen":"IRONCLAD","items_purchased":[],"campfire_rested":0,"item_purchase_floors":[],"current_hp_per_floor":[62,51,50,55,54,36,42,42,42,42,42,45,45,29,29,43,67,67,67],"gold":674,"neow_bonus":"","is_daily":false,"chose_seed":true,"campfire_upgraded":3,"win_rate":0.0,"timestamp":1613253603,"path_taken":["M","?","M","M","M","E","M","R","T","R","?","M","M","E","R","BOSS","M"],"items_purchased_type":[],"build_version":"2020-12-22","purchased_purges":0,"victory":false,"max_hp_per_floor":[75,75,75,75,75,75,75,75,75,75,75,75,75,75,75,75,75,75,75],"card_choices":[{"not_picked":["Dropkick","Body Slam"],"picked":"Infernal Blade","floor":0.0},{"not_picked":["ReplayTheSpireMod:Muscle Training","Evolve"],"picked":"Second Wind","floor":0.0},{"not_picked":["Cleave","Combust"],"picked":"ReplayTheSpireMod:Strike From Hell","floor":0.0},{"not_picked":["Rage","Run Through"],"picked":"ReplayReversal","floor":0.0},{"not_picked":["Rampage","Battle Trance"],"picked":"Thunderclap","floor":0.0},{"not_picked":["ReplayReversal","Run Through"],"picked":"Sever Soul","floor":0.0},{"not_picked":["Thunderclap","Twin Strike"],"picked":"Havoc","floor":0.0},{"not_picked":["Armaments","Replay:Undeath\u0027s Touch"],"picked":"Burning Pact","floor":0.0},{"not_picked":["Havoc","Clothesline"],"picked":"Feel No Pain","floor":0.0},{"not_picked":["True Grit","Shrug It Off"],"picked":"Heavy Blade","floor":0.0},{"not_picked":["Entrench","Run Through"],"picked":"Armaments","floor":0.0},{"not_picked":["Intimidate","ReplayTheSpireMod:Limb From Limb"],"picked":"Warcry","floor":0.0},{"not_picked":["Whirlwind","ReplayTheSpireMod:Corrosion Curse"],"picked":"Iron Wave","floor":0.0},{"not_picked":["Dual Wield","Havoc"],"picked":"Pummel","floor":0.0},{"not_picked":["Abandon","ReplayTheSpireMod:Muscle Training"],"picked":"Sword Boomerang","floor":0.0},{"not_picked":["Battle Trance","Iron Wave"],"picked":"ReplayTheSpireMod:Stacked","floor":1.0},{"not_picked":["Perfected Strike","Clothesline"],"picked":"Dual Wield","floor":3.0},{"not_picked":["Twin Strike","Anger","Reckless Charge"],"picked":"SKIP","floor":4.0},{"not_picked":["Iron Wave","Cleave"],"picked":"True Grit","floor":5.0},{"not_picked":["Feel No Pain","Evolve"],"picked":"Hemokinesis","floor":6.0},{"not_picked":["Clothesline","Searing Blow"],"picked":"Defy Death","floor":7.0},{"not_picked":["Cleave","Anger","ReplayTheSpireMod:Strike From Hell"],"picked":"Infernal Blade","floor":12.0},{"not_picked":["Sword Boomerang","Perfected Strike","Entrench"],"picked":"Limit Break","floor":13.0},{"not_picked":["True Grit","Havoc","Rage"],"picked":"Flex","floor":14},{"not_picked":["Barricade","Demonic Infusion","Double Tap"],"picked":"Exhume","floor":16},{"not_picked":["Parasite","Languid","Spreading Infection"],"picked":"downfall:Icky","floor":17},{"not_picked":["Pain","Looming Evil","downfall:Bewildered"],"picked":"Amnesia","floor":17},{"not_picked":["Replay:Hysterical Blindness","Parasite","CommonCold"],"picked":"Injury","floor":17}],"player_experience":345666,"relics_obtained":[{"floor":6.0,"key":"Pen Nib"},{"floor":9.0,"key":"Question Card"},{"floor":14,"key":"Lizard Tail"}],"event_choices":[{"damage_healed":0.0,"max_hp_gain":0.0,"max_hp_loss":0.0,"gold_gain":75.0,"event_name":"World of Goop","player_choice":"Gather Gold","floor":2.0,"gold_loss":0.0,"damage_taken":11.0},{"damage_healed":0.0,"max_hp_gain":0.0,"max_hp_loss":0.0,"gold_gain":175.0,"event_name":"Liars Game","player_choice":"AGREE","floor":11.0,"gold_loss":0.0,"damage_taken":0.0,"cards_obtained":["Doubt"]}],"is_beta":false,"boss_relics":[{"not_picked":["Abe\u0027s Treasure","Painkiller Herb"],"picked":"Replay:Ancient Bell"},{"not_picked":["Centennial Puzzle","Blood Vial"],"picked":"Anchor"},{"not_picked":["The Courier","InkBottle"],"picked":"Quantum Egg"},{"not_picked":["hexamod:Sixitude","Counterbalance"],"picked":"Peace Pipe"}],"items_purged_floors":[],"is_endless":false,"potions_floor_spawned":[1,3,4,14],"killed_by":"2 Thieves","ascension_level":14}}