{"host":"bsgp9wgausrmthh2","time":1613229643,"event":{"mods":["AchievementEnabler","BaseMod","Colored Map","Minty Spire (QoL Compilation)","StSLib"],"gold_per_floor":[119,129,304,322,335,335,350,361,361,361,436,455,69,69,69,170,170,186,186,186,202,65,65,75,75,101,101,121,138,138,138,138,138,138],"floor_reached":33,"language":"ENG","playtime":2636,"items_purged":["Doubt"],"score":239,"play_id":"4f0b53e5-3869-42d8-9a20-fb4fae7ff1c9","local_time":"20210213102043","is_ascension_mode":false,"campfire_choices":[{"floor":6,"key":"RECALL"},{"data":"Crescendo","floor":10,"key":"SMITH"},{"floor":15,"key":"REST"},{"data":"DeusExMachina","floor":23,"key":"SMITH"},{"floor":25,"key":"REST"},{"floor":27,"key":"REST"},{"floor":30,"key":"REST"},{"floor":32,"key":"REST"}],"circlet_count":0,"master_deck":["Strike_P","Strike_P","Strike_P","Strike_P","Defend_P","Defend_P","Defend_P","Defend_P","Eruption","Vigilance","SashWhip","EmptyFist","Crescendo+1","FlurryOfBlows","Consecrate","Conclude","CarveReality","TalkToTheHand+1","Consecrate","BattleHymn","Corpse Explosion","Chaos+1","Crescendo+1","DeusExMachina+1","Prostrate+1","Cold Snap","Leap+1"],"relics":["PureWater","PrismaticShard","Smiling Mask","Runic Dome","Matryoshka","PreservedInsect","Centennial Puzzle"],"acts_visited":["Exordium","TheCity"],"potions_floor_usage":[],"damage_taken":[{"damage":7,"enemies":"Jaw Worm","floor":1,"turns":5},{"damage":0,"enemies":"2 Louse","floor":2,"turns":4},{"damage":0,"enemies":"Small Slimes","floor":4,"turns":2},{"damage":7,"enemies":"Gremlin Gang","floor":5,"turns":5},{"damage":2,"enemies":"2 Fungi Beasts","floor":7,"turns":3},{"damage":11,"enemies":"Exordium Wildlife","floor":8,"turns":3},{"damage":5,"enemies":"Exordium Thugs","floor":12,"turns":5},{"damage":48,"enemies":"The Guardian","floor":16,"turns":8},{"damage":5,"enemies":"Spheric Guardian","floor":18,"turns":3},{"damage":19,"enemies":"2 Thieves","floor":21,"turns":3},{"damage":42,"enemies":"Centurion and Healer","floor":24,"turns":3},{"damage":11,"enemies":"Snake Plant","floor":28,"turns":3},{"damage":13,"enemies":"Sentry and Sphere","floor":29,"turns":3},{"damage":93,"enemies":"Collector","floor":33,"turns":6}],"seed_played":"-1373030642720032030","potions_obtained":[{"floor":2,"key":"CultistPotion"},{"floor":8,"key":"DistilledChaos"},{"floor":12,"key":"Fire Potion"}],"is_trial":false,"path_per_floor":["M","M","?","M","M","R","M","M","T","R","?","M","$","?","R","B",null,"M","?","?","M","$","R","M","R","T","R","M","M","R","?","R","B"],"character_chosen":"WATCHER","items_purchased":["TalkToTheHand","PrismaticShard","Consecrate","BattleHymn","DeusExMachina"],"campfire_rested":5,"item_purchase_floors":[13,13,13,13,22],"current_hp_per_floor":[72,72,72,72,65,65,63,52,52,52,41,36,36,29,52,4,79,74,74,74,55,55,55,13,36,36,59,48,35,58,58,79,0,0],"gold":138,"neow_bonus":"TEN_PERCENT_HP_BONUS","is_daily":false,"chose_seed":false,"campfire_upgraded":2,"win_rate":0.0,"timestamp":1613229643,"path_taken":["M","M","?","M","M","R","M","M","T","R","?","M","$","?","R","BOSS","M","?","?","?","$","R","M","R","T","R","M","M","R","?","R","BOSS"],"items_purchased_type":["Card","Relic","Card","Card","Card"],"build_version":"2020-12-22","purchased_purges":1,"victory":false,"max_hp_per_floor":[79,79,79,79,79,79,79,79,79,79,79,79,79,79,79,79,79,79,79,79,79,79,79,79,79,79,79,79,79,79,79,79,79,79],"card_choices":[{"not_picked":["BowlingBash","FollowUp"],"picked":"SashWhip","floor":1},{"not_picked":["Halt","Indignation"],"picked":"EmptyFist","floor":2},{"not_picked":["Study","Prostrate"],"picked":"Crescendo","floor":4},{"not_picked":["EmptyBody","EmptyFist"],"picked":"FlurryOfBlows","floor":5},{"not_picked":["Halt","ForeignInfluence"],"picked":"Consecrate","floor":7},{"not_picked":["FearNoEvil","ThirdEye"],"picked":"Conclude","floor":8},{"not_picked":["ThirdEye","Weave"],"picked":"CarveReality","floor":12},{"not_picked":["Bludgeon","Amplify"],"picked":"Corpse Explosion","floor":16},{"not_picked":["Glacier","Jack Of All Trades"],"picked":"Chaos+1","floor":18},{"not_picked":["Go for the Eyes","Slice"],"picked":"Crescendo+1","floor":21},{"not_picked":["BowlingBash+1","Barrage"],"picked":"Prostrate+1","floor":24},{"not_picked":["Ball Lightning","FlyingSleeves+1"],"picked":"Cold Snap","floor":28},{"not_picked":["Dark Shackles+1","Sentinel"],"picked":"Leap+1","floor":29}],"player_experience":209888,"relics_obtained":[{"floor":26,"key":"PreservedInsect"},{"floor":26,"key":"Centennial Puzzle"}],"event_choices":[{"damage_healed":0,"gold_gain":175,"player_choice":"AGREE","damage_taken":0,"max_hp_gain":0,"max_hp_loss":0,"event_name":"Liars Game","floor":3,"gold_loss":0,"cards_obtained":["Doubt"]},{"damage_healed":0,"gold_gain":75,"player_choice":"Gather Gold","damage_taken":11,"max_hp_gain":0,"max_hp_loss":0,"event_name":"World of Goop","floor":11,"gold_loss":0},{"damage_healed":0,"gold_gain":0,"player_choice":"Success","damage_taken":7,"relics_obtained":["Smiling Mask"],"max_hp_gain":0,"max_hp_loss":0,"event_name":"Scrap Ooze","floor":14,"gold_loss":0},{"damage_healed":0,"gold_gain":0,"player_choice":"Opened","damage_taken":0,"relics_obtained":["Matryoshka"],"max_hp_gain":0,"max_hp_loss":0,"event_name":"The Mausoleum","floor":19,"gold_loss":0},{"damage_healed":0,"gold_gain":0,"player_choice":"Forge","damage_taken":0,"max_hp_gain":0,"max_hp_loss":0,"event_name":"Accursed Blacksmith","floor":20,"gold_loss":0,"cards_upgraded":["TalkToTheHand"]},{"damage_healed":0,"gold_gain":0,"player_choice":"Ignored","damage_taken":0,"max_hp_gain":0,"max_hp_loss":0,"event_name":"Ghosts","floor":31,"gold_loss":0}],"is_beta":false,"boss_relics":[{"not_picked":["SlaversCollar","SacredBark"],"picked":"Runic Dome"}],"items_purged_floors":[13],"is_endless":false,"potions_floor_spawned":[2,8,12,21,29],"killed_by":"Collector","ascension_level":0}}