{"host":"6dypmz777xraikqf","time":1613236363,"event":{"mods":["AchievementEnabler","BaseMod","BetterRewards","Colored Map","Colored Powertips","Downfall","Highlight Path","Hubris","Infinite Spire","Minty Spire (QoL Compilation)","Replay The Spire","StSLib"],"gold_per_floor":[111,111,125,125,149,183,203,203,257,257,271,288,8,23,23,101,101,111,127,127,127],"floor_reached":20,"language":"ENG","playtime":941,"items_purged":["Regret"],"score":299,"play_id":"d9fd0303-959b-463b-8ec6-4a425d52207b","local_time":"20210213171243","is_ascension_mode":true,"campfire_choices":[{"floor":8,"key":"REST"},{"data":"Barricade","floor":15,"key":"SMITH"}],"circlet_count":0,"master_deck":["AscendersBane","Defend_R","Defend_R","Defend_R","Defend_R","Bash","Hemokinesis","Seeing Red","infinitespire:OneForAll","Cleave","Barricade+1","Immolate","Power Through","Shrug It Off","Body Slam","Exhume","Bludgeon+1","ReplayTheSpireMod:Muscle Training+1","Run Through+1"],"relics":["Burning Blood","CultistMask","infinitespire:FocusingShard","Omamori","Ancient Tea Set","Replay:Rubber Ducky","ReplayFunnel","Astrolabe"],"acts_visited":["Exordium","TheCity"],"potions_floor_usage":[6,19,20],"damage_taken":[{"damage":2,"enemies":"2 Louse","floor":1,"turns":2},{"damage":8,"enemies":"Cultist","floor":3,"turns":3},{"damage":37,"enemies":"3 Sentries","floor":6,"turns":8},{"damage":4,"enemies":"Small Slimes","floor":7,"turns":3},{"damage":13,"enemies":"Exordium Wildlife","floor":11,"turns":4},{"damage":9,"enemies":"Exordium Thugs","floor":12,"turns":4},{"damage":12,"enemies":"2 Fungi Beasts","floor":14,"turns":3},{"damage":43,"enemies":"The Guardian","floor":16,"turns":14},{"damage":22,"enemies":"Shell Parasite","floor":18,"turns":6},{"damage":20,"enemies":"3 Byrds","floor":19,"turns":5},{"damage":40,"enemies":"Masked Bandits","floor":20,"turns":3}],"seed_played":"-1456327724026047802","potions_obtained":[{"floor":3,"key":"SkillPotion"},{"floor":14,"key":"Swift Potion"},{"floor":16,"key":"Weak Potion"},{"floor":18,"key":"AttackPotion"},{"floor":19,"key":"Ancient Potion"}],"is_trial":false,"path_per_floor":["M","?","M","?","T","E","M","R","T","?","M","M","$","M","R","B",null,"M","M","?"],"character_chosen":"IRONCLAD","items_purchased":["Shrug It Off","ReplayFunnel"],"campfire_rested":1,"item_purchase_floors":[13,13],"current_hp_per_floor":[72,72,70,70,70,39,41,63,63,63,56,53,53,47,47,10,59,43,29,0,0],"gold":127,"neow_bonus":"RANDOM_EVENT","is_daily":false,"chose_seed":false,"campfire_upgraded":1,"win_rate":0.0,"timestamp":1613236363,"path_taken":["M","?","?","?","?","E","?","R","T","?","M","M","?","M","R","BOSS","M","M","?"],"items_purchased_type":["Card","Relic"],"build_version":"2020-12-22","purchased_purges":1,"victory":false,"max_hp_per_floor":[75,75,75,75,75,75,75,75,75,75,75,75,75,75,75,75,75,75,75,75,75],"card_choices":[{"not_picked":["Heavy Blade","Run Through","Second Wind"],"picked":"SKIP","floor":1},{"not_picked":["Body Slam","Warcry"],"picked":"Seeing Red","floor":3},{"not_picked":["True Grit","ReplayTheSpireMod:Corrosion Curse"],"picked":"infinitespire:OneForAll","floor":6},{"not_picked":["Body Slam","Replay:Undeath\u0027s Touch"],"picked":"Cleave","floor":7},{"not_picked":["ReplayTheSpireMod:Stacked","True Grit"],"picked":"Immolate","floor":11},{"not_picked":["Cleave","Body Slam"],"picked":"Power Through","floor":12},{"not_picked":["ReplayTheSpireMod:Limb From Limb","Run Through"],"picked":"Body Slam","floor":14},{"not_picked":["Reaper","Fiend Fire"],"picked":"Exhume","floor":16},{"not_picked":["Hemokinesis","Havoc","Iron Wave"],"picked":"SKIP","floor":18},{"not_picked":["Clothesline","infinitespire:OneForAll","Cleave"],"picked":"SKIP","floor":19}],"player_experience":225695,"relics_obtained":[{"floor":5,"key":"Omamori"},{"floor":6,"key":"Ancient Tea Set"},{"floor":9,"key":"Replay:Rubber Ducky"}],"event_choices":[{"damage_healed":0,"gold_gain":0,"cards_transformed":["Strike_R"],"player_choice":"Change","damage_taken":0,"max_hp_gain":0,"max_hp_loss":0,"event_name":"Living Wall","floor":0,"gold_loss":0,"cards_obtained":["Hemokinesis"]},{"damage_healed":0,"gold_gain":0,"player_choice":"Trade","damage_taken":0,"relics_obtained":["CultistMask"],"max_hp_gain":0,"max_hp_loss":0,"event_name":"FaceTrader","floor":2,"gold_loss":0},{"damage_healed":0,"gold_gain":0,"player_choice":"Box","damage_taken":0,"relics_obtained":["infinitespire:FocusingShard"],"max_hp_gain":0,"max_hp_loss":0,"event_name":"Big Fish","floor":4,"gold_loss":0,"cards_obtained":["Regret"]},{"damage_healed":0,"gold_gain":0,"cards_transformed":["Strike_R"],"player_choice":"Transformed","damage_taken":0,"max_hp_gain":0,"max_hp_loss":0,"event_name":"Transmorgrifier","floor":10,"gold_loss":0,"cards_obtained":["Barricade"]},{"damage_healed":0,"gold_gain":0,"player_choice":"Fought Bandits","damage_taken":0,"max_hp_gain":0,"max_hp_loss":0,"event_name":"Masked Bandits","floor":20,"gold_loss":0}],"is_beta":false,"boss_relics":[{"not_picked":["Kintsugi","SacredBark"],"picked":"Astrolabe"}],"items_purged_floors":[13],"is_endless":false,"potions_floor_spawned":[3,14,16,18,19],"killed_by":"Masked Bandits","ascension_level":14}}