{"host":"ypzb5vvnu9f3ii1t","time":1613222090,"event":{"mods":["AchievementEnabler","BaseMod","Colored Map","DeckTracker","Keyboard Shortcuts","Minty Spire (QoL Compilation)","Permanent Neow","Quick Restart","SuperFastMode"],"gold_per_floor":[119,119,138,138,114,114,140,140,140,173,184,184,195,195,195,290,290,305,305,78,78,78],"floor_reached":21,"language":"KOR","playtime":384,"items_purged":["Strike_P"],"score":263,"play_id":"59b4479a-648f-44f8-b2de-ac24e172dce1","local_time":"20210213221450","is_ascension_mode":true,"campfire_choices":[{"data":"Eruption","floor":6.0,"key":"SMITH"},{"data":"PathToVictory","floor":8.0,"key":"SMITH"},{"floor":15.0,"key":"DIG"}],"circlet_count":0,"master_deck":["Strike_P","Strike_P","Strike_P","Defend_P","Defend_P","Defend_P","Defend_P","Eruption+1","Vigilance","PathToVictory+1","MentalFortress","PathToVictory","Vault"],"relics":["PureWater","NeowsBlessing","TungstenRod","Shovel","MealTicket","Bottled Tornado","Blue Candle","VioletLotus","TheAbacus"],"acts_visited":["Exordium","TheCity"],"potions_floor_usage":[],"damage_taken":[{"damage":0.0,"enemies":"Jaw Worm","floor":1.0,"turns":1.0},{"damage":0.0,"enemies":"2 Louse","floor":3.0,"turns":1.0},{"damage":0.0,"enemies":"Lagavulin","floor":7.0,"turns":1.0},{"damage":30.0,"enemies":"Gremlin Nob","floor":10.0,"turns":4.0},{"damage":0.0,"enemies":"Small Slimes","floor":11.0,"turns":2.0},{"damage":0.0,"enemies":"2 Fungi Beasts","floor":13.0,"turns":3.0},{"damage":11.0,"enemies":"Hexaghost","floor":16.0,"turns":8.0},{"damage":53.0,"enemies":"Spheric Guardian","floor":18.0,"turns":5.0},{"damage":0,"enemies":"3 Byrds","floor":21,"turns":1}],"seed_played":"-2568843937225026520","potions_obtained":[{"floor":7.0,"key":"Fire Potion"},{"floor":10.0,"key":"Block Potion"},{"floor":16.0,"key":"LiquidBronze"}],"is_trial":false,"path_per_floor":["M","?","M","?","$","R","E","R","T","E","M","T","M","$","R","B",null,"M","?","$","M"],"character_chosen":"WATCHER","items_purchased":["PathToVictory","TheAbacus"],"campfire_rested":0,"item_purchase_floors":[5,20],"current_hp_per_floor":[72,77,77,77,77,77,77,77,77,47,47,47,47,62,62,51,71,18,43,58,58,58],"gold":78,"neow_bonus":"THREE_ENEMY_KILL","is_daily":false,"chose_seed":false,"campfire_upgraded":2,"win_rate":0.0,"timestamp":1613222090,"path_taken":["M","?","M","?","$","R","E","R","T","E","M","?","M","$","R","BOSS","M","?","$","M"],"items_purchased_type":["Card","Relic"],"build_version":"2020-12-22","purchased_purges":1,"victory":false,"max_hp_per_floor":[72,77,77,77,77,77,77,77,77,77,77,77,77,77,77,77,77,77,77,77,77,77],"card_choices":[{"not_picked":["EmptyBody","Consecrate","ClearTheMind"],"picked":"SKIP","floor":1.0},{"not_picked":["EmptyFist","CarveReality","FlyingSleeves"],"picked":"SKIP","floor":3.0},{"not_picked":["CutThroughFate","Evaluate"],"picked":"MentalFortress","floor":7.0},{"not_picked":["CarveReality","Swivel"],"picked":"PathToVictory","floor":10.0},{"not_picked":["Nirvana","Weave","WheelKick"],"picked":"SKIP","floor":11.0},{"not_picked":["CrushJoints","EmptyFist","Prostrate"],"picked":"SKIP","floor":13.0},{"not_picked":["Blasphemy","Ragnarok"],"picked":"Vault","floor":16.0},{"not_picked":["ForeignInfluence","FlurryOfBlows","Fasting2"],"picked":"SKIP","floor":18.0}],"player_experience":210491,"relics_obtained":[{"floor":7.0,"key":"TungstenRod"},{"floor":9.0,"key":"Shovel"},{"floor":10.0,"key":"MealTicket"},{"floor":12.0,"key":"Bottled Tornado"},{"floor":15.0,"key":"Blue Candle"}],"event_choices":[{"damage_healed":0.0,"max_hp_gain":5.0,"max_hp_loss":0.0,"gold_gain":0.0,"event_name":"Big Fish","player_choice":"Donut","floor":2.0,"gold_loss":0.0,"damage_taken":0.0},{"damage_healed":0.0,"max_hp_gain":0.0,"max_hp_loss":0.0,"gold_gain":0.0,"event_name":"Shining Light","player_choice":"Ignored","floor":4.0,"gold_loss":0.0,"damage_taken":0.0},{"damage_healed":25,"gold_gain":0,"player_choice":"Heal","damage_taken":0,"max_hp_gain":0,"max_hp_loss":0,"event_name":"The Library","floor":19,"gold_loss":0}],"is_beta":false,"boss_relics":[{"not_picked":["Empty Cage","Philosopher\u0027s Stone"],"picked":"VioletLotus"}],"items_purged_floors":[20],"is_endless":false,"potions_floor_spawned":[7,10,16],"killed_by":"3 Byrds","ascension_level":5}}