{"host":"mz7jk4rsv9z8n2me","time":1613237495,"event":{"mods":["100% Spire Juice","AchievementEnabler","Aspiration","BaseMod","Bestiary","Better Synergies","Better Third Choice","Better-Laid Plans","Bossed Relics","Challenge The Spire","Colored Map","Colored Powertips","Conspire","DeckTracker","Defuse TimeMaze Blight","Energized Spire","Evolution","Hermit","Hubris","Humility","Minty Spire (QoL Compilation)","Permanent Neow","Quick Restart","Relic Stats","Reliquary","Replay The Spire","Robot Space Explorer","Smile Girya","Spicy Shops","StS++","StSLib","The Blue Laboratory","The Construct","The Dragon Tamer","The Servant 0.9.4","TheSwordswoman","Uncapped"],"gold_per_floor":[111,126,126,51,126,126,153,163,163,163,198,223,23,39,39,139,139,153,78,78,107,1,1,19,49,96,128,128,154,154,166,166,269,269,284,284,284,284,304,376,464,479,479,507,518,552,527,553,553,650,750,750],"floor_reached":51,"language":"ENG","playtime":2869,"items_purged":["hermit:HoleUp","hermit:Snipe","hermit:Ricochet+1"],"score":964,"play_id":"c260c26a-635a-403f-9f2f-2ff6c96b98a7","local_time":"20210213183135","daily_mods":["Draft","Vintage","Heirloom","DeadlyEvents","Elite Swarm","Lethality"],"is_ascension_mode":false,"campfire_choices":[{"data":"hermit:Quickdraw","floor":6,"key":"SMITH"},{"data":"hermit:Glare","floor":6,"key":"SMITH"},{"data":"hermit:Dive","floor":10,"key":"SMITH"},{"data":"hermit:Snipe","floor":10,"key":"SMITH"},{"floor":15,"key":"DIG"},{"data":"hermit:Determination","floor":23,"key":"SMITH"},{"data":"hermit:Headshot","floor":23,"key":"SMITH"},{"data":"hermit:Enervate","floor":28,"key":"SMITH"},{"data":"hermit:Glare","floor":28,"key":"SMITH"},{"floor":49,"key":"REST"}],"circlet_count":0,"master_deck":["hermit:GoldenBullet+1","hermit:Snipe+1","hermit:Headshot+1","hermit:Gestalt+1","hermit:Quickdraw+1","hermit:Glare+1","hermit:Snipe+1","hermit:Enervate+1","hermit:Ricochet+1","hermit:Dive+1","hermit:Glare+1","hermit:CursedWeapon+1","hermit:Determination+1","hermit:DeadOrAlive+1","hermit:FromBeyond+1"],"relics":["hermit:Momento","EVO:Axolotl","Replay:Arrowhead","Sundial","aspiration:HummingbirdHeart","Smiling Mask","Regal Pillow","StSpp:Monolith","PreservedInsect","BargainBundle","Anchor","Kunai","ReplayTheSpireMod:DimensionalGlitch","Potion Belt","construct:RocketBooster","reliquary:IridiumChain","aspiration:AnachronicSnailShell","aspiration:ArtOfWarUpgrade","ReplayTheSpireMod:Lightbulb","reliquary:BoilingFlask","Garlic","conspire:DeflatedDodgeball","reliquary:WeakTea","Replay:Multitool","Replay:Mystery Machine","reliquary:WeakTea","Blood Vial","reliquary:TuningFork","ReplayTheSpireMod:Shallot","reliquary:TatteredRug","hubris:SlimyHat","hubris:GlazedTorus","Replay:Wanted Poster"],"acts_visited":["Exordium","TheCity","TheBeyond","Exordium"],"potions_floor_usage":[],"damage_taken":[{"damage":0,"enemies":"Jaw Worm","floor":1,"turns":1},{"damage":0,"enemies":"Cultist","floor":2,"turns":2},{"damage":0,"enemies":"Lagavulin","floor":7,"turns":3},{"damage":0,"enemies":"2 Louse","floor":8,"turns":1},{"damage":0,"enemies":"Gremlin Nob","floor":11,"turns":2},{"damage":0,"enemies":"Lagavulin","floor":12,"turns":2},{"damage":0,"enemies":"Blue Slaver","floor":14,"turns":1},{"damage":13,"enemies":"Hexaghost","floor":16,"turns":4},{"damage":3,"enemies":"Spheric Guardian","floor":18,"turns":3},{"damage":3,"enemies":"conspire:Head Lice","floor":21,"turns":2},{"damage":7,"enemies":"3 Byrds","floor":24,"turns":3},{"damage":3,"enemies":"conspire:SneckoGhost","floor":25,"turns":2},{"damage":3,"enemies":"Book of Stabbing","floor":27,"turns":2},{"damage":0,"enemies":"Snake Plant","floor":29,"turns":2},{"damage":5,"enemies":"Centurion and Healer","floor":31,"turns":3},{"damage":10,"enemies":"hubris:MusketHawk","floor":33,"turns":4},{"damage":27,"enemies":"3 Shapes","floor":35,"turns":3},{"damage":6,"enemies":"Orb Walker","floor":39,"turns":1},{"damage":0,"enemies":"R_Hoarder","floor":40,"turns":4},{"damage":7,"enemies":"3 Darklings","floor":42,"turns":3},{"damage":5,"enemies":"Nemesis","floor":44,"turns":5},{"damage":3,"enemies":"Transient","floor":45,"turns":6},{"damage":6,"enemies":"Reptomancer","floor":46,"turns":1},{"damage":3,"enemies":"Giant Head","floor":48,"turns":3},{"damage":63,"enemies":"Replay:Hell Engine","floor":50,"turns":6}],"seed_played":"-3342550024254854677","potions_obtained":[{"floor":2,"key":"blueLaboratory:AbyssPotion"},{"floor":7,"key":"blueLaboratory:FrostheartPotion"},{"floor":12,"key":"DuplicationPotion"},{"floor":21,"key":"hermit:Eclipse"},{"floor":24,"key":"LiquidBronze"},{"floor":48,"key":"FairyPotion"},{"floor":50,"key":"blueLaboratory:RememoryPotion"}],"is_trial":true,"path_per_floor":["M","M","?","$","?","R","E","M","T","R","E","E","$","M","R_BF","B",null,"M","?","?","E","$","R","M","E","T","E","R","M","R","M","R","B",null,"M","$","?","?","M","E","R","M","T","E","M","E","$","E","R","B",null],"character_chosen":"HERMIT","items_purchased":["BargainBundle","hermit:CursedWeapon+1","hermit:Determination","reliquary:TatteredRug","hubris:SlimyHat"],"campfire_rested":1,"item_purchase_floors":[13,13,22,47,47],"current_hp_per_floor":[75,75,75,75,75,75,75,75,75,75,75,75,75,75,75,62,75,72,72,58,55,55,55,48,45,45,42,42,42,42,37,37,27,80,53,53,53,53,47,47,47,40,40,35,33,28,28,26,65,3,80,80],"gold":750,"neow_bonus":"","is_daily":false,"chose_seed":false,"campfire_upgraded":8,"win_rate":0.0,"timestamp":1613237495,"path_taken":["M","M","?","?","?","R","E","?","T","R","E","?","$","M","R_BF","BOSS","M","?","?","?","$","R","M","E","T","E","R","?","R","M","R","BOSS","M","$","?","?","M","E","R","M","T","E","?","E","$","?","R","BOSS"],"items_purchased_type":["Relic","Card","Card","Relic","Relic"],"build_version":"2020-12-22","purchased_purges":3,"victory":false,"max_hp_per_floor":[75,75,75,75,75,75,75,75,75,75,75,75,75,75,75,75,75,75,75,80,80,80,80,80,80,80,80,80,80,80,80,80,80,80,80,80,80,80,80,80,80,80,80,80,80,80,80,80,80,80,80,80],"relic_stats":{"Blood Vial":4,"Regal Pillow":15,"counters":[25,69],"Sundial":[12],"PreservedInsect":419,"Kunai":[23],"Smiling Mask":125,"obtain_stats":[{"Regal Pillow":9,"reliquary:BoilingFlask":29,"Replay:Multitool":40,"hubris:SlimyHat":47,"EVO:Axolotl":0,"Replay:Mystery Machine":42,"Smiling Mask":8,"Blood Vial":44,"Replay:Wanted Poster":51,"Sundial":1,"aspiration:AnachronicSnailShell":25,"aspiration:ArtOfWarUpgrade":32,"Kunai":15,"StSpp:Monolith":11,"hubris:GlazedTorus":48,"Potion Belt":18,"BargainBundle":13,"construct:RocketBooster":21,"PreservedInsect":12,"reliquary:TatteredRug":47,"aspiration:HummingbirdHeart":2,"reliquary:WeakTea":39,"Replay:Arrowhead":0,"reliquary:IridiumChain":24,"Anchor":14,"ReplayTheSpireMod:Shallot":46,"reliquary:SculptingSteel":43,"Art of War":26,"Garlic":31,"reliquary:TuningFork":45,"conspire:DeflatedDodgeball":35,"ReplayTheSpireMod:DimensionalGlitch":17,"ReplayTheSpireMod:Lightbulb":27,"hermit:Momento":0},{"Regal Pillow":4,"reliquary:BoilingFlask":14,"Replay:Multitool":19,"hubris:SlimyHat":23,"EVO:Axolotl":0,"Replay:Mystery Machine":20,"Smiling Mask":4,"Blood Vial":21,"Replay:Wanted Poster":25,"Sundial":1,"aspiration:AnachronicSnailShell":12,"aspiration:ArtOfWarUpgrade":15,"Kunai":7,"StSpp:Monolith":5,"hubris:GlazedTorus":24,"Potion Belt":9,"BargainBundle":6,"construct:RocketBooster":10,"PreservedInsect":6,"reliquary:TatteredRug":23,"aspiration:HummingbirdHeart":2,"reliquary:WeakTea":18,"Replay:Arrowhead":0,"reliquary:IridiumChain":11,"Anchor":7,"ReplayTheSpireMod:Shallot":23,"reliquary:SculptingSteel":20,"Art of War":12,"Garlic":15,"reliquary:TuningFork":22,"conspire:DeflatedDodgeball":17,"ReplayTheSpireMod:DimensionalGlitch":8,"ReplayTheSpireMod:Lightbulb":13,"hermit:Momento":0},{"Regal Pillow":7,"reliquary:BoilingFlask":30,"Replay:Multitool":45,"hubris:SlimyHat":60,"EVO:Axolotl":0,"Replay:Mystery Machine":48,"Smiling Mask":7,"Blood Vial":53,"Replay:Wanted Poster":69,"Sundial":1,"aspiration:AnachronicSnailShell":26,"aspiration:ArtOfWarUpgrade":33,"Kunai":12,"StSpp:Monolith":9,"hubris:GlazedTorus":63,"Potion Belt":19,"BargainBundle":11,"construct:RocketBooster":21,"PreservedInsect":11,"reliquary:TatteredRug":60,"aspiration:HummingbirdHeart":3,"reliquary:WeakTea":41,"Replay:Arrowhead":0,"reliquary:IridiumChain":24,"Anchor":12,"ReplayTheSpireMod:Shallot":60,"reliquary:SculptingSteel":48,"Art of War":26,"Garlic":33,"reliquary:TuningFork":59,"conspire:DeflatedDodgeball":40,"ReplayTheSpireMod:DimensionalGlitch":16,"ReplayTheSpireMod:Lightbulb":28,"hermit:Momento":0}]},"card_choices":[{"not_picked":["hermit:Vantage","hermit:SprayPray"],"picked":"hermit:GoldenBullet","floor":0},{"not_picked":["hermit:WideOpen","hermit:DeadMansHand"],"picked":"hermit:Snipe","floor":0},{"not_picked":["hermit:LuckOfTheDraw","hermit:Desperado"],"picked":"hermit:Ricochet","floor":0},{"not_picked":["hermit:HighCaliber","hermit:SprayPray"],"picked":"hermit:Headshot","floor":0},{"not_picked":["hermit:LowProfile","hermit:Vantage"],"picked":"hermit:Gestalt","floor":0},{"not_picked":["hermit:HoleUp","hermit:Glare"],"picked":"hermit:Quickdraw","floor":0},{"not_picked":["hermit:Roulette","hermit:CalledShot"],"picked":"hermit:HoleUp","floor":0},{"not_picked":["hermit:SprayPray","hermit:HoleUp"],"picked":"hermit:Glare","floor":0},{"not_picked":["hermit:Feint","hermit:GhostlyPresence"],"picked":"hermit:Snipe","floor":0},{"not_picked":["hermit:LowProfile","hermit:Midnight"],"picked":"hermit:Snipe","floor":0},{"not_picked":["hermit:ShadowCloak","hermit:Snipe"],"picked":"hermit:Enervate","floor":0},{"not_picked":["hermit:Glare","hermit:Feint"],"picked":"hermit:Ricochet","floor":0},{"not_picked":["hermit:SprayPray","hermit:Headshot"],"picked":"hermit:Dive","floor":0},{"not_picked":["hermit:Roulette","hermit:Misfire"],"picked":"hermit:Vantage","floor":0},{"not_picked":["hermit:Manifest","hermit:Headshot"],"picked":"hermit:Glare","floor":0},{"not_picked":["hermit:Adapt","hermit:Purgatory","hermit:HighNoon"],"picked":"SKIP","floor":7},{"not_picked":["hermit:OverwhelmingPower","hermit:Reprieve","hermit:Dissolve"],"picked":"SKIP","floor":11},{"not_picked":["hermit:FinalCanter","hermit:Adapt","hermit:EternalForm"],"picked":"SKIP","floor":12},{"not_picked":["hermit:FinalCanter","hermit:Adapt","hermit:EternalForm"],"picked":"SKIP","floor":12},{"not_picked":["hermit:Adapt","hermit:RoundhouseKick","hermit:Roughhouse"],"picked":"SKIP","floor":21},{"not_picked":["hermit:Adapt","hermit:RoundhouseKick","hermit:Roughhouse"],"picked":"SKIP","floor":21},{"not_picked":["hermit:Adapt","hermit:Roughhouse","hermit:Magnum"],"picked":"SKIP","floor":25},{"not_picked":["hermit:HeroicBravado","hermit:EternalForm"],"picked":"hermit:DeadOrAlive","floor":27},{"not_picked":["hermit:DeadOrAlive","hermit:HighNoon"],"picked":"hermit:FromBeyond","floor":33},{"not_picked":["hermit:Dissolve","hermit:FinalCanter","hermit:HighNoon"],"picked":"SKIP","floor":40},{"not_picked":["hermit:OverwhelmingPower","hermit:RoundhouseKick","hermit:HeroicBravado"],"picked":"SKIP","floor":44},{"not_picked":["hermit:RoundhouseKick","hermit:Magnum","hermit:DeadOrAlive"],"picked":"SKIP","floor":46},{"not_picked":["hermit:HeroicBravado","hermit:FinalCanter","hermit:HighNoon"],"picked":"SKIP","floor":48}],"player_experience":82712,"relics_obtained":[{"floor":1,"key":"Sundial"},{"floor":2,"key":"aspiration:HummingbirdHeart"},{"floor":8,"key":"Smiling Mask"},{"floor":9,"key":"Regal Pillow"},{"floor":11,"key":"StSpp:Monolith"},{"floor":12,"key":"PreservedInsect"},{"floor":14,"key":"Anchor"},{"floor":15,"key":"Kunai"},{"floor":18,"key":"Potion Belt"},{"floor":21,"key":"construct:RocketBooster"},{"floor":24,"key":"reliquary:IridiumChain"},{"floor":25,"key":"aspiration:AnachronicSnailShell"},{"floor":26,"key":"Art of War"},{"floor":27,"key":"ReplayTheSpireMod:Lightbulb"},{"floor":29,"key":"reliquary:BoilingFlask"},{"floor":31,"key":"Garlic"},{"floor":35,"key":"conspire:DeflatedDodgeball"},{"floor":39,"key":"reliquary:WeakTea"},{"floor":40,"key":"Replay:Multitool"},{"floor":42,"key":"Replay:Mystery Machine"},{"floor":43,"key":"reliquary:SculptingSteel"},{"floor":44,"key":"Blood Vial"},{"floor":45,"key":"reliquary:TuningFork"},{"floor":46,"key":"ReplayTheSpireMod:Shallot"},{"floor":48,"key":"hubris:GlazedTorus"}],"event_choices":[{"damage_healed":0,"gold_gain":0,"player_choice":"Upgraded","damage_taken":0,"max_hp_gain":0,"max_hp_loss":0,"event_name":"Upgrade Shrine","floor":3,"gold_loss":0,"cards_upgraded":["hermit:Gestalt"]},{"damage_healed":0,"gold_gain":75,"player_choice":"Gained Gold","damage_taken":0,"max_hp_gain":0,"max_hp_loss":0,"event_name":"Golden Wing","floor":5,"gold_loss":0},{"cards_removed":["hermit:Vantage"],"damage_healed":0,"gold_gain":0,"player_choice":"Gave Gold","damage_taken":0,"max_hp_gain":0,"max_hp_loss":0,"event_name":"Beggar","floor":19,"gold_loss":75},{"damage_healed":0,"gold_gain":0,"player_choice":"Shed Blood","damage_taken":19,"max_hp_gain":5,"max_hp_loss":0,"event_name":"Forgotten Altar","floor":20,"gold_loss":0},{"damage_healed":0,"gold_gain":0,"player_choice":"Memory 1","damage_taken":0,"max_hp_gain":0,"max_hp_loss":0,"event_name":"SensoryStone","floor":38,"gold_loss":0}],"is_beta":false,"boss_relics":[{"not_picked":["aspiration:WatcherSkillbook","Velvet Choker"],"picked":"ReplayTheSpireMod:DimensionalGlitch"},{"not_picked":["reliquary:KinkedSpring","Fusion Hammer","Cursed Key"]},{"not_picked":["aspiration:SilentSkillbook","hubris:RunicObelisk"],"picked":"Replay:Wanted Poster"}],"items_purged_floors":[4,13,47],"is_endless":true,"potions_floor_spawned":[2,7,12,21,24,25,31,44,45,46,48,50],"ascension_level":0,"is_humility":true}}