{"host":"6r762osam2bvfm66","time":1613177170,"event":{"mods":["BaseMod","Bestiary","Colored Map","Highlight Path","Minty Spire (QoL Compilation)","Relic Stats"],"gold_per_floor":[115,132,132,9,9,53,53,93,93,109,144,144,144,157,157,276,276,289,312,312,312],"floor_reached":20,"language":"ENG","playtime":3380,"items_purged":["Shame"],"score":290,"play_id":"2884b029-0560-4510-bfbd-a5ce0b30c9fb","local_time":"20210212184610","is_ascension_mode":true,"campfire_choices":[{"data":"BowlingBash","floor":7,"key":"SMITH"},{"data":"Meditate","floor":12,"key":"SMITH"},{"data":"MentalFortress","floor":15,"key":"SMITH"}],"circlet_count":0,"master_deck":["Strike_P","Strike_P","Strike_P","Defend_P","Defend_P","Defend_P","Defend_P+1","Eruption","Vigilance","Panache","FollowUp","BowlingBash+1","Conclude","EmptyFist+1","JustLucky","Meditate+1","Wireheading","MentalFortress+1","WheelKick","LessonLearned","FlurryOfBlows","InnerPeace"],"relics":["PureWater","Golden Idol","Question Card","The Courier","Ginger","Blood Vial","Fusion Hammer"],"acts_visited":["Exordium","TheCity"],"potions_floor_usage":[20],"damage_taken":[{"damage":8,"enemies":"Jaw Worm","floor":1,"turns":5},{"damage":1,"enemies":"2 Louse","floor":2,"turns":2},{"damage":0,"enemies":"Gremlin Nob","floor":6,"turns":2},{"damage":35,"enemies":"Lagavulin","floor":8,"turns":5},{"damage":0,"enemies":"Small Slimes","floor":10,"turns":2},{"damage":0,"enemies":"3 Sentries","floor":11,"turns":3},{"damage":1,"enemies":"Blue Slaver","floor":14,"turns":2},{"damage":38,"enemies":"Slime Boss","floor":16,"turns":7},{"damage":0,"enemies":"Spheric Guardian","floor":18,"turns":3},{"damage":38,"enemies":"2 Thieves","floor":19,"turns":4},{"damage":36,"enemies":"Snake Plant","floor":20,"turns":2}],"seed_played":"358207196434146582","potions_obtained":[{"floor":8,"key":"PowerPotion"},{"floor":11,"key":"CultistPotion"},{"floor":16,"key":"ColorlessPotion"}],"is_trial":false,"path_per_floor":["M","M","?","$","?","E","R","E","T","M","E","R","?","M","R","B",null,"M","M","M"],"character_chosen":"WATCHER","items_purchased":["EmptyFist"],"campfire_rested":0,"item_purchase_floors":[4],"current_hp_per_floor":[64,63,63,63,63,63,63,28,28,28,28,28,50,51,51,15,67,67,29,0,0],"gold":312,"neow_bonus":"RANDOM_COLORLESS_2","is_daily":false,"chose_seed":false,"campfire_upgraded":3,"win_rate":0.0,"timestamp":1613177170,"path_taken":["M","M","?","$","?","E","R","E","T","M","E","R","?","M","R","BOSS","M","M","M"],"items_purchased_type":["Card"],"build_version":"2020-12-22","purchased_purges":1,"victory":false,"max_hp_per_floor":[72,72,72,72,67,67,67,67,67,67,67,67,67,67,67,67,67,67,67,67,67],"relic_stats":{"Blood Vial":6,"counters":[11,37],"Golden Idol":62,"Ginger":[2],"Question Card":7,"obtain_stats":[{"Blood Vial":11,"Golden Idol":5,"The Courier":8,"Fusion Hammer":17,"Ginger":9,"PureWater":0,"Question Card":6},{"Blood Vial":6,"Golden Idol":2,"The Courier":4,"Fusion Hammer":8,"Ginger":4,"PureWater":0,"Question Card":3},{"Blood Vial":19,"Golden Idol":7,"The Courier":14,"Fusion Hammer":28,"Ginger":14,"PureWater":0,"Question Card":9}]},"card_choices":[{"not_picked":["Transmutation","Thinking Ahead"],"picked":"Panache","floor":0},{"not_picked":["Prostrate","LikeWater"],"picked":"FollowUp","floor":1},{"not_picked":["Weave","Worship"],"picked":"BowlingBash","floor":2},{"not_picked":["Pray","Study"],"picked":"JustLucky","floor":6},{"not_picked":["Halt","Indignation","SashWhip"],"picked":"Meditate","floor":8},{"not_picked":["BattleHymn","BowlingBash","ClearTheMind"],"picked":"Wireheading","floor":10},{"not_picked":["WreathOfFlame","EmptyBody","Protect"],"picked":"MentalFortress","floor":11},{"not_picked":["ThirdEye","CrushJoints","FollowUp"],"picked":"WheelKick","floor":14},{"not_picked":["Judgement","Alpha","SpiritShield"],"picked":"LessonLearned","floor":16},{"not_picked":["SignatureMove+1","Perseverance","BattleHymn"],"picked":"FlurryOfBlows","floor":18},{"not_picked":["FollowUp","CrushJoints","EmptyBody"],"picked":"InnerPeace","floor":19}],"player_experience":91050,"relics_obtained":[{"floor":6,"key":"Question Card"},{"floor":8,"key":"The Courier"},{"floor":9,"key":"Ginger"},{"floor":11,"key":"Blood Vial"}],"event_choices":[{"damage_healed":0,"gold_gain":0,"cards_transformed":["Strike_P"],"player_choice":"Change","damage_taken":0,"max_hp_gain":0,"max_hp_loss":0,"event_name":"Living Wall","floor":3,"gold_loss":0,"cards_obtained":["Conclude"]},{"damage_healed":0,"gold_gain":0,"player_choice":"Lose Max HP","damage_taken":0,"relics_obtained":["Golden Idol"],"max_hp_gain":0,"max_hp_loss":5,"event_name":"Golden Idol","floor":5,"gold_loss":0},{"damage_healed":22,"gold_gain":0,"player_choice":"Banana","damage_taken":0,"max_hp_gain":0,"max_hp_loss":0,"event_name":"Big Fish","floor":13,"gold_loss":0}],"is_beta":false,"boss_relics":[{"not_picked":["Ectoplasm","SlaversCollar"],"picked":"Fusion Hammer"}],"items_purged_floors":[4],"is_endless":false,"potions_floor_spawned":[8,11,16,18],"killed_by":"Snake Plant","ascension_level":4}}