{"host":"kg61lsvem4dxoat8","time":1613191976,"event":{"mods":["AchievementEnabler","BaseMod","Better Altar","Better Match","Better Sensory Stone","Better Skull","Block Reminder","Highlight Path","Minty Spire (QoL Compilation)","Quick Restart","Rare Cards Sparkle","Relic Sorter","Relic Stats","StSLib","Synergy Search","slay the spire mod where everything is the same but ironclad has a cowboy hat"],"gold_per_floor":[366,46,59,72,72,72,104,104,127,138,154,154,154],"floor_reached":12,"language":"ENG","playtime":318,"items_purged":["Regret"],"score":160,"play_id":"9c520450-185e-4c80-ab8a-71e9a75639ab","local_time":"20210213125256","is_ascension_mode":true,"campfire_choices":[{"data":"Noxious Fumes","floor":6,"key":"SMITH"},{"data":"Noxious Fumes","floor":8,"key":"SMITH"}],"circlet_count":0,"master_deck":["AscendersBane","Strike_G","Strike_G","Strike_G","Strike_G","Strike_G","Defend_G","Defend_G","Defend_G","Defend_G","Defend_G","Survivor","Neutralize","Noxious Fumes+1","Poisoned Stab","Deadly Poison","Noxious Fumes+1","Catalyst"],"relics":["Ring of the Snake","Anchor","Regal Pillow","Bag of Preparation"],"acts_visited":["Exordium"],"potions_floor_usage":[11,12],"damage_taken":[{"damage":6.0,"enemies":"Cultist","floor":1.0,"turns":6.0},{"damage":2,"enemies":"Small Slimes","floor":3,"turns":5},{"damage":0,"enemies":"2 Louse","floor":4,"turns":2},{"damage":37,"enemies":"3 Sentries","floor":7,"turns":9},{"damage":0,"enemies":"Large Slime","floor":10,"turns":5},{"damage":15,"enemies":"Lots of Slimes","floor":11,"turns":3},{"damage":10,"enemies":"Lagavulin","floor":12,"turns":2}],"seed_played":"-7237004594477427530","potions_obtained":[{"floor":3,"key":"Energy Potion"},{"floor":10,"key":"SteroidPotion"}],"is_trial":false,"path_per_floor":["M","$","M","M","?","R","E","R","T","M","M","E"],"character_chosen":"THE_SILENT","items_purchased":["Noxious Fumes","Anchor"],"campfire_rested":0,"item_purchase_floors":[2,2],"current_hp_per_floor":[53,53,51,51,56,56,19,19,19,19,4,0,0],"gold":154,"neow_bonus":"TWO_FIFTY_GOLD","is_daily":false,"chose_seed":false,"campfire_upgraded":2,"win_rate":0.0,"timestamp":1613191976,"path_taken":["M","$","M","M","?","R","E","R","T","M","M","E"],"items_purchased_type":["Card","Relic"],"build_version":"2020-12-22","purchased_purges":1,"victory":false,"max_hp_per_floor":[66,66,66,66,71,71,71,71,71,71,71,71,71],"relic_stats":{"Regal Pillow":0,"counters":[7,32],"Bag of Preparation":[6],"obtain_stats":[{"Anchor":2,"Regal Pillow":7,"Bag of Preparation":9,"Ring of the Snake":0},{"Anchor":1,"Regal Pillow":4,"Bag of Preparation":4,"Ring of the Snake":0},{"Anchor":6,"Regal Pillow":22,"Bag of Preparation":22,"Ring of the Snake":0}],"Ring of the Snake":[14]},"card_choices":[{"not_picked":["Poisoned Stab","Backflip","Deflect"],"picked":"SKIP","floor":1.0},{"not_picked":["Dagger Spray","Flechettes"],"picked":"Poisoned Stab","floor":3},{"not_picked":["Bane","Slice"],"picked":"Deadly Poison","floor":4},{"not_picked":["Underhanded Strike","Acrobatics"],"picked":"Noxious Fumes","floor":7},{"not_picked":["Well Laid Plans","Deflect"],"picked":"Catalyst","floor":10},{"not_picked":["Distraction","Quick Slash","Flying Knee"],"picked":"SKIP","floor":11}],"player_experience":1524663,"relics_obtained":[{"floor":7,"key":"Regal Pillow"},{"floor":9,"key":"Bag of Preparation"}],"event_choices":[{"damage_healed":0,"gold_gain":0,"player_choice":"Donut","damage_taken":0,"max_hp_gain":5,"max_hp_loss":0,"event_name":"Big Fish","floor":5,"gold_loss":0}],"is_beta":false,"boss_relics":[],"items_purged_floors":[2],"is_endless":false,"potions_floor_spawned":[3,10],"killed_by":"Lagavulin","ascension_level":20}}