{"host":"v4uyxn0vi5l8udd0","time":1613219576,"event":{"mods":["AchievementEnabler","BaseMod","Downfall","Minty Spire (QoL Compilation)","StSLib","The Cursed","The Servant 0.9.4"],"gold_per_floor":[99,119,119,137,137,137,137,152,169,169,169,202,219,235,252,347,347,247,247,261,75,91,76,76,76,105,105,118,132,32,17,27,27,27,27],"floor_reached":33,"language":"ENG","playtime":1501,"items_purged":["Parasite"],"score":319,"play_id":"150a5c2f-9225-4656-9482-edae90cc87c0","local_time":"20210213133256","is_ascension_mode":false,"campfire_choices":[{"data":"hexamod:Sear","floor":1,"key":"SMITH"},{"data":"hexamod:ExtraCrispy","floor":6,"key":"SMITH"},{"data":"hexamod:ForkedFlame","floor":18,"key":"SMITH"},{"floor":25,"key":"RECALL"},{"floor":27,"key":"REST"},{"floor":30,"key":"REST"}],"circlet_count":0,"master_deck":["hexamod:Strike","hexamod:Strike","hexamod:Strike","hexamod:Defend","hexamod:Defend","hexamod:Defend","hexamod:Defend","hexamod:Sear+1","hexamod:Float+1","hexamod:ExtraCrispy+1","hexamod:GhostflameBarrier","hexamod:ForkedFlame+1","hexamod:Incineration","hexamod:ThermalTransfer","hexamod:FastForward","hexamod:GhostOfSpirePresent","hexamod:ShieldOfDarkness+1","hexamod:EmpoweredFlame","hexamod:HeatMetal","hexamod:DynamicBlow","hexamod:AdvancingGuard+1","hexamod:HauntingEcho+1"],"relics":["hexamod:UnbrokenSoul","CaptainsWheel","downfall:HeartBlessingBlue","Art of War","MealTicket","hexamod:MatchstickCase","downfall:HeartBlessingRed"],"acts_visited":["Exordium","TheCity"],"potions_floor_usage":[13,16,21,33],"damage_taken":[{"damage":0,"enemies":"Cultist","floor":2,"turns":3},{"damage":7,"enemies":"2 Louse","floor":4,"turns":3},{"damage":0,"enemies":"Small Slimes","floor":8,"turns":3},{"damage":5,"enemies":"downfall:LooterAlt","floor":9,"turns":3},{"damage":4,"enemies":"Lagavulin","floor":12,"turns":5},{"damage":10,"enemies":"2 Fungi Beasts","floor":13,"turns":3},{"damage":0,"enemies":"Large Slime","floor":14,"turns":3},{"damage":2,"enemies":"3 Louse","floor":15,"turns":3},{"damage":0,"enemies":"SI_SHIV_ARCHETYPE","floor":16,"turns":7},{"damage":11,"enemies":"Shell Parasite","floor":20,"turns":3},{"damage":0,"enemies":"downfall:FleeingMerchant","floor":21,"turns":4},{"damage":0,"enemies":"Spheric Guardian","floor":22,"turns":5},{"damage":5,"enemies":"downfall:FleeingMerchant","floor":23,"turns":4},{"damage":49,"enemies":"Book of Stabbing","floor":26,"turns":6},{"damage":15,"enemies":"Centurion and Healer","floor":28,"turns":5},{"damage":21,"enemies":"Snake Plant","floor":29,"turns":5},{"damage":0,"enemies":"downfall:FleeingMerchant","floor":31,"turns":4},{"damage":10,"enemies":"Snecko","floor":32,"turns":5},{"damage":38,"enemies":"DF_ARCHETYPE_CLAW","floor":33,"turns":5}],"seed_played":"4438395457593676179","potions_obtained":[{"floor":4,"key":"BlessingOfTheForge"},{"floor":12,"key":"Weak Potion"},{"floor":13,"key":"FearPotion"},{"floor":15,"key":"SpeedPotion"},{"floor":22,"key":"Strength Potion"},{"floor":28,"key":"Fire Potion"}],"is_trial":false,"path_per_floor":["R","M","?","M","?","R","T","M","M","?","?","E","M","M","M","B",null,"R","?","M","$","M","$","T","R","E","R","M","M","R","$","M","B"],"character_chosen":"THE_SPIRIT","items_purchased":["hexamod:EmpoweredFlame","hexamod:HeatMetal"],"campfire_rested":2,"item_purchase_floors":[21,21],"current_hp_per_floor":[70,70,70,63,63,63,63,63,58,70,75,71,61,61,59,59,75,85,85,74,74,74,69,69,69,20,44,29,8,32,47,37,0,0,0],"gold":27,"neow_bonus":"UPGRADE_CARD","is_daily":false,"chose_seed":false,"campfire_upgraded":3,"win_rate":0.0,"timestamp":1613219576,"path_taken":["R","M","?","M","?","R","T","?","M","?","?","E","M","M","M","BOSS","R","?","M","$","M","$","T","R","E","R","M","M","R","$","M","BOSS"],"items_purchased_type":["Card","Card"],"build_version":"2020-12-22","purchased_purges":1,"victory":false,"max_hp_per_floor":[70,70,70,70,70,70,70,70,70,70,75,75,75,75,75,75,75,85,85,85,82,82,82,82,82,82,82,82,82,82,82,82,82,82,82],"card_choices":[{"not_picked":["hexamod:NightmareGuise","hexamod:HauntingEcho"],"picked":"hexamod:ExtraCrispy","floor":2},{"not_picked":["hexamod:GhostLash","hexamod:BurningTouch"],"picked":"hexamod:GhostflameBarrier","floor":4},{"not_picked":["hexamod:Hexaguard","hexamod:BacktrackSmack","hexamod:BurningTouch"],"picked":"SKIP","floor":8},{"not_picked":["hexamod:RetreatToShadows","hexamod:FlamesFromBeyond"],"picked":"hexamod:Incineration","floor":9},{"not_picked":["hexamod:InspiringFlames","hexamod:TurnItUp"],"picked":"hexamod:ThermalTransfer","floor":12},{"not_picked":["hexamod:SpectralAdrenaline","hexamod:HeatMetal","hexamod:PhantomFireball"],"picked":"SKIP","floor":13},{"not_picked":["hexamod:GhostLash","hexamod:StepThrough"],"picked":"hexamod:FastForward","floor":14},{"not_picked":["hexamod:Haunt","hexamod:GhostLash","hexamod:FastForward"],"picked":"SKIP","floor":15},{"not_picked":["hexamod:TimeOfNeed","hexamod:SixthSeal"],"picked":"hexamod:GhostOfSpirePresent","floor":16},{"not_picked":["hexamod:GhostLash+1","hexamod:Hexaguard"],"picked":"hexamod:ShieldOfDarkness+1","floor":20},{"not_picked":["hexamod:Haunt+1","hexamod:InspiringFlames","hexamod:RetreatToShadows+1"],"picked":"SKIP","floor":21},{"not_picked":["hexamod:BacktrackSmack","hexamod:SwordOfDarkness","hexamod:GhostOfSpirePast"],"picked":"SKIP","floor":22},{"not_picked":["hexamod:UnleashSpirits","hexamod:GhostLash+1"],"picked":"hexamod:DynamicBlow","floor":23},{"not_picked":["hexamod:ForkedFlame","hexamod:EtherealExpedition","hexamod:SkipABeat"],"picked":"SKIP","floor":26},{"not_picked":["hexamod:Firestarter","hexamod:Again"],"picked":"hexamod:AdvancingGuard+1","floor":28},{"not_picked":["hexamod:GhostflameBarrier","hexamod:FirstSeal","hexamod:BurningTouch"],"picked":"SKIP","floor":29},{"not_picked":["hexamod:FastForward+1","hexamod:PhantomFireball","hexamod:GhostflameBarrier"],"picked":"SKIP","floor":31},{"not_picked":["hexamod:BacktrackSmack","hexamod:ThermalTransfer"],"picked":"hexamod:HauntingEcho+1","floor":32}],"player_experience":693813,"relics_obtained":[{"floor":12,"key":"CaptainsWheel"},{"floor":24,"key":"MealTicket"},{"floor":26,"key":"hexamod:MatchstickCase"}],"event_choices":[{"damage_healed":17,"gold_gain":0,"player_choice":"Healed and dodged fight","damage_taken":0,"max_hp_gain":0,"max_hp_loss":0,"event_name":"Mushrooms","floor":10,"gold_loss":0,"cards_obtained":["Parasite"]},{"damage_healed":0,"gold_gain":0,"player_choice":"Donut","damage_taken":0,"max_hp_gain":5,"max_hp_loss":0,"event_name":"Big Fish","floor":11,"gold_loss":0}],"is_beta":false,"boss_relics":[{"not_picked":["SacredBark","Runic Dome"],"picked":"hexamod:UnbrokenSoul"}],"items_purged_floors":[21],"is_endless":false,"potions_floor_spawned":[4,12,13,15,22,28,32],"killed_by":"DF_ARCHETYPE_CLAW","ascension_level":0}}