{"host":"7yyoe0ei0fseceei","time":1613213137,"event":{"mods":["BaseMod","Colored Map","Highlight Path","Minty Spire (QoL Compilation)","Quick Restart"],"gold_per_floor":[119,119,136,411,425,460,460,471,471,485,485,555,555,606,606,680,680,694,23,38,16,34,34,59,59,59,77,77,77],"floor_reached":28,"language":"ENG","playtime":807,"items_purged":[],"score":476,"play_id":"9a8c7744-ca6d-417e-86b4-91bf14b366af","local_time":"20210213114537","is_ascension_mode":true,"campfire_choices":[{"floor":7,"key":"REST"},{"floor":13,"key":"REST"},{"floor":15,"key":"REST"},{"floor":23,"key":"REST"},{"floor":25,"key":"REST"}],"circlet_count":0,"master_deck":["AscendersBane","Strike_B","Strike_B","Strike_B","Strike_B","Defend_B","Defend_B","Defend_B","Zap","Dualcast","Static Discharge+1","Chaos","Conserve Battery","Double Energy","Storm","Reinforced Body","Buffer","Doom and Gloom","Barrage","Static Discharge","Leap+1"],"relics":["Cracked Core","NeowsBlessing","The Courier","CaptainsWheel","Gremlin Horn","Toy Ornithopter","Empty Cage","Membership Card","Ice Cream","Pear","Bottled Tornado","Mummified Hand","Eternal Feather","Ginger","Cables"],"acts_visited":["Exordium","TheCity"],"potions_floor_usage":[6,6,16,20,22],"damage_taken":[{"damage":0,"enemies":"Jaw Worm","floor":1,"turns":1},{"damage":0,"enemies":"Cultist","floor":3,"turns":1},{"damage":0,"enemies":"2 Louse","floor":5,"turns":1},{"damage":54,"enemies":"Gremlin Nob","floor":6,"turns":5},{"damage":24,"enemies":"Gremlin Gang","floor":8,"turns":4},{"damage":7,"enemies":"3 Louse","floor":10,"turns":4},{"damage":51,"enemies":"Hexaghost","floor":16,"turns":9},{"damage":41,"enemies":"Shell Parasite","floor":18,"turns":8},{"damage":6,"enemies":"Spheric Guardian","floor":20,"turns":6},{"damage":15,"enemies":"Snecko","floor":22,"turns":5},{"damage":30,"enemies":"Slavers","floor":24,"turns":3},{"damage":40,"enemies":"Chosen and Byrds","floor":27,"turns":5},{"damage":17,"enemies":"Sentry and Sphere","floor":28,"turns":4}],"seed_played":"4975353113667306319","potions_obtained":[{"floor":1,"key":"LiquidMemories"},{"floor":3,"key":"Weak Potion"},{"floor":10,"key":"Ancient Potion"},{"floor":18,"key":"SkillPotion"},{"floor":20,"key":"SteroidPotion"}],"is_trial":false,"path_per_floor":["M","?","M","?","M","E","R","M","T","M","?","T","R","T","R","B",null,"M","$","M","$","M","R","E","R","T","M","M"],"character_chosen":"DEFECT","items_purchased":["Membership Card","Ice Cream","Pear","Bottled Tornado","Mummified Hand","Eternal Feather","PowerPotion"],"campfire_rested":5,"item_purchase_floors":[19,19,19,19,19,19,21],"current_hp_per_floor":[64,71,71,71,71,17,38,14,14,7,7,7,28,28,49,3,54,13,23,22,22,12,48,18,54,54,14,0,0],"gold":77,"neow_bonus":"THREE_ENEMY_KILL","is_daily":false,"chose_seed":false,"campfire_upgraded":0,"win_rate":0.0,"timestamp":1613213137,"path_taken":["M","?","?","?","?","E","R","M","T","M","?","?","R","?","R","BOSS","M","?","M","$","M","R","E","R","T","?","M"],"items_purchased_type":["Relic","Relic","Relic","Relic","Relic","Relic","Potion"],"build_version":"2020-12-22","purchased_purges":0,"victory":false,"max_hp_per_floor":[71,71,71,71,71,71,71,71,71,71,71,71,71,71,71,71,71,71,81,81,81,81,81,81,81,81,81,81,81],"card_choices":[{"not_picked":["Coolheaded","Compile Driver"],"picked":"Static Discharge","floor":1},{"not_picked":["Sweeping Beam","Go for the Eyes"],"picked":"Chaos","floor":3},{"not_picked":["Go for the Eyes","Reprogram"],"picked":"Conserve Battery","floor":5},{"not_picked":["Streamline","Blizzard"],"picked":"Double Energy","floor":6},{"not_picked":["Turbo","Auto Shields"],"picked":"Storm","floor":8},{"not_picked":["Streamline","Coolheaded"],"picked":"Reinforced Body","floor":10},{"not_picked":["Seek","Thunder Strike"],"picked":"Buffer","floor":16},{"not_picked":["Recycle","Redo"],"picked":"Doom and Gloom","floor":18},{"not_picked":["Fusion","Reprogram"],"picked":"Barrage","floor":20},{"not_picked":["Turbo","Coolheaded"],"picked":"Static Discharge","floor":22},{"not_picked":["Aggregate","Cold Snap"],"picked":"Leap+1","floor":24},{"not_picked":["Consume","Compile Driver","Heatsinks"],"picked":"SKIP","floor":27}],"player_experience":915295,"relics_obtained":[{"floor":6,"key":"The Courier"},{"floor":9,"key":"CaptainsWheel"},{"floor":12,"key":"Gremlin Horn"},{"floor":14,"key":"Toy Ornithopter"},{"floor":24,"key":"Ginger"},{"floor":26,"key":"Cables"}],"event_choices":[{"damage_healed":7,"gold_gain":0,"player_choice":"Full Heal","damage_taken":0,"max_hp_gain":0,"max_hp_loss":0,"event_name":"Wheel of Change","floor":2,"gold_loss":0},{"damage_healed":0,"gold_gain":275,"player_choice":"Desecrate","damage_taken":0,"max_hp_gain":0,"max_hp_loss":0,"event_name":"Golden Shrine","floor":4,"gold_loss":0,"cards_obtained":["Regret"]},{"damage_healed":0,"gold_gain":0,"player_choice":"Grow","damage_taken":0,"max_hp_gain":0,"max_hp_loss":0,"event_name":"Living Wall","floor":11,"gold_loss":0,"cards_upgraded":["Static Discharge"]}],"is_beta":false,"boss_relics":[{"not_picked":["Ectoplasm","Philosopher\u0027s Stone"],"picked":"Empty Cage"}],"items_purged_floors":[],"is_endless":false,"potions_floor_spawned":[1,3,10,18,20],"killed_by":"Sentry and Sphere","ascension_level":20}}