{"host":"qp7xs8nuzfsyommi","time":1613179993,"event":{"mods":["2.2 Compatiblity","BaseMod","Colored Powertips","DeckTracker","Highlight Path","Minty Spire (QoL Compilation)","Permanent Neow","Quick Restart","StSLib"],"gold_per_floor":[119,199,212,212,226,226,238,264,264,279,304,304,319,30,30,108,108,121,35,49,49,66,66,100,100,125,125,141,169,169,169],"floor_reached":30,"language":"ENG","playtime":3107,"items_purged":[],"score":620,"play_id":"507e464b-b2c0-4466-9bd5-e70e0fd8e0a4","local_time":"20210212203313","is_ascension_mode":true,"campfire_choices":[{"data":"Sunder","floor":6.0,"key":"SMITH"},{"floor":12,"key":"REST"},{"data":"Auto Shields","floor":15,"key":"PURGE"},{"floor":23,"key":"REST"},{"floor":25,"key":"REST"},{"floor":27,"key":"REST"}],"circlet_count":0,"master_deck":["AscendersBane","Zap","Dualcast","Sunder+1","Aggregate","Loop","Conserve Battery","Double Energy","Core Surge","Darkness","Gash","Coolheaded","Gash","Buffer","Gash","Tempest","Loop","Conserve Battery","Electrodynamics","Hologram+1","Defragment","Leap","Hologram","Force Field","Heatsinks","Stack+1"],"relics":["Pandora\u0027s Box","Mummified Hand","Calipers","Peace Pipe","PreservedInsect","Black Star","MutagenicStrength","Akabeko","Turnip","Regal Pillow","Red Mask"],"acts_visited":["Exordium","TheCity"],"potions_floor_usage":[28,29,29],"damage_taken":[{"damage":10.0,"enemies":"Small Slimes","floor":1.0,"turns":3.0},{"damage":10.0,"enemies":"2 Louse","floor":3.0,"turns":3.0},{"damage":2.0,"enemies":"Jaw Worm","floor":5.0,"turns":3.0},{"damage":4.0,"enemies":"Exordium Thugs","floor":7.0,"turns":3.0},{"damage":11.0,"enemies":"Lagavulin","floor":8.0,"turns":4.0},{"damage":6.0,"enemies":"Exordium Wildlife","floor":10.0,"turns":5.0},{"damage":19,"enemies":"3 Sentries","floor":11,"turns":6},{"damage":0,"enemies":"Blue Slaver","floor":13,"turns":3},{"damage":0,"enemies":"Slime Boss","floor":16,"turns":6},{"damage":15,"enemies":"2 Thieves","floor":18,"turns":3},{"damage":19,"enemies":"Shell Parasite","floor":20,"turns":4},{"damage":25,"enemies":"Snake Plant","floor":22,"turns":3},{"damage":24,"enemies":"Book of Stabbing","floor":24,"turns":4},{"damage":14,"enemies":"Snecko","floor":28,"turns":6},{"damage":22,"enemies":"Masked Bandits","floor":29,"turns":4},{"damage":25,"enemies":"Gremlin Leader","floor":30,"turns":2}],"seed_played":"-5081406799558592358","potions_obtained":[{"floor":1.0,"key":"DuplicationPotion"},{"floor":8.0,"key":"Ancient Potion"},{"floor":10.0,"key":"Dexterity Potion"},{"floor":16,"key":"SteroidPotion"},{"floor":28,"key":"AttackPotion"}],"is_trial":false,"path_per_floor":["M","?","M","?","M","R","M","E","T","M","E","R","M","$","R","B",null,"M","$","M","?","M","R","E","R","T","R","M","?","E"],"character_chosen":"DEFECT","items_purchased":["PreservedInsect","Loop","Conserve Battery","Defragment"],"campfire_rested":4,"item_purchase_floors":[14,14,14,19],"current_hp_per_floor":[54,54,44,67,65,65,61,50,50,44,25,46,46,46,46,46,65,50,50,31,31,6,27,3,24,24,60,46,24,0,0],"gold":169,"neow_bonus":"BOSS_RELIC","is_daily":false,"chose_seed":false,"campfire_upgraded":1,"win_rate":0.0,"timestamp":1613179993,"path_taken":["M","?","M","?","M","R","M","E","T","M","E","R","M","?","R","BOSS","M","$","M","?","M","R","E","R","T","R","M","?","E"],"items_purchased_type":["Relic","Card","Card","Card"],"build_version":"2020-12-22","purchased_purges":0,"victory":false,"max_hp_per_floor":[71,71,71,71,71,71,71,71,71,71,71,71,71,71,71,71,71,71,71,71,71,71,71,71,71,71,71,71,71,71,71],"card_choices":[{"not_picked":["Stack","Rebound"],"picked":"Gash","floor":1.0},{"not_picked":["Force Field","Chaos"],"picked":"Coolheaded","floor":3.0},{"not_picked":["Loop","Rainbow"],"picked":"Gash","floor":5.0},{"not_picked":["Rebound","Barrage","Leap"],"picked":"SKIP","floor":7.0},{"not_picked":["Cold Snap","Conserve Battery","Barrage"],"picked":"SKIP","floor":8.0},{"not_picked":["Static Discharge","Cold Snap"],"picked":"Buffer","floor":10.0},{"not_picked":["Amplify","Stack"],"picked":"Gash","floor":11},{"not_picked":["Leap","Rip and Tear"],"picked":"Tempest","floor":13},{"not_picked":["Hyperbeam","Reboot"],"picked":"Electrodynamics","floor":16},{"not_picked":["Go for the Eyes","Undo"],"picked":"Hologram+1","floor":18},{"not_picked":["Fusion","Lockon"],"picked":"Leap","floor":20},{"not_picked":["Sweeping Beam","Cold Snap"],"picked":"Hologram","floor":22},{"not_picked":["Go for the Eyes","Steam Power"],"picked":"Force Field","floor":24},{"not_picked":["Sweeping Beam","Stack"],"picked":"Heatsinks","floor":28},{"not_picked":["Tempest+1","Conserve Battery"],"picked":"Stack+1","floor":29}],"player_experience":1891925,"relics_obtained":[{"floor":8.0,"key":"Mummified Hand"},{"floor":9.0,"key":"Calipers"},{"floor":11,"key":"Peace Pipe"},{"floor":24,"key":"Akabeko"},{"floor":24,"key":"Turnip"},{"floor":26,"key":"Regal Pillow"},{"floor":29,"key":"Red Mask"}],"event_choices":[{"damage_healed":0.0,"max_hp_gain":0.0,"max_hp_loss":0.0,"gold_gain":80.0,"event_name":"Golden Wing","player_choice":"Gained Gold","floor":2.0,"gold_loss":0.0,"damage_taken":0.0},{"damage_healed":23.0,"max_hp_gain":0.0,"max_hp_loss":0.0,"gold_gain":0.0,"event_name":"Big Fish","player_choice":"Banana","floor":4.0,"gold_loss":0.0,"damage_taken":0.0},{"damage_healed":0,"gold_gain":0,"player_choice":"Inject Mutagens","damage_taken":0,"relics_obtained":["MutagenicStrength"],"max_hp_gain":0,"max_hp_loss":0,"event_name":"Drug Dealer","floor":21,"gold_loss":0},{"damage_healed":0,"gold_gain":0,"player_choice":"Fought Bandits","damage_taken":0,"max_hp_gain":0,"max_hp_loss":0,"event_name":"Masked Bandits","floor":29,"gold_loss":0}],"is_beta":false,"boss_relics":[{"not_picked":["Fusion Hammer","Astrolabe"],"picked":"Black Star"}],"items_purged_floors":[],"is_endless":false,"potions_floor_spawned":[1,8,10,16,20,24,28],"killed_by":"Gremlin Leader","ascension_level":20}}