{"host":"f9ntswufr8mq3t4y","time":1613219119,"event":{"mods":["AchievementEnabler","BaseMod","Best Route Mod","Block Reminder","Colored Map","Colored Powertips","Curses Come First","DeckTracker","Displayed Cursed Tome","Highlight Path","Minty Spire (QoL Compilation)","Permanent Neow","Quick Restart","Slay-I","StSLib"],"gold_per_floor":[11,67,81,81,98,98,148,148,148,183,283,283,366,404,404,504,504,574,609,462,479,498,498,558,608,608,261,289,289,358,439,451,564,626,678,512,577,589,589,589],"floor_reached":39,"language":"ENG","playtime":2856,"items_purged":["Strike_R"],"score":667,"play_id":"c19855fd-60d0-48d0-adda-45edb9a936ea","local_time":"20210213152519","is_ascension_mode":true,"campfire_choices":[{"data":"HandOfGreed","floor":8.0,"key":"SMITH"},{"data":"Metallicize","floor":12.0,"key":"SMITH"},{"data":"Metallicize","floor":15.0,"key":"SMITH"},{"data":"Double Tap","floor":23.0,"key":"SMITH"},{"floor":29.0,"key":"REST"},{"data":"True Grit","floor":32.0,"key":"SMITH"}],"circlet_count":0,"master_deck":["Strike_R+1","Strike_R","Strike_R","Strike_R","Defend_R","Defend_R","Defend_R","Defend_R","Bash","HandOfGreed+1","Metallicize+1","Iron Wave","Rage","Metallicize+1","Uppercut+1","Uppercut+1","Double Tap+1","Clash+1","Metallicize","Metallicize","Iron Wave+1","Intimidate+1","Whirlwind+1","True Grit+1","Uppercut+1","Reaper+1","Iron Wave+1","Battle Trance+1","Apotheosis","Iron Wave+1","Infernal Blade"],"relics":["Burning Blood","Toy Ornithopter","Anchor","Molten Egg 2","Black Star","Mummified Hand","Bottled Tornado","Du-Vu Doll","Turnip","MealTicket","Gambling Chip","MawBank","Prayer Wheel","Tiny House"],"acts_visited":["Exordium","TheCity","TheBeyond"],"potions_floor_usage":[33,33,38],"damage_taken":[{"damage":1.0,"enemies":"Cultist","floor":1.0,"turns":3.0},{"damage":9.0,"enemies":"Small Slimes","floor":2.0,"turns":3.0},{"damage":9.0,"enemies":"Jaw Worm","floor":3.0,"turns":3.0},{"damage":0.0,"enemies":"Large Slime","floor":5.0,"turns":6.0},{"damage":29.0,"enemies":"Lagavulin","floor":7.0,"turns":8.0},{"damage":0.0,"enemies":"Blue Slaver","floor":10.0,"turns":5.0},{"damage":11.0,"enemies":"3 Sentries","floor":13.0,"turns":11.0},{"damage":0.0,"enemies":"Looter","floor":14.0,"turns":4.0},{"damage":23.0,"enemies":"Hexaghost","floor":16.0,"turns":11.0},{"damage":17.0,"enemies":"3 Byrds","floor":18.0,"turns":8.0},{"damage":12.0,"enemies":"Chosen","floor":19.0,"turns":5.0},{"damage":9.0,"enemies":"Snecko","floor":21.0,"turns":3.0},{"damage":18.0,"enemies":"Snake Plant","floor":22.0,"turns":7.0},{"damage":4.0,"enemies":"Cultist and Chosen","floor":24.0,"turns":9.0},{"damage":11.0,"enemies":"Book of Stabbing","floor":25.0,"turns":8.0},{"damage":22.0,"enemies":"Gremlin Leader","floor":28.0,"turns":7.0},{"damage":9.0,"enemies":"Shelled Parasite and Fungi","floor":30.0,"turns":9.0},{"damage":2.0,"enemies":"Slavers","floor":31.0,"turns":9.0},{"damage":34,"enemies":"Collector","floor":33,"turns":9},{"damage":21,"enemies":"3 Darklings","floor":35,"turns":7},{"damage":24,"enemies":"3 Shapes","floor":37,"turns":5},{"damage":37,"enemies":"Maw","floor":38,"turns":10},{"damage":62,"enemies":"2 Orb Walkers","floor":39,"turns":5}],"seed_played":"5875905592873008319","potions_obtained":[{"floor":2.0,"key":"BlessingOfTheForge"},{"floor":4.0,"key":"SpeedPotion"},{"floor":4.0,"key":"LiquidBronze"},{"floor":10.0,"key":"Energy Potion"},{"floor":16.0,"key":"Strength Potion"},{"floor":24.0,"key":"PowerPotion"},{"floor":25.0,"key":"CultistPotion"},{"floor":28.0,"key":"AttackPotion"},{"floor":34,"key":"AttackPotion"},{"floor":35,"key":"Strength Potion"}],"is_trial":false,"path_per_floor":["M","M","M","?","M","$","E","R","T","M","?","R","E","M","R","B",null,"M","M","$","M","M","R","M","E","T","$","E","R","M","E","R","B",null,"M","$","M","M","?"],"character_chosen":"IRONCLAD","items_purchased":["Metallicize","Turnip","True Grit","Apotheosis"],"campfire_rested":1,"item_purchase_floors":[20,27,27,36],"current_hp_per_floor":[77,74,71,71,77,77,54,54,54,60,60,60,55,61,61,49,72,61,55,55,57,45,45,47,42,42,42,31,55,52,61,61,43,76,78,85,67,41,0,0],"gold":589,"neow_bonus":"RANDOM_COLORLESS_2","is_daily":false,"chose_seed":false,"campfire_upgraded":5,"win_rate":0.0,"timestamp":1613219119,"path_taken":["M","M","M","?","M","?","E","R","T","M","?","R","E","M","R","BOSS","M","M","$","M","M","R","M","E","T","?","E","R","M","E","R","BOSS","M","$","M","M","?"],"items_purchased_type":["Card","Relic","Card","Card"],"build_version":"2020-12-22","purchased_purges":1,"victory":false,"max_hp_per_floor":[80,80,80,80,80,80,80,80,80,80,80,80,80,80,80,80,80,80,80,80,80,80,80,80,80,80,80,80,80,80,80,80,80,85,85,85,85,85,85,85],"card_choices":[{"not_picked":["Metamorphosis","Secret Technique"],"picked":"HandOfGreed","floor":0.0},{"not_picked":["Perfected Strike","Whirlwind"],"picked":"Metallicize","floor":1.0},{"not_picked":["Thunderclap","Clothesline"],"picked":"Iron Wave","floor":2.0},{"not_picked":["Burning Pact","Battle Trance"],"picked":"Rage","floor":3.0},{"not_picked":["True Grit","Rampage"],"picked":"Metallicize","floor":5.0},{"not_picked":["Second Wind","Twin Strike","Headbutt"],"picked":"SKIP","floor":7.0},{"not_picked":["Dual Wield","Barricade","Heavy Blade"],"picked":"SKIP","floor":10.0},{"not_picked":["Flex","Iron Wave+1"],"picked":"Uppercut+1","floor":13.0},{"not_picked":["Dual Wield","Carnage+1"],"picked":"Uppercut+1","floor":14.0},{"not_picked":["Offering","Brutality"],"picked":"Double Tap","floor":16.0},{"not_picked":["Second Wind+1","Armaments"],"picked":"Clash+1","floor":18.0},{"not_picked":["Heavy Blade+1","Rage"],"picked":"Metallicize","floor":19.0},{"not_picked":["Intimidate","Clothesline+1"],"picked":"Iron Wave+1","floor":21.0},{"not_picked":["Power Through+1","Spot Weakness","Dual Wield"],"picked":"SKIP","floor":22.0},{"not_picked":["Twin Strike+1","Feel No Pain+1"],"picked":"Intimidate+1","floor":24.0},{"not_picked":["Flame Barrier","Pommel Strike+1"],"picked":"Whirlwind+1","floor":25.0},{"not_picked":["Clothesline+1","Barricade"],"picked":"Uppercut+1","floor":28.0},{"not_picked":["Havoc+1","Iron Wave+1","Anger+1"],"picked":"SKIP","floor":30.0},{"not_picked":["Flex+1","Dark Embrace","Sword Boomerang+1"],"picked":"SKIP","floor":31.0},{"not_picked":["Limit Break","Fiend Fire+1"],"picked":"Reaper+1","floor":33},{"not_picked":["Blood for Blood+1","Hemokinesis+1"],"picked":"Iron Wave+1","floor":34},{"not_picked":["Perfected Strike+1","Rampage+1"],"picked":"Battle Trance+1","floor":35},{"not_picked":["Rampage+1","Hemokinesis+1","Searing Blow+1"],"picked":"SKIP","floor":35},{"not_picked":["Pommel Strike+1","Sword Boomerang+1"],"picked":"Iron Wave+1","floor":37},{"not_picked":["Sword Boomerang+1","Heavy Blade+1","Hemokinesis+1"],"picked":"SKIP","floor":37},{"not_picked":["Anger+1","Perfected Strike+1"],"picked":"Infernal Blade","floor":38},{"not_picked":["Perfected Strike+1","Dual Wield+1","Iron Wave+1"],"picked":"SKIP","floor":38}],"player_experience":431700,"relics_obtained":[{"floor":7.0,"key":"Toy Ornithopter"},{"floor":9.0,"key":"Anchor"},{"floor":13.0,"key":"Molten Egg 2"},{"floor":25.0,"key":"Mummified Hand"},{"floor":25.0,"key":"Bottled Tornado"},{"floor":26.0,"key":"Du-Vu Doll"},{"floor":28.0,"key":"MealTicket"},{"floor":28.0,"key":"Gambling Chip"},{"floor":31.0,"key":"MawBank"},{"floor":31.0,"key":"Prayer Wheel"}],"event_choices":[{"damage_healed":0.0,"max_hp_gain":0.0,"max_hp_loss":0.0,"gold_gain":0.0,"event_name":"Lab","player_choice":"Got Potions","floor":4.0,"gold_loss":0.0,"damage_taken":0.0},{"damage_healed":0.0,"max_hp_gain":0.0,"max_hp_loss":0.0,"gold_gain":100.0,"event_name":"Wheel of Change","player_choice":"Gold","floor":11.0,"gold_loss":0.0,"damage_taken":0.0},{"damage_healed":0,"gold_gain":0,"player_choice":"Fight","damage_taken":0,"max_hp_gain":0,"max_hp_loss":0,"event_name":"Mysterious Sphere","floor":39,"gold_loss":0}],"is_beta":false,"boss_relics":[{"not_picked":["Mark of Pain","Astrolabe"],"picked":"Black Star"},{"not_picked":["Fusion Hammer","Runic Cube"],"picked":"Tiny House"}],"items_purged_floors":[20],"is_endless":false,"potions_floor_spawned":[2,10,13,14,16,19,24,25,28,30,35],"killed_by":"2 Orb Walkers","ascension_level":6}}