{"host":"m4pe905ae9bldoe7","time":1613246231,"event":{"mods":["BaseMod","Bestiary","Block Reminder","Downfall","Minty Spire (QoL Compilation)","StSLib"],"gold_per_floor":[159,215,245,304,336,383,383,383,430,430,430,430],"floor_reached":11,"language":"ENG","playtime":386,"items_purged":[],"score":143,"play_id":"a33906b8-9180-4ae1-a910-a8c0ec2f5d58","local_time":"20210213205711","is_ascension_mode":true,"campfire_choices":[{"data":"HandOfGreed","floor":8,"key":"SMITH"}],"circlet_count":0,"master_deck":["AscendersBane","Strike_R","Strike_R","Strike_R+1","Strike_R","Strike_R+1","Defend_R","Defend_R","Defend_R","Defend_R","Bash","HandOfGreed+1","Iron Wave","Hemokinesis","Disarm","Heavy Blade","Thunderclap","Spot Weakness"],"relics":["Burning Blood","Mercury Hourglass"],"acts_visited":["Exordium"],"potions_floor_usage":[4,6],"damage_taken":[{"damage":4.0,"enemies":"Small Slimes","floor":1.0,"turns":5.0},{"damage":8.0,"enemies":"2 Louse","floor":2.0,"turns":5.0},{"damage":2.0,"enemies":"Cultist","floor":3.0,"turns":2.0},{"damage":12,"enemies":"Large Slime","floor":4,"turns":8},{"damage":13,"enemies":"Looter","floor":5,"turns":3},{"damage":51,"enemies":"Gremlin Nob","floor":6,"turns":5},{"damage":38,"enemies":"Lagavulin","floor":11,"turns":3}],"seed_played":"4741763037860571124","potions_obtained":[{"floor":1.0,"key":"BloodPotion"},{"floor":2.0,"key":"Block Potion"}],"is_trial":false,"path_per_floor":["M","M","M","M","M","E","?","R","T","?","E"],"character_chosen":"IRONCLAD","items_purchased":[],"campfire_rested":0,"item_purchase_floors":[],"current_hp_per_floor":[68,66,68,62,55,23,45,45,45,25,0,0],"gold":430,"neow_bonus":"RANDOM_COLORLESS_2","is_daily":false,"chose_seed":false,"campfire_upgraded":1,"win_rate":0.0,"timestamp":1613246231,"path_taken":["M","M","M","M","M","E","?","R","T","?","E"],"items_purchased_type":[],"build_version":"2020-12-22","purchased_purges":0,"victory":false,"max_hp_per_floor":[68,68,68,68,68,68,68,68,68,68,68,68],"card_choices":[{"not_picked":["Magnetism","Secret Technique"],"picked":"HandOfGreed","floor":0.0},{"not_picked":["Searing Blow","Dropkick"],"picked":"Iron Wave","floor":1.0},{"not_picked":["Perfected Strike","Infernal Blade"],"picked":"Hemokinesis","floor":2.0},{"not_picked":["Power Through","Clothesline"],"picked":"Disarm","floor":3.0},{"not_picked":["Clothesline","Perfected Strike"],"picked":"Heavy Blade","floor":4},{"not_picked":["Anger","Iron Wave"],"picked":"Thunderclap","floor":5},{"not_picked":["Ghostly Armor","Inflame"],"picked":"Spot Weakness","floor":6}],"player_experience":594660,"relics_obtained":[{"floor":6,"key":"Mercury Hourglass"}],"event_choices":[{"damage_healed":22,"gold_gain":0,"player_choice":"Banana","damage_taken":0,"max_hp_gain":0,"max_hp_loss":0,"event_name":"Big Fish","floor":7,"gold_loss":0},{"damage_healed":0,"gold_gain":0,"player_choice":"Entered Light","damage_taken":20,"max_hp_gain":0,"max_hp_loss":0,"event_name":"Shining Light","floor":10,"gold_loss":0,"cards_upgraded":["Strike_R","Strike_R"]}],"is_beta":false,"boss_relics":[],"items_purged_floors":[],"is_endless":false,"potions_floor_spawned":[1,2],"killed_by":"Lagavulin","ascension_level":18}}