{"host":"0unxf5n5bucfuoy7","time":1613189519,"event":{"mods":["Act Like it!","Aspiration","Astrologer","BaseMod","Better Altar","Better Match","Better Note","Better Sensory Stone","Better Third Choice","Better Vampires","Conspire","DeckTracker","Downfall","Elementarium","Friendly Minions","GifTheSpireLib","Hallownest","Hubris","Minty Spire (QoL Compilation)","Permanent Neow","Potionbrewer","Quick Restart","Random Character Button","Replay The Spire","Spikes Relics","StSLib","The Bug Knight","The Death Knight","The Exalted","The Hierophant","The Spell Scribe","Transform Curses","Virulent Crown","Wandering Minibosses"],"gold_per_floor":[19,19,31,56,56,56,16,36,60,71,83,93,125,145,145,245,345,359,314,314,330,347,347,347,358,383,383,383],"floor_reached":27,"language":"ENG","playtime":2369,"items_purged":[],"score":227,"play_id":"b80eb7fa-3a34-4bfd-8701-d5b1f8717ec1","local_time":"20210212231159","is_ascension_mode":false,"campfire_choices":[{"data":"HollowMod:FocusHealStart","floor":6.0,"key":"SMITH"},{"floor":15.0,"key":"REST"},{"floor":23.0,"key":"REST"}],"circlet_count":0,"master_deck":["HollowMod:NailStrikeStart","HollowMod:NailStrikeStart","HollowMod:NailStrikeStart","HollowMod:NailStrikeStart","HollowMod:QuickDashStart","HollowMod:QuickDashStart","HollowMod:QuickDashStart","HollowMod:QuickDashStart","HollowMod:FocusHealStart+1","HollowMod:PogoStrike","HollowMod:FastStrike+1","HollowMod:DashSlash","HollowMod:ShapeofUnn","HollowMod:LifebloodCocoon","HollowMod:LifebloodCocoon","HollowMod:SharpenedNail","HollowMod:SiblingsSouls","HollowMod:ChannelNail","HollowMod:AwokenDreamNail","HollowMod:DoubleDash","HollowMod:SoulStrike","HollowMod:HornetsHelp","HollowMod:FastStrike+1","HollowMod:CornifersMapStart","HollowMod:ChannelNail","HollowMod:NewLittleFool+1"],"relics":["HollowMod:VesselMask","hubris:64BitClover","Hallownest:DreamNailRelic","Replay:Mystery Machine","HollowMod:MillibellesNoteRelic","Art of War","Oddly Smooth Stone","Replay:Wanted Poster","Hallownest:WatcherSealRelic","Lantern"],"acts_visited":["Exordium","Hallownest:Greenpath"],"potions_floor_usage":[27],"damage_taken":[{"damage":2.0,"enemies":"Hallownest:monsterHuskGuard","floor":1.0,"turns":3.0},{"damage":9.0,"enemies":"Hallownest:2_Tiktiks_and_1_Crawlid","floor":3.0,"turns":7.0},{"damage":10.0,"enemies":"Hallownest:eliteMossKnight","floor":4.0,"turns":7.0},{"damage":0.0,"enemies":"Hallownest:2_Baldur","floor":8.0,"turns":4.0},{"damage":0.0,"enemies":"Hallownest:Wandering_and_Horned","floor":10.0,"turns":5.0},{"damage":3.0,"enemies":"Hallownest:monsterAspidMother","floor":11.0,"turns":5.0},{"damage":23.0,"enemies":"Hallownest:Guard_and_Warrior","floor":12.0,"turns":5.0},{"damage":51.0,"enemies":"Hallownest:eliteMossKnight","floor":13.0,"turns":16.0},{"damage":4.0,"enemies":"Hallownest:2_Tiktiks_1_Baldur_1_Crawlid","floor":14.0,"turns":5.0},{"damage":56.0,"enemies":"Hallownest:BossHornet","floor":16.0,"turns":13.0},{"damage":8.0,"enemies":"Hallownest:3_Youths","floor":18.0,"turns":12.0},{"damage":30.0,"enemies":"Hallownest:2_Mistakes","floor":21.0,"turns":6.0},{"damage":8.0,"enemies":"Hallownest:2_Husk_Sentries","floor":22.0,"turns":5.0},{"damage":33.0,"enemies":"Hallownest:2_Flukemon","floor":25.0,"turns":10.0},{"damage":5,"enemies":"Hallownest:eliteWatcherKnight","floor":27,"turns":2}],"seed_played":"4058140805102725700","potions_obtained":[{"floor":3.0,"key":"potionbrewer:DiscountPotion"},{"floor":8.0,"key":"Fruit Juice"},{"floor":10.0,"key":"potionbrewer:DiscountPotion"},{"floor":16.0,"key":"Toxic Potion"},{"floor":18.0,"key":"potionbrewer:DiscountPotion"}],"is_trial":false,"path_per_floor":["M","?","M","?","?","R","$","M","T","M","M","M","E","M","R","B",null,"M","?","?","M","M","R","?","M","T","E"],"character_chosen":"THE_BUGKNIGHT","items_purchased":["HollowMod:LifebloodCocoon"],"campfire_rested":2,"item_purchase_floors":[7],"current_hp_per_floor":[75,75,75,65,65,65,65,65,65,71,74,57,18,20,42,3,80,78,78,78,54,52,76,80,57,57,58,58],"gold":383,"neow_bonus":"ONE_RARE_RELIC","is_daily":false,"chose_seed":false,"campfire_upgraded":1,"win_rate":0.0,"timestamp":1613189519,"path_taken":["M","?","?","?","?","R","$","M","T","M","M","M","E","M","R","BOSS","M","?","?","?","M","R","?","M","T","E"],"items_purchased_type":["Card"],"build_version":"2020-12-22","purchased_purges":0,"victory":false,"max_hp_per_floor":[75,75,75,75,75,75,75,75,75,75,75,75,75,75,75,80,80,80,80,80,80,80,80,80,80,80,80,80],"card_choices":[{"not_picked":["HollowMod:LifebloodCocoon","HollowMod:SharpenedNail"],"picked":"HollowMod:FastStrike","floor":1.0},{"not_picked":["HollowMod:WraithStrike","HollowMod:CloakDash"],"picked":"HollowMod:DashSlash","floor":3.0},{"not_picked":["HollowMod:DescendingDark","HollowMod:ShadowDash"],"picked":"HollowMod:ShapeofUnn","floor":4.0},{"not_picked":["HollowMod:ShadowDash","HollowMod:AbyssShriek"],"picked":"HollowMod:SharpenedNail","floor":8.0},{"not_picked":["HollowMod:InfectedCysts","HollowMod:SoulStrike"],"picked":"HollowMod:SiblingsSouls","floor":10.0},{"not_picked":["HollowMod:NewGlowingWomb","HollowMod:SoulStrike"],"picked":"HollowMod:ChannelNail","floor":11.0},{"not_picked":["HollowMod:InfectedAttack","HollowMod:DescendingDark"],"picked":"HollowMod:AwokenDreamNail","floor":12.0},{"not_picked":["HollowMod:InfectedCysts","HollowMod:HeavyBlow"],"picked":"HollowMod:DoubleDash","floor":13.0},{"not_picked":["HollowMod:LuriensSpire","HollowMod:LifebloodCocoon"],"picked":"HollowMod:SoulStrike","floor":14.0},{"not_picked":["HollowMod:VoidDash","HollowMod:theNailsmith"],"picked":"HollowMod:HornetsHelp","floor":16.0},{"not_picked":["HollowMod:DoubleDash","HollowMod:HuntersJournal"],"picked":"HollowMod:FastStrike+1","floor":18.0},{"not_picked":["HollowMod:GoodIntentions","HollowMod:DreamGate+1"],"picked":"HollowMod:CornifersMapStart","floor":21.0},{"not_picked":["HollowMod:ShadowDash","HollowMod:InfectedCysts+1"],"picked":"HollowMod:ChannelNail","floor":22.0},{"not_picked":["HollowMod:CloakDash","HollowMod:Grubsong"],"picked":"HollowMod:NewLittleFool+1","floor":25.0}],"player_experience":111407,"relics_obtained":[{"floor":4.0,"key":"Replay:Mystery Machine"},{"floor":9.0,"key":"HollowMod:MillibellesNoteRelic"},{"floor":13.0,"key":"Art of War"},{"floor":14.0,"key":"Oddly Smooth Stone"},{"floor":26.0,"key":"Lantern"}],"event_choices":[],"is_beta":false,"boss_relics":[{"not_picked":["hubris:ScarierMask","Busted Crown"],"picked":"Replay:Wanted Poster"}],"items_purged_floors":[],"is_endless":false,"potions_floor_spawned":[3,8,10,16,18],"killed_by":"Hallownest:eliteWatcherKnight","ascension_level":0}}