{"host":"e9x02d116nyd6j9y","time":1613230263,"event":{"mods":["BaseMod","Minty Spire (QoL Compilation)","StSLib","SuperFastMode","everything is the same but u backflip on backflip"],"gold_per_floor":[113,113,113,88,88,88,104,118,118,118,418,418,433,445,445,545,595,611,711,342,357,59,86,86,103,130,148,148,148],"floor_reached":28,"language":"KOR","playtime":1471,"items_purged":[],"score":253,"play_id":"f2637923-1686-4da7-8100-60c9b4f2321e","local_time":"20210214003103","is_ascension_mode":false,"campfire_choices":[{"data":"Blade Dance","floor":6,"key":"SMITH"},{"data":"Caltrops","floor":10,"key":"SMITH"},{"data":"Neutralize","floor":12,"key":"SMITH"},{"data":"PiercingWail","floor":15,"key":"SMITH"},{"floor":24,"key":"REST"}],"circlet_count":0,"master_deck":["Strike_G","Strike_G","Strike_G","Strike_G","Strike_G","Defend_G","Defend_G","Defend_G","Defend_G","Defend_G","Survivor","Neutralize+1","Blade Dance+1","Underhanded Strike","Caltrops+1","PiercingWail+1","Sucker Punch","Die Die Die+1","Blade Dance","Dash","Blade Dance","Outmaneuver","PiercingWail","Dagger Spray+1"],"relics":["Ring of the Snake","Blood Vial","Old Coin","Tiny House","Ornamental Fan","Oddly Smooth Stone","Ancient Tea Set","Tough Bandages","Juzu Bracelet"],"acts_visited":["Exordium","TheCity"],"potions_floor_usage":[16,16,23,27,28,28],"damage_taken":[{"damage":1,"enemies":"2 Louse","floor":1,"turns":6},{"damage":7,"enemies":"Small Slimes","floor":7,"turns":2},{"damage":0,"enemies":"Cultist","floor":8,"turns":3},{"damage":0,"enemies":"Looter","floor":13,"turns":3},{"damage":19,"enemies":"Exordium Thugs","floor":14,"turns":6},{"damage":54,"enemies":"The Guardian","floor":16,"turns":15},{"damage":0,"enemies":"3 Byrds","floor":18,"turns":3},{"damage":0,"enemies":"Chosen","floor":21,"turns":6},{"damage":50,"enemies":"Slavers","floor":23,"turns":6},{"damage":17,"enemies":"Snake Plant","floor":25,"turns":7},{"damage":49,"enemies":"Cultist and Chosen","floor":27,"turns":7},{"damage":4,"enemies":"Book of Stabbing","floor":28,"turns":3}],"seed_played":"-1878861004257011580","potions_obtained":[{"floor":13,"key":"SkillPotion"},{"floor":14,"key":"DistilledChaos"},{"floor":16,"key":"Fire Potion"},{"floor":17,"key":"LiquidMemories"},{"floor":18,"key":"CunningPotion"},{"floor":27,"key":"Fire Potion"}],"is_trial":false,"path_per_floor":["M","?","?","$","?","R","M","M","T","R","T","R","M","M","R","B",null,"M","?","$","M","$","E","R","M","T","M","E"],"character_chosen":"THE_SILENT","items_purchased":["Underhanded Strike","Ornamental Fan","Dash","Blade Dance","Oddly Smooth Stone","Ancient Tea Set"],"campfire_rested":1,"item_purchase_floors":[4,20,20,20,22,22],"current_hp_per_floor":[76,81,81,81,81,81,74,74,74,74,74,74,76,59,59,7,87,87,87,87,87,87,37,63,48,48,1,0,0],"gold":148,"neow_bonus":"TEN_PERCENT_HP_BONUS","is_daily":false,"chose_seed":false,"campfire_upgraded":4,"win_rate":0.0,"timestamp":1613230263,"path_taken":["M","?","?","$","?","R","M","M","T","R","?","R","?","M","R","BOSS","M","?","?","M","$","E","R","M","T","M","E"],"items_purchased_type":["Card","Relic","Card","Card","Relic","Relic"],"build_version":"2020-12-22","purchased_purges":0,"victory":false,"max_hp_per_floor":[77,82,82,82,82,82,82,82,82,82,82,82,82,82,82,82,87,87,87,87,87,87,87,87,87,87,87,87,87],"card_choices":[{"not_picked":["Backflip","Deflect"],"picked":"Blade Dance","floor":1},{"not_picked":["Masterful Stab","Reflex","Bouncing Flask"],"picked":"SKIP","floor":7},{"not_picked":["Deadly Poison","Sucker Punch"],"picked":"Caltrops","floor":8},{"not_picked":["Poisoned Stab","Predator"],"picked":"PiercingWail","floor":13},{"not_picked":["Escape Plan","Eviscerate"],"picked":"Sucker Punch","floor":14},{"not_picked":["Malaise","A Thousand Cuts"],"picked":"Die Die Die","floor":16},{"not_picked":["Escape Plan","Slice"],"picked":"Blade Dance","floor":17},{"not_picked":["Blur","Crippling Poison","Skewer"],"picked":"SKIP","floor":18},{"not_picked":["Flying Knee","Underhanded Strike","Dagger Throw"],"picked":"SKIP","floor":21},{"not_picked":["Choke","Flying Knee"],"picked":"Outmaneuver","floor":23},{"not_picked":["Poisoned Stab","Prepared"],"picked":"PiercingWail","floor":25},{"not_picked":["Acrobatics","Burst"],"picked":"Dagger Spray+1","floor":27}],"player_experience":19153,"relics_obtained":[{"floor":9,"key":"Blood Vial"},{"floor":11,"key":"Old Coin"},{"floor":23,"key":"Tough Bandages"},{"floor":26,"key":"Juzu Bracelet"}],"event_choices":[{"damage_healed":0,"gold_gain":0,"player_choice":"Donut","damage_taken":0,"max_hp_gain":5,"max_hp_loss":0,"event_name":"Big Fish","floor":2,"gold_loss":0},{"damage_healed":0,"gold_gain":0,"player_choice":"Fled","damage_taken":0,"max_hp_gain":0,"max_hp_loss":0,"event_name":"Scrap Ooze","floor":3,"gold_loss":0},{"damage_healed":0,"gold_gain":0,"player_choice":"Ignored","damage_taken":0,"max_hp_gain":0,"max_hp_loss":0,"event_name":"Liars Game","floor":5,"gold_loss":0},{"damage_healed":0,"gold_gain":100,"player_choice":"Pray","damage_taken":0,"max_hp_gain":0,"max_hp_loss":0,"event_name":"Golden Shrine","floor":19,"gold_loss":0}],"is_beta":false,"boss_relics":[{"not_picked":["Ectoplasm","Black Star"],"picked":"Tiny House"}],"items_purged_floors":[],"is_endless":false,"potions_floor_spawned":[13,14,16,18,21,27],"killed_by":"Book of Stabbing","ascension_level":0}}