{"host":"37ccm3d17clopct7","time":1613200294,"event":{"mods":["BaseMod","GungeonMod","Hermit","Lobotomy","Minty Spire (QoL Compilation)","StSLib","The Bug Knight","The Cursed","The Hierophant","The Jungle","The Runesmith"],"gold_per_floor":[112,128,128,143,163,163,193,193,216,230,248,248,248,267,267,372,372,391,461,461,471,471,471],"floor_reached":22,"language":"KOR","playtime":985,"items_purged":[],"score":188,"play_id":"e5cdc751-4914-4f4b-bf6d-ef97897c6a6f","local_time":"20210213161134","is_ascension_mode":false,"campfire_choices":[{"data":"Runesmith:Fortify","floor":6,"key":"SMITH"},{"floor":12,"key":"REST"},{"floor":15,"key":"RECALL"}],"circlet_count":0,"master_deck":["Runesmith:Strike_RS","Runesmith:Strike_RS","Runesmith:Defend_RS","Runesmith:Defend_RS","Runesmith:Defend_RS","Runesmith:Fortify+1","Runesmith:RunicBlueprint","Runesmith:CraftIncendium","Runesmith:HeatedChisel","Runesmith:CraftMagma","Runesmith:CraftProtectio","Runesmith:CraftSpiculum","Runesmith:CreatorForm","Runesmith:Terraform"],"relics":["Runesmith:BrokenRuby","NeowsBlessing","DemoMod:ClearGuonStone","DemoMod:LamentConfigurum","Empty Cage","DemoMod:ChaffGrenade"],"acts_visited":["Exordium","theJungle:Jungle"],"potions_floor_usage":[16],"damage_taken":[{"damage":0,"enemies":"Cultist","floor":1,"turns":1},{"damage":0,"enemies":"Small Slimes","floor":2,"turns":1},{"damage":0,"enemies":"2 Louse","floor":4,"turns":1},{"damage":16,"enemies":"Lots of Slimes","floor":5,"turns":4},{"damage":9,"enemies":"3 Sentries","floor":7,"turns":6},{"damage":4,"enemies":"3 Louse","floor":10,"turns":3},{"damage":6,"enemies":"Red Slaver","floor":11,"turns":3},{"damage":0,"enemies":"Large Slime","floor":14,"turns":5},{"damage":18,"enemies":"Hexaghost","floor":16,"turns":11},{"damage":14,"enemies":"theJungle:MUSHROOMGANG","floor":18,"turns":7},{"damage":16,"enemies":"Shell Parasite","floor":21,"turns":7},{"damage":45,"enemies":"theJungle:2_Snecko_Cultists","floor":22,"turns":6}],"seed_played":"-1861316379230919047","potions_obtained":[{"floor":2,"key":"FearPotion"},{"floor":4,"key":"DemoMod:LeadSkinPotion"},{"floor":5,"key":"PowerPotion"},{"floor":10,"key":"GamblersBrew"},{"floor":16,"key":"EntropicBrew"}],"is_trial":false,"path_per_floor":["M","M","?","M","M","R","E","?","T","M","M","R","?","M","R","B",null,"M","T","?","M","M"],"character_chosen":"RUNESMITH_CLASS","items_purchased":[],"campfire_rested":1,"item_purchase_floors":[],"current_hp_per_floor":[70,70,70,70,54,54,45,45,45,41,35,56,56,56,56,38,70,56,56,56,40,0,0],"gold":471,"neow_bonus":"THREE_ENEMY_KILL","is_daily":false,"chose_seed":false,"campfire_upgraded":1,"win_rate":0.0,"timestamp":1613200294,"path_taken":["M","?","?","?","M","R","E","?","T","M","?","R","?","M","R","BOSS","M","?","?","M","?"],"items_purchased_type":[],"build_version":"2020-12-22","purchased_purges":0,"victory":false,"max_hp_per_floor":[70,70,70,70,70,70,70,70,70,70,70,70,70,70,70,70,70,70,70,70,70,70,70],"card_choices":[{"not_picked":["Runesmith:ShiftingStrike","Runesmith:HammerThrow"],"picked":"Runesmith:RunicBlueprint","floor":1},{"not_picked":["Runesmith:Firewall","Runesmith:EnergizedChisel"],"picked":"Runesmith:CraftIncendium","floor":2},{"not_picked":["Runesmith:StaticCage","Runesmith:Discharge"],"picked":"Runesmith:HeatedChisel","floor":4},{"not_picked":["Runesmith:ShiftingStrike","Runesmith:PoweredAnvil"],"picked":"Runesmith:CraftMagma","floor":5},{"not_picked":["Runesmith:EarthShield","Runesmith:ArcReactor"],"picked":"Runesmith:CraftProtectio","floor":7},{"not_picked":["Runesmith:CraftProtectio","Runesmith:Malloc","Runesmith:Discharge"],"picked":"SKIP","floor":10},{"not_picked":["Runesmith:ChiselStab","Runesmith:Malloc"],"picked":"Runesmith:CraftSpiculum","floor":11},{"not_picked":["Runesmith:ShiftingStrike","Runesmith:FieryHammer","Runesmith:HammerThrow"],"picked":"SKIP","floor":14},{"not_picked":["Runesmith:Duplicate","Runesmith:GrandSlam"],"picked":"Runesmith:CreatorForm","floor":16},{"not_picked":["Runesmith:CraftMagma","Runesmith:ShiftingStrike"],"picked":"Runesmith:Terraform","floor":18},{"not_picked":["Runesmith:EnergizedChisel","Runesmith:PoweredAnvil","Runesmith:ShiftingStrike+1"],"picked":"SKIP","floor":21}],"player_experience":193269,"relics_obtained":[{"floor":7,"key":"DemoMod:ClearGuonStone"},{"floor":19,"key":"DemoMod:ChaffGrenade"}],"event_choices":[{"cards_removed":["Runesmith:CraftFirestone"],"damage_healed":0,"gold_gain":0,"player_choice":"Purged","damage_taken":0,"max_hp_gain":0,"max_hp_loss":0,"event_name":"Purifier","floor":3,"gold_loss":0},{"damage_healed":0,"gold_gain":0,"player_choice":"Gave Potion","damage_taken":0,"relics_obtained":["DemoMod:LamentConfigurum"],"max_hp_gain":0,"max_hp_loss":0,"event_name":"WeMeetAgain","floor":8,"gold_loss":0},{"damage_healed":0,"gold_gain":0,"player_choice":"Bought 0 Potions","damage_taken":0,"max_hp_gain":0,"max_hp_loss":0,"event_name":"The Woman in Blue","floor":13,"gold_loss":0},{"cards_removed":["Runesmith:Strike_RS"],"damage_healed":0,"gold_gain":0,"player_choice":"Offered Basic","damage_taken":0,"max_hp_gain":0,"max_hp_loss":0,"event_name":"Bonfire Elementals","floor":20,"gold_loss":0}],"is_beta":false,"boss_relics":[{"not_picked":["Runic Pyramid","Sozu"],"picked":"Empty Cage"}],"items_purged_floors":[],"is_endless":false,"potions_floor_spawned":[2,4,5,10,16,18],"killed_by":"theJungle:2_Snecko_Cultists","ascension_level":0}}