{"host":"7qoz5gmva6til3yp","time":1613240407,"event":{"mods":["2.2 Compatiblity","Astrologer","BaseMod","Minty Spire (QoL Compilation)","StSLib","SuperFastMode"],"gold_per_floor":[118,68,68,68,83,7,41,41,87,12,28,28,58,82,82,184,234,252,252,267,18,18,18,45,45,45,70,70,85,101,48,48,152,152,171,46,46,46,58,58,58],"floor_reached":40,"language":"KOR","playtime":1144,"items_purged":["Defend_B","Strike_B","Defend_B"],"score":705,"play_id":"2802097b-a388-40db-ae9b-113839c32be4","local_time":"20210214032007","is_ascension_mode":true,"campfire_choices":[{"data":"Dualcast","floor":8.0,"key":"SMITH"},{"data":"Redo","floor":12.0,"key":"SMITH"},{"data":"Blizzard","floor":15.0,"key":"SMITH"},{"data":"Glacier","floor":23.0,"key":"SMITH"},{"data":"Self Repair","floor":25.0,"key":"SMITH"},{"data":"Coolheaded","floor":32,"key":"SMITH"}],"circlet_count":0,"master_deck":["AscendersBane","Zap+1","Dualcast+1","Redo+1","Self Repair+1","Glacier+1","Blizzard+1","Rebound+1","Biased Cognition+1","Compile Driver+1","Rainbow","Sweeping Beam+1","Coolheaded+1","Streamline+1","Beam Cell+1","Thunder Strike+1","Genetic Algorithm+1"],"relics":["Cracked Core","NeowsBlessing","Singing Bowl","MealTicket","Molten Egg 2","Odd Mushroom","Tiny House","Runic Capacitor","Anchor","Ancient Tea Set","Happy Flower","Astrolabe"],"acts_visited":["Exordium","TheCity","TheBeyond"],"potions_floor_usage":[27,33],"damage_taken":[{"damage":0.0,"enemies":"2 Louse","floor":1.0,"turns":1.0},{"damage":0.0,"enemies":"Jaw Worm","floor":5.0,"turns":1.0},{"damage":0.0,"enemies":"Gremlin Nob","floor":7.0,"turns":1.0},{"damage":2.0,"enemies":"Cultist","floor":11.0,"turns":4.0},{"damage":8.0,"enemies":"Lagavulin","floor":13.0,"turns":9.0},{"damage":10.0,"enemies":"The Mushroom Lair","floor":14.0,"turns":4.0},{"damage":37.0,"enemies":"The Guardian","floor":16.0,"turns":12.0},{"damage":15.0,"enemies":"Chosen","floor":18.0,"turns":7.0},{"damage":7.0,"enemies":"3 Byrds","floor":20.0,"turns":6.0},{"damage":63.0,"enemies":"Slavers","floor":24.0,"turns":8.0},{"damage":35,"enemies":"Gremlin Leader","floor":27,"turns":7},{"damage":21,"enemies":"Centurion and Healer","floor":29,"turns":6},{"damage":11,"enemies":"Shelled Parasite and Fungi","floor":30,"turns":5},{"damage":34,"enemies":"Collector","floor":33,"turns":9},{"damage":30,"enemies":"3 Shapes","floor":35,"turns":6},{"damage":21,"enemies":"3 Darklings","floor":39,"turns":4},{"damage":71,"enemies":"Reptomancer","floor":40,"turns":4}],"seed_played":"-5232975562585438746","potions_obtained":[{"floor":7.0,"key":"GamblersBrew"},{"floor":11.0,"key":"Ancient Potion"},{"floor":16.0,"key":"FocusPotion"},{"floor":17.0,"key":"EssenceOfDarkness"},{"floor":24.0,"key":"Swift Potion"},{"floor":27,"key":"DistilledChaos"}],"is_trial":false,"path_per_floor":["M","?","?","?","M","$","E","R","T","$","M","R","E","?","R","B",null,"M","?","M","$","?","R","E","R","T","E","?","M","M","$","R","B",null,"M","$","?","?","M","E"],"character_chosen":"DEFECT","items_purchased":["Glacier","Runic Capacitor","Coolheaded"],"campfire_rested":0,"item_purchase_floors":[6,21,31],"current_hp_per_floor":[68,68,61,46,46,46,48,48,48,63,68,68,69,66,66,36,73,67,67,69,84,84,84,30,30,30,75,75,66,65,80,80,58,85,67,82,82,82,71,0,0],"gold":58,"neow_bonus":"THREE_ENEMY_KILL","is_daily":false,"chose_seed":false,"campfire_upgraded":6,"win_rate":0.0,"timestamp":1613240407,"path_taken":["M","?","?","?","?","?","E","R","T","$","?","R","E","?","R","BOSS","M","?","M","$","?","R","E","R","T","E","?","M","?","$","R","BOSS","M","$","?","?","M","E"],"items_purchased_type":["Card","Relic","Card"],"build_version":"2020-12-22","purchased_purges":3,"victory":false,"max_hp_per_floor":[75,75,75,75,75,75,77,77,77,77,77,77,79,79,79,79,84,86,86,88,88,88,88,90,90,90,90,90,92,92,92,92,94,94,96,96,96,91,91,91,91],"card_choices":[{"not_picked":["Steam","Fusion"],"picked":"Redo","floor":1.0},{"not_picked":["Static Discharge","Barrage"],"picked":"Self Repair","floor":5.0},{"not_picked":["Chaos","Reprogram","Rip and Tear"],"picked":"Singing Bowl","floor":7.0},{"not_picked":["Rebound","Redo"],"picked":"Blizzard","floor":11.0},{"not_picked":["Fusion","Creative AI","Force Field"],"picked":"Singing Bowl","floor":13.0},{"not_picked":["Stack","Beam Cell+1"],"picked":"Rebound+1","floor":14.0},{"not_picked":["Rainbow","Thunder Strike+1"],"picked":"Biased Cognition","floor":16.0},{"not_picked":["Aggregate","Rebound+1"],"picked":"Hologram","floor":17.0},{"not_picked":["Stack","Melter+1","BootSequence"],"picked":"Singing Bowl","floor":18.0},{"not_picked":["Cold Snap+1","Compile Driver+1","Go for the Eyes+1"],"picked":"Singing Bowl","floor":20.0},{"not_picked":["Melter+1","Rebound+1","Redo"],"picked":"Singing Bowl","floor":24.0},{"not_picked":["White Noise","Fusion"],"picked":"Rainbow","floor":27},{"not_picked":["Conserve Battery","Blizzard+1","Rebound+1"],"picked":"Singing Bowl","floor":29},{"not_picked":["Sunder+1","Skim"],"picked":"Sweeping Beam+1","floor":30},{"not_picked":["Fission","Meteor Strike+1","All For One+1"],"picked":"Singing Bowl","floor":33},{"not_picked":["Scrape+1","Undo","Compile Driver+1"],"picked":"Singing Bowl","floor":35},{"not_picked":["Steam","Reinforced Body+1"],"picked":"Genetic Algorithm+1","floor":39}],"player_experience":500297,"relics_obtained":[{"floor":7.0,"key":"Singing Bowl"},{"floor":9.0,"key":"MealTicket"},{"floor":13.0,"key":"Molten Egg 2"},{"floor":14.0,"key":"Odd Mushroom"},{"floor":24.0,"key":"Anchor"},{"floor":26.0,"key":"Ancient Tea Set"},{"floor":27,"key":"Happy Flower"}],"event_choices":[{"cards_removed":["Strike_B"],"damage_healed":0.0,"max_hp_gain":0.0,"max_hp_loss":0.0,"gold_gain":0.0,"event_name":"The Cleric","player_choice":"Card Removal","floor":2.0,"gold_loss":50.0,"damage_taken":0.0},{"cards_removed":["Defend_B"],"damage_healed":0.0,"max_hp_gain":0.0,"max_hp_loss":0.0,"gold_gain":0.0,"event_name":"Golden Wing","player_choice":"Card Removal","floor":3.0,"gold_loss":0.0,"damage_taken":7.0},{"damage_healed":0.0,"max_hp_gain":0.0,"max_hp_loss":0.0,"gold_gain":0.0,"event_name":"Shining Light","player_choice":"Entered Light","floor":4.0,"gold_loss":0.0,"damage_taken":15.0,"cards_upgraded":["Strike_B","Zap"]},{"damage_healed":0.0,"max_hp_gain":0.0,"max_hp_loss":0.0,"gold_gain":0.0,"event_name":"Mushrooms","player_choice":"Fought Mushrooms","floor":14.0,"gold_loss":0.0,"damage_taken":0.0},{"damage_healed":0.0,"max_hp_gain":0.0,"max_hp_loss":0.0,"gold_gain":0.0,"event_name":"The Library","player_choice":"Read","floor":19.0,"gold_loss":0.0,"damage_taken":0.0,"cards_obtained":["Compile Driver"]},{"damage_healed":0.0,"max_hp_gain":0.0,"max_hp_loss":0.0,"gold_gain":0.0,"event_name":"Ghosts","player_choice":"Ignored","floor":22.0,"gold_loss":0.0,"damage_taken":0.0},{"damage_healed":0,"gold_gain":0,"player_choice":"Got Potions","damage_taken":0,"max_hp_gain":0,"max_hp_loss":0,"event_name":"Lab","floor":28,"gold_loss":0},{"cards_removed":["Hologram"],"damage_healed":0,"gold_gain":0,"player_choice":"Removed Skill","damage_taken":0,"max_hp_gain":0,"max_hp_loss":0,"event_name":"Falling","floor":37,"gold_loss":0},{"damage_healed":0,"gold_gain":0,"player_choice":"Max HP","damage_taken":0,"max_hp_gain":0,"max_hp_loss":5,"event_name":"Winding Halls","floor":38,"gold_loss":0}],"is_beta":false,"boss_relics":[{"not_picked":["Fusion Hammer","Snecko Eye"],"picked":"Tiny House"},{"not_picked":["Velvet Choker","Calling Bell"],"picked":"Astrolabe"}],"items_purged_floors":[10,21,36],"is_endless":false,"potions_floor_spawned":[7,11,16,20,24,27],"killed_by":"Reptomancer","ascension_level":10}}