{"host":"36t3qd3wjvajtu1z","time":1613183156,"event":{"mods":["2.2 Compatiblity","AchievementEnabler","BaseMod","Bestiary","Block Reminder","Colored Powertips","Curses Come First","Highlight Path","Minty Spire (QoL Compilation)","Permanent Neow","Quick Restart","Random Character Button","Rare Cards Sparkle","Relic Stats","Slay-I","StSLib","Unknown Chances"],"gold_per_floor":[13,30,30,30,44,77,101,101,127,177,201,242,263,307,307,397,397,410,410,433,448,468,468,468,468],"floor_reached":24,"language":"ENG","playtime":1167,"items_purged":[],"score":429,"play_id":"fe4d6e42-d230-4cc7-b3d1-76ce0761ee40","local_time":"20210212182556","is_ascension_mode":true,"campfire_choices":[{"data":"Bash","floor":8.0,"key":"SMITH"},{"data":"Uppercut","floor":15.0,"key":"SMITH"},{"floor":23,"key":"REST"}],"circlet_count":0,"master_deck":["AscendersBane","Strike_R","Strike_R","Strike_R","Strike_R","Defend_R","Defend_R","Defend_R+1","Defend_R+1","Bash+1","Reaper","Pommel Strike","Wild Strike","Cleave","Inflame","Bludgeon","Carnage","Thunderclap","Uppercut+1","Berserk","Shrug It Off","Battle Trance","Shockwave"],"relics":["Burning Blood","Golden Idol","War Paint","Regal Pillow","Omamori","Nunchaku","Snecko Eye"],"acts_visited":["Exordium","TheCity"],"potions_floor_usage":[22],"damage_taken":[{"damage":1.0,"enemies":"2 Louse","floor":1.0,"turns":4.0},{"damage":7.0,"enemies":"Small Slimes","floor":2.0,"turns":4.0},{"damage":1.0,"enemies":"Cultist","floor":5.0,"turns":3.0},{"damage":32.0,"enemies":"Gremlin Nob","floor":6.0,"turns":4.0},{"damage":7.0,"enemies":"3 Louse","floor":7.0,"turns":5.0},{"damage":6.0,"enemies":"Red Slaver","floor":11.0,"turns":5.0},{"damage":27.0,"enemies":"3 Sentries","floor":12.0,"turns":7.0},{"damage":6.0,"enemies":"Lots of Slimes","floor":13.0,"turns":3.0},{"damage":32.0,"enemies":"Lagavulin","floor":14.0,"turns":5.0},{"damage":37.0,"enemies":"Hexaghost","floor":16.0,"turns":9.0},{"damage":20.0,"enemies":"Shell Parasite","floor":18.0,"turns":3.0},{"damage":11.0,"enemies":"Spheric Guardian","floor":20.0,"turns":3.0},{"damage":16.0,"enemies":"Snake Plant","floor":21.0,"turns":3.0},{"damage":31,"enemies":"Sentry and Sphere","floor":22,"turns":5},{"damage":50,"enemies":"Slavers","floor":24,"turns":4}],"seed_played":"3920257367672391762","potions_obtained":[{"floor":6.0,"key":"GamblersBrew"},{"floor":7.0,"key":"Fire Potion"},{"floor":16.0,"key":"Ancient Potion"},{"floor":20.0,"key":"Ancient Potion"}],"is_trial":false,"path_per_floor":["M","M","?","?","M","E","M","R","T","?","M","E","M","E","R","B",null,"M","?","M","M","M","R","E"],"character_chosen":"IRONCLAD","items_purchased":[],"campfire_rested":1,"item_purchase_floors":[],"current_hp_per_floor":[75,74,74,67,72,50,57,57,57,50,56,47,52,35,35,13,60,46,46,44,34,9,46,0,0],"gold":468,"neow_bonus":"THREE_RARE_CARDS","is_daily":false,"chose_seed":false,"campfire_upgraded":2,"win_rate":0.0,"timestamp":1613183156,"path_taken":["M","M","?","?","M","E","M","R","T","?","?","E","M","E","R","BOSS","M","?","?","?","M","R","E"],"items_purchased_type":[],"build_version":"2020-12-22","purchased_purges":0,"victory":false,"max_hp_per_floor":[75,75,75,75,75,75,75,75,75,75,75,75,75,75,75,75,75,75,75,75,75,75,75,75,75],"relic_stats":{"Regal Pillow":15,"Nunchaku":[4],"counters":[15,67],"Golden Idol":74,"Snecko Eye":[23,31,36,36],"War Paint":["Defend_R","Defend_R"],"obtain_stats":[{"Regal Pillow":9,"Nunchaku":14,"Golden Idol":3,"Snecko Eye":17,"Omamori":12,"War Paint":6,"Burning Blood":0},{"Regal Pillow":5,"Nunchaku":9,"Golden Idol":2,"Snecko Eye":10,"Omamori":7,"War Paint":4,"Burning Blood":0},{"Regal Pillow":20,"Nunchaku":40,"Golden Idol":8,"Snecko Eye":49,"Omamori":32,"War Paint":15,"Burning Blood":0}],"Burning Blood":83},"card_choices":[{"not_picked":["Brutality","Corruption"],"picked":"Reaper","floor":0.0},{"not_picked":["Body Slam","Havoc"],"picked":"Pommel Strike","floor":1.0},{"not_picked":["Seeing Red","Headbutt"],"picked":"Wild Strike","floor":2.0},{"not_picked":["Sword Boomerang","Wild Strike"],"picked":"Cleave","floor":5.0},{"not_picked":["Ghostly Armor","Clothesline"],"picked":"Inflame","floor":6.0},{"not_picked":["Dark Embrace","Cleave","Havoc"],"picked":"SKIP","floor":7.0},{"not_picked":["Clash","Shrug It Off"],"picked":"Bludgeon","floor":11.0},{"not_picked":["Rage","Reckless Charge"],"picked":"Carnage","floor":12.0},{"not_picked":["Headbutt","Clothesline"],"picked":"Thunderclap","floor":13.0},{"not_picked":["Searing Blow","Cleave"],"picked":"Uppercut","floor":14.0},{"not_picked":["Exhume","Offering"],"picked":"Berserk","floor":16.0},{"not_picked":["Body Slam","Cleave"],"picked":"Shrug It Off","floor":18.0},{"not_picked":["Iron Wave","Havoc","Flex"],"picked":"SKIP","floor":20.0},{"not_picked":["Iron Wave","Warcry"],"picked":"Battle Trance","floor":21.0},{"not_picked":["Armaments","Wild Strike"],"picked":"Shockwave","floor":22}],"player_experience":506070,"relics_obtained":[{"floor":6.0,"key":"War Paint"},{"floor":9.0,"key":"Regal Pillow"},{"floor":12.0,"key":"Omamori"},{"floor":14.0,"key":"Nunchaku"}],"event_choices":[{"damage_healed":0.0,"max_hp_gain":0.0,"max_hp_loss":0.0,"gold_gain":0.0,"event_name":"Golden Idol","player_choice":"Take Wound","floor":3.0,"gold_loss":0.0,"damage_taken":0.0,"relics_obtained":["Golden Idol"],"cards_obtained":["Injury"]},{"cards_removed":["Injury"],"damage_healed":0.0,"max_hp_gain":0.0,"max_hp_loss":0.0,"gold_gain":0.0,"event_name":"Golden Wing","player_choice":"Card Removal","floor":4.0,"gold_loss":0.0,"damage_taken":7.0},{"damage_healed":0.0,"max_hp_gain":0.0,"max_hp_loss":0.0,"gold_gain":50.0,"event_name":"FaceTrader","player_choice":"Touch","floor":10.0,"gold_loss":0.0,"damage_taken":7.0},{"cards_removed":["Strike_R"],"damage_healed":0.0,"max_hp_gain":0.0,"max_hp_loss":0.0,"gold_gain":0.0,"event_name":"Purifier","player_choice":"Purged","floor":19.0,"gold_loss":0.0,"damage_taken":0.0}],"is_beta":false,"boss_relics":[{"not_picked":["Runic Dome","Runic Cube"],"picked":"Snecko Eye"}],"items_purged_floors":[],"is_endless":false,"potions_floor_spawned":[6,7,16,20],"killed_by":"Slavers","ascension_level":19}}