{"host":"3zmssa4s99zhxek5","time":1613177933,"event":{"mods":["AchievementEnabler","BaseMod","Minty Spire (QoL Compilation)","Permanent Neow","Relic Stats"],"gold_per_floor":[116,116,136,147,20,45,45,45,45],"floor_reached":8,"language":"KOR","playtime":569,"items_purged":[],"score":112,"play_id":"718d42c6-1dc8-469c-adca-f219b79a4147","local_time":"20210213095853","is_ascension_mode":true,"campfire_choices":[{"data":"Body Slam","floor":7.0,"key":"SMITH"}],"circlet_count":0,"master_deck":["AscendersBane","Strike_R","Strike_R","Strike_R","Strike_R","Defend_R","Defend_R","Defend_R","Bash","Exhume","Feel No Pain","Ghostly Armor","Body Slam+1","Shrug It Off","Metallicize","Uppercut","Dual Wield"],"relics":["Burning Blood","Bird Faced Urn","The Courier"],"acts_visited":["Exordium"],"potions_floor_usage":[],"damage_taken":[{"damage":2.0,"enemies":"Cultist","floor":1.0,"turns":4.0},{"damage":10.0,"enemies":"Small Slimes","floor":3.0,"turns":6.0},{"damage":9.0,"enemies":"2 Louse","floor":4.0,"turns":5.0},{"damage":50.0,"enemies":"Gremlin Nob","floor":6.0,"turns":6.0},{"damage":26,"enemies":"Lagavulin","floor":8,"turns":8}],"seed_played":"-7911734718052793433","potions_obtained":[],"is_trial":false,"path_per_floor":["M","T","M","M","$","E","R","E"],"character_chosen":"IRONCLAD","items_purchased":["Metallicize","Uppercut"],"campfire_rested":0,"item_purchase_floors":[5,5],"current_hp_per_floor":[68,68,64,61,61,19,19,0,0],"gold":45,"neow_bonus":"TRANSFORM_TWO_CARDS","is_daily":false,"chose_seed":false,"campfire_upgraded":1,"win_rate":0.0,"timestamp":1613177933,"path_taken":["M","?","M","M","$","E","R","E"],"items_purchased_type":["Card","Card"],"build_version":"2020-12-22","purchased_purges":0,"victory":false,"max_hp_per_floor":[68,68,68,68,68,68,68,68,68],"relic_stats":{"counters":[5,29],"Bird Faced Urn":[6],"obtain_stats":[{"Bird Faced Urn":2,"The Courier":6,"Burning Blood":0},{"Bird Faced Urn":1,"The Courier":4,"Burning Blood":0},{"Bird Faced Urn":4,"The Courier":21,"Burning Blood":0}],"Burning Blood":20},"card_choices":[{"not_picked":["Body Slam","Flex"],"picked":"Ghostly Armor","floor":1.0},{"not_picked":["Warcry","Combust"],"picked":"Body Slam","floor":3.0},{"not_picked":["Clash","Bloodletting"],"picked":"Shrug It Off","floor":4.0},{"not_picked":["Brutality","Intimidate"],"picked":"Dual Wield","floor":6.0}],"player_experience":1617273,"relics_obtained":[{"floor":2.0,"key":"Bird Faced Urn"},{"floor":6.0,"key":"The Courier"}],"event_choices":[],"is_beta":false,"boss_relics":[],"items_purged_floors":[],"is_endless":false,"potions_floor_spawned":[],"killed_by":"Lagavulin","ascension_level":20}}