{"host":"0cm5wy4nhuju7tij","time":1613251860,"event":{"mods":["100% Spire Juice","2.2 Compatiblity","AchievementEnabler","Aspiration","BaseMod","Better Third Choice","BetterRewards","CCEM2","CapriCore","Colored Powertips","Curses Come First","Displayed Cursed Tome","Downfall","Energized Spire","Evolution","Filter the Spire","Fireblade Mod","Highlight Path","Jess\u0027s Bottle","Minty Spire (QoL Compilation)","Permanent Neow","Poor People Problems","Relic Filter Mod","Relic Stats","Shop Mod","Spicy Shops","StSLib","The Cursed","The Servant 0.9.4","TheSurvivalist","TheVacant","Weighted Paths"],"gold_per_floor":[115,115,131,141,155,185,360,360,387,400,400,429,429,446,446,545,545,558,374,385,385,385],"floor_reached":21,"language":"ENG","playtime":1252,"items_purged":[],"score":216,"play_id":"7b6d9665-4c15-40e9-8ac1-5fb55a1cf178","local_time":"20210213163100","is_ascension_mode":false,"campfire_choices":[{"data":"FireBladeMod:ScorchingCleave","floor":8,"key":"SMITH"},{"data":"FireBladeMod:FlamingSword","floor":11,"key":"SMITH"},{"floor":13,"key":"REST"},{"data":"FireBladeMod:ThirdDegree","floor":15,"key":"SMITH"}],"circlet_count":0,"master_deck":["FireBladeMod:FerventSlash","FireBladeMod:FerventSlash","FireBladeMod:DefendFireBlade","FireBladeMod:DefendFireBlade","FireBladeMod:DefendFireBlade","FireBladeMod:FlamingSword+1","FireBladeMod:FireBarrier","FireBladeMod:ComboCleave","FireBladeMod:AdrenalineBoost+1","FireBladeMod:ScorchingCleave+1","FireBladeMod:Tempo","FireBladeMod:AdrenalineBoost","FireBladeMod:Shove","Doubt","FireBladeMod:Accelerant","FireBladeMod:ThirdDegree+1","FireBladeMod:HellFire","FireBladeMod:DeathBlade","FireBladeMod:Swipe","FireBladeMod:Swipe","FireBladeMod:Swipe","FireBladeMod:Swipe","FireBladeMod:Swipe","FireBladeMod:SmokeScreen","FireBladeMod:SoulSword","FireBladeMod:Flames"],"relics":["FireBladeMod:DuelistLocket","EVO:Axolotl","Kunai","Akabeko","Letter Opener","FireBladeMod:TigerClaw","Vajra"],"acts_visited":["Exordium","TheCity"],"potions_floor_usage":[],"damage_taken":[{"damage":1,"enemies":"2 Louse","floor":1,"turns":2},{"damage":0,"enemies":"Cultist","floor":3,"turns":2},{"damage":1,"enemies":"Small Slimes","floor":4,"turns":2},{"damage":5,"enemies":"Looter","floor":5,"turns":3},{"damage":17,"enemies":"Lagavulin","floor":6,"turns":5},{"damage":18,"enemies":"Exordium Thugs","floor":10,"turns":3},{"damage":8,"enemies":"3 Sentries","floor":12,"turns":4},{"damage":0,"enemies":"Lots of Slimes","floor":14,"turns":2},{"damage":16,"enemies":"Slime Boss","floor":16,"turns":9},{"damage":5,"enemies":"Spheric Guardian","floor":18,"turns":3},{"damage":40,"enemies":"Shell Parasite","floor":20,"turns":5},{"damage":26,"enemies":"Shelled Parasite and Fungi","floor":21,"turns":5}],"seed_played":"8021533235472750867","potions_obtained":[{"floor":4,"key":"LiquidBronze"},{"floor":5,"key":"Dexterity Potion"},{"floor":12,"key":"sneckomod:MuddlingPotion"}],"is_trial":false,"path_per_floor":["M","?","M","M","M","E","?","R","T","M","R","E","R","M","R","B",null,"M","$","M","M"],"character_chosen":"THE_FIREBLADE","items_purchased":["Vajra","FireBladeMod:SoulSword"],"campfire_rested":1,"item_purchase_floors":[19,19],"current_hp_per_floor":[69,69,69,68,63,52,52,52,52,34,34,26,47,47,47,31,70,65,65,25,0,0],"gold":385,"neow_bonus":"TRANSFORM_CARD","is_daily":false,"chose_seed":false,"campfire_upgraded":3,"win_rate":0.0,"timestamp":1613251860,"path_taken":["M","?","M","?","M","E","?","R","T","M","R","E","R","M","R","BOSS","M","$","M","M"],"items_purchased_type":["Relic","Card"],"build_version":"2020-12-22","purchased_purges":0,"victory":false,"max_hp_per_floor":[70,70,70,70,70,70,70,70,70,70,70,70,70,70,70,70,70,70,70,70,70,70],"relic_stats":{"counters":[12,45],"Kunai":[5],"Letter Opener":[5],"obtain_stats":[{"FireBladeMod:DuelistLocket":0,"FireBladeMod:TigerClaw":17,"Vajra":19,"EVO:Axolotl":0,"Kunai":6,"Letter Opener":12,"Akabeko":9},{"FireBladeMod:DuelistLocket":0,"FireBladeMod:TigerClaw":9,"Vajra":10,"EVO:Axolotl":0,"Kunai":5,"Letter Opener":7,"Akabeko":5},{"FireBladeMod:DuelistLocket":0,"FireBladeMod:TigerClaw":32,"Vajra":35,"EVO:Axolotl":0,"Kunai":14,"Letter Opener":21,"Akabeko":14}]},"card_choices":[{"not_picked":["FireBladeMod:ComplexAttack","FireBladeMod:Refreshment"],"picked":"FireBladeMod:AdrenalineBoost","floor":1},{"not_picked":["FireBladeMod:Turtle","FireBladeMod:Flames"],"picked":"FireBladeMod:ScorchingCleave","floor":3},{"not_picked":["FireBladeMod:ArmSmash","FireBladeMod:SmokySwing"],"picked":"FireBladeMod:Tempo","floor":4},{"not_picked":["FireBladeMod:WellPrepared","FireBladeMod:ComplexDefense"],"picked":"FireBladeMod:AdrenalineBoost","floor":5},{"not_picked":["FireBladeMod:SteadyEndurance","FireBladeMod:DoubleDash"],"picked":"FireBladeMod:Shove","floor":6},{"not_picked":["FireBladeMod:Turtle","FireBladeMod:MomentumStrikes"],"picked":"FireBladeMod:Accelerant","floor":10},{"not_picked":["FireBladeMod:BasicSmash","FireBladeMod:AbsorbEnergy"],"picked":"FireBladeMod:ThirdDegree","floor":12},{"not_picked":["FireBladeMod:Flames","FireBladeMod:FerventSlash"],"picked":"FireBladeMod:HellFire","floor":14},{"not_picked":["FireBladeMod:FinalSmash","FireBladeMod:Ignition"],"picked":"FireBladeMod:DeathBlade","floor":16},{"not_picked":["FireBladeMod:ArmSmash+1","FireBladeMod:ComboCleave"],"picked":"FireBladeMod:SmokeScreen","floor":18},{"not_picked":["FireBladeMod:SpinningSmash+1","FireBladeMod:ThirdDegree"],"picked":"FireBladeMod:Flames","floor":20}],"player_experience":432897,"relics_obtained":[{"floor":6,"key":"Kunai"},{"floor":9,"key":"Akabeko"},{"floor":12,"key":"Letter Opener"}],"event_choices":[{"damage_healed":0,"gold_gain":0,"player_choice":"Forge","damage_taken":0,"max_hp_gain":0,"max_hp_loss":0,"event_name":"Accursed Blacksmith","floor":2,"gold_loss":0,"cards_upgraded":["FireBladeMod:AdrenalineBoost"]},{"damage_healed":0,"gold_gain":175,"player_choice":"AGREE","damage_taken":185,"max_hp_gain":0,"max_hp_loss":0,"event_name":"betterThird:BetterSerpent","floor":7,"gold_loss":0}],"is_beta":false,"boss_relics":[{"not_picked":["energizedSpire:HugeHouse","Philosopher\u0027s Stone"],"picked":"FireBladeMod:TigerClaw"}],"items_purged_floors":[],"is_endless":false,"potions_floor_spawned":[4,5,12,14,16,18],"killed_by":"Shelled Parasite and Fungi","ascension_level":0}}