{"host":"6azrrw3tf7wb0f4b","time":1613203099,"event":{"mods":["BaseMod","DeckTracker","Minty Spire (QoL Compilation)","SuperFastMode"],"gold_per_floor":[109,59,79,4,4,4,17,51,51,62,62,62,62,82,82,82,82],"floor_reached":16,"language":"KOR","playtime":733,"items_purged":["Strike_B"],"score":100,"play_id":"c2e81be3-d6a9-4ddd-ab1a-93e98365adfe","local_time":"20210213165819","is_ascension_mode":false,"campfire_choices":[{"data":"Genetic Algorithm","floor":6,"key":"SMITH"},{"floor":11,"key":"REST"},{"data":"Gash","floor":13,"key":"SMITH"},{"data":"Chaos","floor":15,"key":"SMITH"}],"circlet_count":0,"master_deck":["Strike_B","Strike_B","Defend_B","Defend_B+1","Defend_B","Defend_B","Zap+1","Dualcast","Gash+1","Coolheaded","Genetic Algorithm+1","Scrape","Chaos+1","Defragment"],"relics":["Cracked Core","Calipers","Gremlin Horn"],"acts_visited":["Exordium"],"potions_floor_usage":[14,16],"damage_taken":[{"damage":5,"enemies":"Jaw Worm","floor":1,"turns":4},{"damage":5,"enemies":"Small Slimes","floor":3,"turns":3},{"damage":0,"enemies":"2 Louse","floor":7,"turns":2},{"damage":36,"enemies":"Gremlin Nob","floor":8,"turns":4},{"damage":6,"enemies":"Large Slime","floor":10,"turns":4},{"damage":4,"enemies":"Exordium Thugs","floor":14,"turns":4},{"damage":35,"enemies":"Slime Boss","floor":16,"turns":5}],"seed_played":"5329799296588426546","potions_obtained":[{"floor":7,"key":"Explosive Potion"},{"floor":14,"key":"Energy Potion"}],"is_trial":false,"path_per_floor":["M","?","M","$","?","R","M","E","T","M","R","$","R","M","R","B"],"character_chosen":"DEFECT","items_purchased":[],"campfire_rested":1,"item_purchase_floors":[],"current_hp_per_floor":[70,70,65,65,50,50,50,14,14,8,30,30,30,26,26,0,0],"gold":82,"neow_bonus":"THREE_CARDS","is_daily":false,"chose_seed":false,"campfire_upgraded":3,"win_rate":0.0,"timestamp":1613203099,"path_taken":["M","?","M","$","?","R","M","E","T","M","R","?","R","?","R","BOSS"],"items_purchased_type":[],"build_version":"2020-12-22","purchased_purges":1,"victory":false,"max_hp_per_floor":[75,75,75,75,75,75,75,75,75,75,75,75,75,75,75,75,75],"card_choices":[{"not_picked":["Conserve Battery","Chill"],"picked":"Gash","floor":0},{"not_picked":["Cold Snap","Fusion"],"picked":"Coolheaded","floor":1},{"not_picked":["Chill","Stack"],"picked":"Genetic Algorithm","floor":3},{"not_picked":["Heatsinks","Fusion"],"picked":"Scrape","floor":7},{"not_picked":["Stack","Consume"],"picked":"Chaos","floor":8},{"not_picked":["Heatsinks","Reprogram"],"picked":"Defragment","floor":10},{"not_picked":["Stack","Conserve Battery","Skim"],"picked":"SKIP","floor":14}],"player_experience":776771,"relics_obtained":[{"floor":8,"key":"Calipers"},{"floor":9,"key":"Gremlin Horn"}],"event_choices":[{"cards_removed":["Strike_B"],"damage_healed":0,"gold_gain":0,"player_choice":"Card Removal","damage_taken":0,"max_hp_gain":0,"max_hp_loss":0,"event_name":"The Cleric","floor":2,"gold_loss":50},{"damage_healed":0,"gold_gain":0,"player_choice":"Entered Light","damage_taken":15,"max_hp_gain":0,"max_hp_loss":0,"event_name":"Shining Light","floor":5,"gold_loss":0,"cards_upgraded":["Defend_B","Zap"]}],"is_beta":false,"boss_relics":[],"items_purged_floors":[4],"is_endless":false,"potions_floor_spawned":[7,14],"killed_by":"Slime Boss","ascension_level":0}}