{"host":"4gr5irrdjh39ysed","time":1613235980,"event":{"mods":["AchievementEnabler","BaseMod","Colored Map","Downfall","Hermit","Minty Spire (QoL Compilation)","Random Character Button","StSLib","The Construct","The Cursed","The Disciple","The Hierophant","The Mystic","The Necromancer","The Runesmith"],"gold_per_floor":[119,169,184,84,94,94,120,45,122,132,132,132,147,164,164,243,243,258,258,218,235,248,282,296,312,312,339,351,363,410,438,450,540,552,576,608,193,193,193,225,241,241,264,298,317,330,341,369,369,369,369,369,104,132,132],"floor_reached":56,"language":"ENG","playtime":2271,"items_purged":["Defend_B","Parasite"],"score":2327,"play_id":"e8c7df39-040e-438d-84bd-60dad0e962fb","local_time":"20210213100619","is_ascension_mode":true,"campfire_choices":[{"floor":6,"key":"RECALL"},{"data":"Fusion","floor":12,"key":"SMITH"},{"data":"Reboot","floor":15,"key":"SMITH"},{"data":"Core Surge","floor":28,"key":"SMITH"},{"data":"Blizzard","floor":32,"key":"SMITH"},{"data":"All For One","floor":42,"key":"SMITH"},{"data":"Mind Blast","floor":49,"key":"SMITH"},{"data":"Core Surge","floor":52,"key":"SMITH"}],"circlet_count":0,"master_deck":["AscendersBane","Dualcast+1","Hyperbeam+1","Compile Driver+1","Hologram+1","FTL","Compile Driver","Cold Snap","Fusion+1","Beam Cell","Melter","Reboot+1","Core Surge+1","Beam Cell","Hyperbeam+1","Blizzard+1","Compile Driver","Doom and Gloom+1","Chill","Rebound","Aggregate+1","Scrape+1","Bite","Bite","Bite","Bite","Bite","Compile Driver","All For One+1","Glacier+1","Master of Strategy+1","Core Surge+1","Scrape","Enlightenment+1","Mind Blast+1","Go for the Eyes+1","Streamline","Go for the Eyes","Reboot+1","Streamline+1","Echo Form"],"relics":["Astrolabe","Slimebound:StickyStick","Bottled Lightning","Coffee Dripper","War Paint","Ice Cream","MawBank","Toxic Egg 2","Black Star","Blood Vial","Lantern","Gremlin Horn","Vajra","Bag of Marbles","Shuriken","Kunai","Eternal Feather"],"acts_visited":["Exordium","TheCity","TheBeyond","TheEnding"],"potions_floor_usage":[13,23,33,47,48,55],"damage_taken":[{"damage":0,"enemies":"Cultist","floor":1,"turns":2},{"damage":8,"enemies":"Small Slimes","floor":3,"turns":2},{"damage":12,"enemies":"Jaw Worm","floor":5,"turns":2},{"damage":36,"enemies":"Gremlin Nob","floor":7,"turns":4},{"damage":14,"enemies":"Red Slaver","floor":10,"turns":2},{"damage":9,"enemies":"Looter","floor":13,"turns":2},{"damage":10,"enemies":"Large Slime","floor":14,"turns":3},{"damage":36,"enemies":"Slime Boss","floor":16,"turns":5},{"damage":35,"enemies":"Shell Parasite","floor":18,"turns":3},{"damage":0,"enemies":"Chosen","floor":21,"turns":3},{"damage":48,"enemies":"Snake Plant","floor":22,"turns":3},{"damage":34,"enemies":"Slavers","floor":23,"turns":2},{"damage":51,"enemies":"Shelled Parasite and Fungi","floor":24,"turns":3},{"damage":0,"enemies":"Snecko","floor":25,"turns":2},{"damage":59,"enemies":"Book of Stabbing","floor":27,"turns":4},{"damage":0,"enemies":"Gremlin Leader","floor":30,"turns":3},{"damage":1,"enemies":"3 Cultists","floor":31,"turns":3},{"damage":38,"enemies":"Automaton","floor":33,"turns":6},{"damage":11,"enemies":"Orb Walker","floor":35,"turns":2},{"damage":12,"enemies":"3 Darklings","floor":36,"turns":2},{"damage":94,"enemies":"Nemesis","floor":40,"turns":5},{"damage":41,"enemies":"Writhing Mass","floor":41,"turns":4},{"damage":246,"enemies":"Giant Head","floor":44,"turns":10},{"damage":30,"enemies":"Transient","floor":45,"turns":6},{"damage":25,"enemies":"Spire Growth","floor":46,"turns":3},{"damage":19,"enemies":"Writhing Mass","floor":47,"turns":3},{"damage":116,"enemies":"Reptomancer","floor":48,"turns":3},{"damage":107,"enemies":"Donu and Deca","floor":50,"turns":6},{"damage":92,"enemies":"Shield and Spear","floor":54,"turns":3},{"damage":190,"enemies":"The Heart","floor":55,"turns":6}],"seed_played":"-6851514917649426753","potions_obtained":[{"floor":1,"key":"Ancient Potion"},{"floor":10,"key":"Strength Potion"},{"floor":22,"key":"PowerPotion"},{"floor":24,"key":"Strength Potion"},{"floor":30,"key":"ColorlessPotion"},{"floor":44,"key":"SkillPotion"},{"floor":54,"key":"LiquidMemories"}],"is_trial":false,"path_per_floor":["M","?","M","$","M","R","E","?","T","M","$","R","M","M","R","B",null,"M","?","$","M","M","E","M","M","T","E","R","?","E","M","R","B",null,"M","M","$","?","?","E","M","R","T","E","M","M","M","E","R","B",null,"R","$","E","B",null],"character_chosen":"DEFECT","items_purchased":["Cold Snap","Blizzard","Master of Strategy+1","Core Surge","Scrape","Echo Form"],"campfire_rested":0,"item_purchase_floors":[4,20,37,37,37,53],"current_hp_per_floor":[2064,1857,1849,1849,1837,1837,1801,1801,1801,1787,1787,1787,1778,1768,1768,1732,1986,1951,1951,1951,1951,1903,1869,1818,1818,1818,1759,1759,1449,1449,1448,1448,1419,1442,1433,1421,1421,1416,1199,1105,1070,1070,1070,838,820,801,786,676,676,581,1232,1232,1232,1148,970],"gold":132,"neow_bonus":"BOSS_RELIC","is_daily":false,"chose_seed":false,"campfire_upgraded":7,"win_rate":0.0,"timestamp":1613235979,"path_taken":["M","?","M","$","?","R","E","?","T","M","$","R","M","M","R","BOSS","M","?","$","?","M","E","M","M","T","E","R","?","E","M","R","BOSS","M","M","$","?","?","E","M","R","T","E","M","?","M","E","R","BOSS","R","$","E","BOSS"],"items_purchased_type":["Card","Card","Card","Card","Card","Card"],"build_version":"2020-12-22","purchased_purges":2,"victory":true,"max_hp_per_floor":[2071,2071,2071,2071,2071,2071,2071,2071,2071,2071,2071,2071,2071,2071,2071,2071,2071,2071,2071,2071,2071,2071,2071,2071,2071,2071,2071,2071,1449,1449,1449,1449,1449,1449,1449,1449,1449,1449,1449,1449,1449,1449,1449,1449,1449,1449,1449,1449,1449,1449,1449,1449,1446,1446,1446],"card_choices":[{"not_picked":["Steam Power","Steam"],"picked":"FTL","floor":1},{"not_picked":["Steam","Leap"],"picked":"Compile Driver","floor":3},{"not_picked":["Hologram","Steam"],"picked":"Fusion","floor":5},{"not_picked":["Fusion","Self Repair"],"picked":"Beam Cell","floor":7},{"not_picked":["Capacitor","FTL"],"picked":"Melter","floor":10},{"not_picked":["Recycle","Stack"],"picked":"Reboot","floor":13},{"not_picked":["Steam Power","Stack","Genetic Algorithm"],"picked":"SKIP","floor":14},{"not_picked":["Reboot","Biased Cognition"],"picked":"Core Surge","floor":16},{"not_picked":["Compile Driver","Conserve Battery"],"picked":"Beam Cell","floor":18},{"not_picked":["BootSequence","Reinforced Body"],"picked":"Compile Driver","floor":21},{"not_picked":["Reinforced Body","Ball Lightning"],"picked":"Doom and Gloom+1","floor":22},{"not_picked":["Ball Lightning","Go for the Eyes"],"picked":"Chill","floor":23},{"not_picked":["Gash","Coolheaded"],"picked":"Rebound","floor":24},{"not_picked":["Ball Lightning+1","Glacier"],"picked":"Aggregate+1","floor":25},{"not_picked":["Heatsinks","Hello World"],"picked":"Scrape+1","floor":27},{"not_picked":["Doom and Gloom","Leap+1"],"picked":"Compile Driver","floor":30},{"not_picked":["Reinforced Body+1","Leap+1","Beam Cell"],"picked":"SKIP","floor":31},{"not_picked":["Biased Cognition","Amplify+1"],"picked":"All For One","floor":33},{"not_picked":["Blizzard","Tempest+1","Defragment"],"picked":"SKIP","floor":35},{"not_picked":["Coolheaded+1","Ball Lightning"],"picked":"Glacier+1","floor":36},{"not_picked":["Finesse+1","Flash of Steel"],"picked":"Enlightenment+1","floor":38},{"not_picked":["Jack Of All Trades+1","Forethought+1"],"picked":"Mind Blast","floor":38},{"not_picked":["Coolheaded+1","Redo+1"],"picked":"Go for the Eyes+1","floor":40},{"not_picked":["Skim+1","Sweeping Beam"],"picked":"Streamline","floor":41},{"not_picked":["Reinforced Body+1","Tempest+1"],"picked":"Go for the Eyes","floor":44},{"not_picked":["Steam+1","Beam Cell"],"picked":"Reboot+1","floor":45},{"not_picked":["Static Discharge","Steam Power+1","Reinforced Body+1"],"picked":"SKIP","floor":46},{"not_picked":["Glacier+1","Redo+1"],"picked":"Streamline+1","floor":47},{"not_picked":["Recycle+1","Coolheaded+1","Conserve Battery+1"],"picked":"SKIP","floor":48},{"not_picked":["Rebound","Hologram+1","Coolheaded+1"],"picked":"SKIP","floor":54}],"player_experience":361487,"relics_obtained":[{"floor":7,"key":"Slimebound:StickyStick"},{"floor":9,"key":"Bottled Lightning"},{"floor":23,"key":"War Paint"},{"floor":26,"key":"Ice Cream"},{"floor":27,"key":"MawBank"},{"floor":30,"key":"Toxic Egg 2"},{"floor":40,"key":"Blood Vial"},{"floor":40,"key":"Lantern"},{"floor":44,"key":"Gremlin Horn"},{"floor":44,"key":"Vajra"},{"floor":48,"key":"Bag of Marbles"},{"floor":48,"key":"Shuriken"},{"floor":54,"key":"Kunai"},{"floor":54,"key":"Eternal Feather"}],"event_choices":[{"damage_healed":0,"gold_gain":50,"player_choice":"Touch","damage_taken":207,"max_hp_gain":0,"max_hp_loss":0,"event_name":"FaceTrader","floor":2,"gold_loss":0},{"cards_removed":["Zap"],"damage_healed":0,"gold_gain":0,"player_choice":"Card Removal","damage_taken":0,"max_hp_gain":0,"max_hp_loss":0,"event_name":"The Cleric","floor":8,"gold_loss":75},{"damage_healed":0,"gold_gain":0,"player_choice":"Copied","damage_taken":0,"max_hp_gain":0,"max_hp_loss":0,"event_name":"Duplicator","floor":19,"gold_loss":0,"cards_obtained":["Hyperbeam"]},{"damage_healed":0,"gold_gain":0,"player_choice":"Became a vampire","damage_taken":0,"max_hp_gain":0,"max_hp_loss":622,"event_name":"Vampires","floor":29,"gold_loss":0,"cards_obtained":["Bite","Bite","Bite","Bite","Bite"]},{"damage_healed":0,"gold_gain":0,"player_choice":"Memory 2","damage_taken":5,"max_hp_gain":0,"max_hp_loss":0,"event_name":"SensoryStone","floor":38,"gold_loss":0},{"damage_healed":0,"gold_gain":0,"player_choice":"Damaged","damage_taken":217,"max_hp_gain":0,"max_hp_loss":0,"event_name":"Wheel of Change","floor":39,"gold_loss":0}],"is_beta":false,"boss_relics":[{"not_picked":["Fusion Hammer","construct:WeddingRing"],"picked":"Coffee Dripper"},{"not_picked":["Pandora\u0027s Box","Empty Cage"],"picked":"Black Star"}],"items_purged_floors":[4,53],"is_endless":false,"potions_floor_spawned":[1,10,22,24,25,30,31,35,44,46,54],"ascension_level":18}}