{"host":"8iprjuzow65cevwy","time":1613214115,"event":{"mods":["BaseMod","Colored Map","Highlight Path","Minty Spire (QoL Compilation)"],"gold_per_floor":[109,109,120,132,152,152,166,195,246,256,14,32,32,44,44,140,140,150,164,164,175,185,185,204,231,231,261,261,261],"floor_reached":28,"language":"ENG","playtime":1484,"items_purged":[],"score":395,"play_id":"e7b702d2-84e1-4a58-9cd9-8780900b375e","local_time":"20210213120155","is_ascension_mode":true,"campfire_choices":[{"data":"Streamline","floor":6,"key":"SMITH"},{"floor":13,"key":"REST"},{"floor":15,"key":"REST"},{"floor":23,"key":"REST"}],"circlet_count":0,"master_deck":["Strike_B","Strike_B","Strike_B","Strike_B","Defend_B","Defend_B","Defend_B","Defend_B","Zap","Dualcast","Rebound","Coolheaded","Hologram","Streamline+1","Conserve Battery","Fusion","Sweeping Beam","Sunder","Coolheaded","Stack","Undo","Buffer","Fusion","Skim","Glacier","Leap","Turbo","Thunder Strike"],"relics":["Snecko Eye","CultistMask","Regal Pillow","Akabeko","HandDrill","Black Star","InkBottle","Potion Belt","The Courier","Question Card","Gambling Chip"],"acts_visited":["Exordium","TheCity"],"potions_floor_usage":[7,21,24,27,27],"damage_taken":[{"damage":1,"enemies":"Cultist","floor":1,"turns":4},{"damage":8,"enemies":"2 Louse","floor":3,"turns":2},{"damage":2,"enemies":"Small Slimes","floor":4,"turns":3},{"damage":17,"enemies":"Exordium Thugs","floor":5,"turns":5},{"damage":5,"enemies":"Large Slime","floor":7,"turns":4},{"damage":18,"enemies":"Gremlin Nob","floor":8,"turns":4},{"damage":1,"enemies":"Looter","floor":10,"turns":2},{"damage":8,"enemies":"Blue Slaver","floor":12,"turns":2},{"damage":25,"enemies":"Gremlin Gang","floor":14,"turns":4},{"damage":0,"enemies":"Slime Boss","floor":16,"turns":4},{"damage":15,"enemies":"2 Thieves","floor":18,"turns":4},{"damage":12,"enemies":"Shell Parasite","floor":19,"turns":3},{"damage":15,"enemies":"Shelled Parasite and Fungi","floor":21,"turns":6},{"damage":17,"enemies":"Centurion and Healer","floor":22,"turns":4},{"damage":24,"enemies":"Snake Plant","floor":24,"turns":4},{"damage":33,"enemies":"Book of Stabbing","floor":25,"turns":7},{"damage":31,"enemies":"Slavers","floor":27,"turns":6},{"damage":15,"enemies":"Shelled Parasite and Fungi","floor":28,"turns":1}],"seed_played":"-2368592989031927714","potions_obtained":[{"floor":4,"key":"FairyPotion"},{"floor":5,"key":"EssenceOfSteel"},{"floor":8,"key":"SteroidPotion"},{"floor":18,"key":"FairyPotion"},{"floor":20,"key":"Energy Potion"},{"floor":21,"key":"LiquidBronze"},{"floor":24,"key":"Explosive Potion"},{"floor":25,"key":"Swift Potion"}],"is_trial":false,"path_per_floor":["M","?","M","M","M","R","M","E","T","M","$","M","R","M","R","B",null,"M","M","?","M","M","R","M","E","T","E","M"],"character_chosen":"DEFECT","items_purchased":["Sunder","HandDrill","Coolheaded"],"campfire_rested":3,"item_purchase_floors":[11,11,11],"current_hp_per_floor":[74,74,66,64,47,47,42,24,24,23,23,15,52,27,64,64,72,57,45,45,30,13,50,26,15,15,9,0,0],"gold":261,"neow_bonus":"BOSS_RELIC","is_daily":false,"chose_seed":false,"campfire_upgraded":1,"win_rate":0.0,"timestamp":1613214115,"path_taken":["M","?","M","M","M","R","M","E","T","M","$","?","R","?","R","BOSS","M","M","?","M","?","R","?","E","T","E","M"],"items_purchased_type":["Card","Relic","Card"],"build_version":"2020-12-22","purchased_purges":0,"victory":false,"max_hp_per_floor":[75,75,75,75,75,75,75,75,75,75,75,75,75,75,75,75,75,75,75,75,75,75,75,75,75,75,75,75,75],"card_choices":[{"not_picked":["Stack","Sweeping Beam"],"picked":"Rebound","floor":1},{"not_picked":["Loop","Chill"],"picked":"Coolheaded","floor":3},{"not_picked":["Beam Cell","Gash"],"picked":"Hologram","floor":4},{"not_picked":["Redo","Ball Lightning"],"picked":"Streamline","floor":5},{"not_picked":["Go for the Eyes","Gash"],"picked":"Conserve Battery","floor":7},{"not_picked":["Reprogram","Scrape"],"picked":"Fusion","floor":8},{"not_picked":["Reboot","Rebound"],"picked":"Sweeping Beam","floor":10},{"not_picked":["Gash","Darkness"],"picked":"Stack","floor":12},{"not_picked":["Gash","Stack"],"picked":"Undo","floor":14},{"not_picked":["Fission","Amplify"],"picked":"Buffer","floor":16},{"not_picked":["Steam+1","Steam Power+1"],"picked":"Fusion","floor":18},{"not_picked":["Compile Driver+1","Aggregate"],"picked":"Skim","floor":19},{"not_picked":["Reprogram","Go for the Eyes+1","Redo"],"picked":"SKIP","floor":21},{"not_picked":["Gash","Scrape"],"picked":"Glacier","floor":22},{"not_picked":["Sweeping Beam","Gash+1"],"picked":"Leap","floor":24},{"not_picked":["Redo","Skim"],"picked":"Turbo","floor":25},{"not_picked":["Recycle","Genetic Algorithm"],"picked":"Thunder Strike","floor":27}],"player_experience":300772,"relics_obtained":[{"floor":8,"key":"Regal Pillow"},{"floor":9,"key":"Akabeko"},{"floor":25,"key":"InkBottle"},{"floor":25,"key":"Potion Belt"},{"floor":26,"key":"The Courier"},{"floor":27,"key":"Question Card"},{"floor":27,"key":"Gambling Chip"}],"event_choices":[{"damage_healed":0,"gold_gain":0,"player_choice":"Trade","damage_taken":0,"relics_obtained":["CultistMask"],"max_hp_gain":0,"max_hp_loss":0,"event_name":"FaceTrader","floor":2,"gold_loss":0},{"damage_healed":0,"gold_gain":0,"player_choice":"Got Potions","damage_taken":0,"max_hp_gain":0,"max_hp_loss":0,"event_name":"Lab","floor":20,"gold_loss":0}],"is_beta":false,"boss_relics":[{"not_picked":["Sozu","Tiny House"],"picked":"Black Star"}],"items_purged_floors":[],"is_endless":false,"potions_floor_spawned":[4,5,8,18,21,24,25],"killed_by":"Shelled Parasite and Fungi","ascension_level":5}}