{"host":"1y3caoxlf2txzqg0","time":1613182369,"event":{"mods":["Alarm Clock","BaseMod","Colored Map","DeckTracker","Downfall","GifTheSpireLib","Minty Spire (QoL Compilation)","Rare Cards Sparkle","Relic Stats","Spire Birthday Party","StSLib"],"gold_per_floor":[99,111,127,24,24,24,47,32,43,78,78,228,37,54,68,167,167,67,83,20,20,20,30,103,3,13,48,48,48,67,99,117,217,217,117,127,144,144,164,164,164,164,191,211,246,111,127,202,220,220,220,255,0,0,0,0],"floor_reached":57,"language":"DEU","playtime":10627,"items_purged":["downfall:Haunted"],"score":1276,"play_id":"d865cd62-ad48-425b-9a46-362c0adb9cda","local_time":"20210213031249","is_ascension_mode":false,"campfire_choices":[{"floor":1.0,"key":"RECALL"},{"data":"Guardian:WalkerClaw","floor":6.0,"key":"SMITH"},{"floor":11.0,"key":"REST"},{"data":"Guardian:Repulse","floor":18.0,"key":"SMITH"},{"data":"Guardian:FloatingOrbs","floor":25.0,"key":"SMITH"},{"floor":29.0,"key":"REST"},{"data":"Guardian:PrismaticBeam","floor":35.0,"key":"SMITH"},{"data":"Guardian:Recover","floor":40.0,"key":"SMITH"},{"data":"Guardian:BaubleBeam","floor":42.0,"key":"SMITH"},{"floor":54,"key":"REST"}],"circlet_count":0,"master_deck":["Guardian:Strike_Guardian","Guardian:Strike_Guardian","Guardian:Strike_Guardian","Guardian:Defend_Guardian","Guardian:Defend_Guardian","Guardian:Defend_Guardian","Guardian:Defend_Guardian","Guardian:CurlUp","Guardian:TwinSlam","Guardian:WalkerClaw+1","Guardian:FloatingOrbs+1","Guardian:TimeCapacitor","Guardian:ChargeCore","Guardian:Repulse+1","Guardian:PiercingHide","Guardian:CrystalBeam","Guardian:AncientConstruct","Guardian:RollAttack","Guardian:TemporalStrike","Guardian:Reroute","Guardian:Reroute","Guardian:Recover+1","Guardian:PrismaticBeam+1","Guardian:BaubleBeam+1","Guardian:PrimingBeam","Pain","Guardian:ChargeCore+1","Guardian:Planning+1","Parasite","Guardian:TemporalStrike+1","Guardian:PrismaticBarrier","Guardian:TimeBomb+1","Guardian:SentryBeam","Guardian:TimeCapacitor","expansioncontent:StudyTheSpire","expansioncontent:AwakenDeath"],"relics":["Guardian:ModeShifter","Bronze Scales","Potion Belt","SlaversCollar","downfall:HeartBlessingGreen","Kunai","Spirit Poop","downfall:HeartBlessingBlue","Bird Faced Urn","Blue Candle","Cursed Key","downfall:HeartBlessingRed","Vajra","Darkstone Periapt","Bag of Marbles","Shuriken","Lizard Tail"],"acts_visited":["Exordium","TheCity","TheBeyond","TheEnding"],"potions_floor_usage":[49,50,50,50,50,50,50,55],"damage_taken":[{"damage":1.0,"enemies":"Cultist","floor":2.0,"turns":5.0},{"damage":4.0,"enemies":"2 Louse","floor":3.0,"turns":3.0},{"damage":5.0,"enemies":"downfall:FleeingMerchant","floor":4.0,"turns":4.0},{"damage":12.0,"enemies":"downfall:FleeingMerchant","floor":8.0,"turns":4.0},{"damage":9.0,"enemies":"Small Slimes","floor":9.0,"turns":3.0},{"damage":25.0,"enemies":"Gremlin Nob","floor":10.0,"turns":5.0},{"damage":20.0,"enemies":"downfall:FleeingMerchant","floor":13.0,"turns":4.0},{"damage":3.0,"enemies":"Red Slaver","floor":14.0,"turns":4.0},{"damage":0.0,"enemies":"2 Fungi Beasts","floor":15.0,"turns":3.0},{"damage":3.0,"enemies":"SI_SHIV_ARCHETYPE","floor":16.0,"turns":7.0},{"damage":19.0,"enemies":"3 Byrds","floor":19.0,"turns":5.0},{"damage":1.0,"enemies":"downfall:FleeingMerchant","floor":20.0,"turns":4.0},{"damage":10.0,"enemies":"Chosen","floor":23.0,"turns":5.0},{"damage":18.0,"enemies":"Centurion and Healer","floor":26.0,"turns":4.0},{"damage":12.0,"enemies":"Slavers","floor":27.0,"turns":5.0},{"damage":14.0,"enemies":"Snecko","floor":30.0,"turns":5.0},{"damage":9.0,"enemies":"Gremlin Leader","floor":31.0,"turns":6.0},{"damage":4.0,"enemies":"Cultist and Chosen","floor":32.0,"turns":6.0},{"damage":34.0,"enemies":"WA_ARCHETYPE_CALM","floor":33.0,"turns":10.0},{"damage":11.0,"enemies":"Orb Walker","floor":36.0,"turns":3.0},{"damage":0.0,"enemies":"3 Shapes","floor":37.0,"turns":4.0},{"damage":34.0,"enemies":"Sphere and 2 Shapes","floor":39.0,"turns":7.0},{"damage":39.0,"enemies":"Giant Head","floor":43.0,"turns":9.0},{"damage":46,"enemies":"Writhing Mass","floor":44,"turns":6},{"damage":15,"enemies":"Reptomancer","floor":45,"turns":6},{"damage":0,"enemies":"downfall:FleeingMerchant","floor":46,"turns":3},{"damage":9,"enemies":"3 Darklings","floor":47,"turns":7},{"damage":0,"enemies":"Jaw Worm Horde","floor":49,"turns":3},{"damage":159,"enemies":"IC_BLOCK_ARCHETYPE","floor":50,"turns":9},{"damage":78,"enemies":"downfall:CharBossMerchant","floor":52,"turns":8},{"damage":36,"enemies":"downfall:NeowBoss","floor":55,"turns":17},{"damage":115,"enemies":"downfall:NeowBossFinal","floor":56,"turns":10}],"seed_played":"-768562053836574610","potions_obtained":[{"floor":2.0,"key":"AttackPotion"},{"floor":9.0,"key":"FairyPotion"},{"floor":14.0,"key":"BlessingOfTheForge"},{"floor":15.0,"key":"Energy Potion"},{"floor":23.0,"key":"SpeedPotion"},{"floor":27.0,"key":"EntropicBrew"},{"floor":31.0,"key":"CultistPotion"},{"floor":32.0,"key":"bronze:BurnAndBuffPotion"},{"floor":33.0,"key":"champ:CounterPotion"},{"floor":37.0,"key":"Fruit Juice"},{"floor":39.0,"key":"EssenceOfSteel"},{"floor":47,"key":"Energy Potion"},{"floor":48,"key":"downfall:CursedFountainPotion"},{"floor":49,"key":"FairyPotion"}],"is_trial":false,"path_per_floor":["R","M","M","$","?","R","T","$","M","E","R","?","$","M","M","B",null,"R","M","$","?","?","M","T","R","M","E","?","R","M","E","M","B",null,"R","M","M","?","M","R","T","R","E","M","E","$","M","?","M","B",null,"E","$","R","B","B",null],"character_chosen":"GUARDIAN","items_purchased":["Guardian:TimeCapacitor","Guardian:ChargeCore","Potion Belt","Guardian:CrystalBeam","Guardian:Reroute","Guardian:Gem_Red","Guardian:SentryBeam","Guardian:TimeCapacitor","Shuriken","expansioncontent:StudyTheSpire","expansioncontent:AwakenDeath"],"campfire_rested":3,"item_purchase_floors":[4,4,13,13,20,46,46,46,46,53,53],"current_hp_per_floor":[88,87,83,78,78,78,78,66,57,32,58,58,38,35,35,32,88,88,69,68,68,68,58,58,68,50,38,18,48,38,35,33,5,103,103,92,103,119,93,93,93,93,62,30,21,23,22,22,24,39,130,60,60,99,79,65],"gold":0,"neow_bonus":"TEN_PERCENT_HP_BONUS","is_daily":false,"chose_seed":false,"campfire_upgraded":6,"win_rate":0.0,"timestamp":1613182369,"path_taken":["R","M","M","$","?","R","T","$","M","E","R","?","$","M","M","BOSS","R","M","$","?","?","M","T","R","?","E","?","R","M","E","M","BOSS","R","M","M","?","M","R","T","R","E","M","E","$","M","?","M","BOSS","E","$","R","BOSS","BOSS"],"items_purchased_type":["Card","Card","Relic","Card","Card","Card","Card","Card","Relic","Card","Card"],"build_version":"2020-12-22","purchased_purges":1,"victory":true,"max_hp_per_floor":[88,88,88,88,88,88,88,88,88,88,88,88,88,88,88,88,88,88,88,88,88,88,88,88,98,98,98,103,103,103,103,103,103,103,103,103,108,124,124,124,124,124,124,130,130,130,130,130,130,130,130,130,130,130,130,130],"relic_stats":{"Darkstone Periapt":6,"Lizard Tail":65,"counters":[32,184],"Shuriken":[40],"Bronze Scales":[449],"Bird Faced Urn":[118],"Blue Candle":[7],"Kunai":[84],"Cursed Key":1,"obtain_stats":[{"Potion Belt":13,"Darkstone Periapt":43,"downfall:HeartBlessingRed":35,"Blue Candle":31,"Guardian:ModeShifter":0,"Spirit Poop":22,"Vajra":41,"downfall:HeartBlessingGreen":18,"Cursed Key":34,"SlaversCollar":17,"Lizard Tail":52,"downfall:HeartBlessingBlue":25,"Shuriken":46,"Bronze Scales":7,"Bird Faced Urn":27,"Slimebound:PreparedRelic":10,"Bag of Marbles":45,"Kunai":21},{"Potion Belt":7,"Darkstone Periapt":23,"downfall:HeartBlessingRed":19,"Blue Candle":17,"Guardian:ModeShifter":0,"Spirit Poop":12,"Vajra":22,"downfall:HeartBlessingGreen":10,"Cursed Key":19,"SlaversCollar":10,"Lizard Tail":30,"downfall:HeartBlessingBlue":13,"Shuriken":26,"Bronze Scales":3,"Bird Faced Urn":15,"Slimebound:PreparedRelic":6,"Bag of Marbles":25,"Kunai":12},{"Potion Belt":28,"Darkstone Periapt":115,"downfall:HeartBlessingRed":92,"Blue Candle":76,"Guardian:ModeShifter":0,"Spirit Poop":51,"Vajra":106,"downfall:HeartBlessingGreen":42,"Cursed Key":92,"SlaversCollar":42,"Lizard Tail":157,"downfall:HeartBlessingBlue":56,"Shuriken":130,"Bronze Scales":12,"Bird Faced Urn":65,"Slimebound:PreparedRelic":24,"Bag of Marbles":127,"Kunai":51}]},"card_choices":[{"not_picked":["Guardian:Clone","Guardian:Planning"],"picked":"Guardian:Gem_Cyan","floor":2.0},{"not_picked":["Guardian:TemporalStrike","Guardian:Incinerate"],"picked":"Guardian:WalkerClaw","floor":3.0},{"not_picked":["Guardian:VentSteam","Guardian:Suspension"],"picked":"Guardian:FloatingOrbs","floor":4.0},{"not_picked":["Guardian:RefractedBeam","Guardian:DecasProtection"],"picked":"Guardian:Repulse","floor":8.0},{"not_picked":["Guardian:Reroute","Guardian:WalkerClaw"],"picked":"Guardian:PiercingHide","floor":9.0},{"not_picked":["Guardian:ShieldCharger","Guardian:TimeSifter"],"picked":"Guardian:Gem_Purple","floor":10.0},{"not_picked":["Guardian:Planning","Guardian:MultiBeam"],"picked":"Guardian:Gem_Blue","floor":13.0},{"not_picked":["Guardian:TemporalShield","Guardian:Incinerate"],"picked":"Guardian:Gem_Red","floor":14.0},{"not_picked":["Guardian:Incinerate","Guardian:TemporalShield"],"picked":"Guardian:Gem_Red","floor":15.0},{"not_picked":["Guardian:SphericShield","Guardian:RevengeProtocol"],"picked":"Guardian:AncientConstruct","floor":16.0},{"not_picked":["Guardian:PrismaticBeam","Guardian:BronzeOrb"],"picked":"Guardian:RollAttack","floor":19.0},{"not_picked":["Guardian:Gem_Lightblue","Guardian:WalkerClaw"],"picked":"Guardian:TemporalStrike","floor":20.0},{"not_picked":["Guardian:BronzeArmor","Guardian:Gem_Synthetic"],"picked":"Guardian:Reroute","floor":23.0},{"not_picked":["Guardian:Gem_Green","Guardian:BronzeArmor"],"picked":"Guardian:Gem_Cyan","floor":26.0},{"not_picked":["Guardian:ShieldCharger","Guardian:EvasiveProtocol+1"],"picked":"Guardian:Recover","floor":27.0},{"not_picked":["Guardian:RollAttack+1","Guardian:FierceBash"],"picked":"Guardian:Gem_Purple","floor":30.0},{"not_picked":["Guardian:BaubleBeam","Guardian:RollAttack"],"picked":"Guardian:Gem_Purple","floor":31.0},{"not_picked":["Guardian:Gem_Lightblue","Guardian:TemporalStrike"],"picked":"Guardian:PrismaticBeam","floor":32.0},{"not_picked":["Guardian:AncientConstruct","Guardian:HyperBeam_Guardian"],"picked":"Guardian:BaubleBeam","floor":33.0},{"not_picked":["Guardian:PolyBeam","Guardian:RefractedBeam"],"picked":"Guardian:PrimingBeam","floor":36.0},{"not_picked":["Guardian:Reroute+1","Guardian:ShieldCharger+1"],"picked":"Guardian:Gem_Red","floor":37.0},{"not_picked":["Guardian:Orbwalk","Guardian:EvasiveProtocol+1"],"picked":"Guardian:ChargeCore+1","floor":39.0},{"not_picked":["Guardian:PrimingBeam","Guardian:Gem_Lightblue"],"picked":"Guardian:Planning+1","floor":43.0},{"not_picked":["Guardian:DonusPower","Guardian:MultiBeam"],"picked":"Guardian:TemporalStrike+1","floor":44},{"not_picked":["Guardian:Planning","Guardian:TemporalStrike"],"picked":"Guardian:PrismaticBarrier","floor":45},{"not_picked":["Guardian:DonusPower","Guardian:CrystalBeam"],"picked":"Guardian:TimeBomb+1","floor":46},{"not_picked":["Guardian:Harden+1","Guardian:ArmoredProtocol"],"picked":"Guardian:Gem_Lightblue","floor":47},{"not_picked":["Guardian:Reroute","Guardian:EvasiveProtocol+1"],"picked":"Guardian:Gem_Yellow","floor":49},{"not_picked":["Guardian:PrimingBeam+1","Guardian:Gem_Yellow"],"picked":"Guardian:Gem_Purple","floor":52}],"player_experience":985793,"relics_obtained":[{"floor":7.0,"key":"Bronze Scales"},{"floor":10.0,"key":"Slimebound:PreparedRelic"},{"floor":27.0,"key":"Bird Faced Urn"},{"floor":31.0,"key":"Blue Candle"},{"floor":41.0,"key":"Vajra"},{"floor":43.0,"key":"Darkstone Periapt"},{"floor":45,"key":"Bag of Marbles"},{"floor":52,"key":"Lizard Tail"}],"event_choices":[{"damage_healed":0.0,"max_hp_gain":0.0,"max_hp_loss":0.0,"gold_gain":0.0,"event_name":"Addict","player_choice":"Stole Relic","floor":21.0,"gold_loss":0.0,"damage_taken":0.0,"relics_obtained":["Kunai"],"cards_obtained":["Pride"]},{"cards_removed":["Pride"],"damage_healed":0.0,"max_hp_gain":0.0,"max_hp_loss":0.0,"gold_gain":0.0,"event_name":"Bonfire Elementals","player_choice":"Offered Curse","floor":22.0,"gold_loss":0.0,"damage_taken":0.0,"relics_obtained":["Spirit Poop"]}],"is_beta":false,"boss_relics":[{"not_picked":["Snecko Eye","Astrolabe"],"picked":"SlaversCollar"},{"not_picked":["Tiny House","Guardian:ModeShifterPlus"],"picked":"Cursed Key"}],"items_purged_floors":[46],"is_endless":false,"potions_floor_spawned":[2,9,14,15,23,27,31,32,33,37,39,47,49],"ascension_level":0}}