{"host":"jqkewjmybebgw3gd","time":1613223007,"event":{"mods":["AchievementEnabler","BaseMod","Colored Map","DeckTracker","Keyboard Shortcuts","Minty Spire (QoL Compilation)","StSLib","SuperFastMode"],"gold_per_floor":[117,128,138,151,168,168,199,199,499,518,518,518,553,567,567,669,669,688,444,464,474,399,433,433,459,535,535,552,562,254,279,279,379,379,391,408,94,34,45,71,98,127,153,185,35,65,85,104,104,104,104,104,104,134,134,134],"floor_reached":55,"language":"KOR","playtime":3482,"items_purged":["Strike_B","Strike_B","Defend_B"],"score":1008,"play_id":"ee0619cf-f8fc-42cd-9843-358ed64546c8","local_time":"20210213223007","is_ascension_mode":true,"campfire_choices":[{"data":"Meteor Strike","floor":6.0,"key":"SMITH"},{"data":"Self Repair","floor":8.0,"key":"SMITH"},{"data":"Sweeping Beam","floor":11.0,"key":"SMITH"},{"floor":15.0,"key":"REST"},{"floor":24.0,"key":"REST"},{"floor":27.0,"key":"RECALL"},{"data":"Hyperbeam","floor":32.0,"key":"SMITH"},{"data":"Reprogram","floor":49,"key":"SMITH"},{"data":"Meteor Strike","floor":52,"key":"SMITH"}],"circlet_count":0,"master_deck":["Strike_B","Defend_B","Zap","Dualcast","Meteor Strike+1","Turbo+1","Double Energy+1","Self Repair+1","Rebound+1","Steam","Reprogram+1","Sweeping Beam+1","Tempest+1","BootSequence+1","Conserve Battery+1","Coolheaded+1","Hyperbeam+1","Hologram+1","Apotheosis+1","Leap+1","Undo+1","Machine Learning","Aggregate+1","Double Energy+1","Meteor Strike","Skim+1","Doom and Gloom+1","Violence+1","Seek+1","Meteor Strike+1","Double Energy+1","Melter+1","Turbo+1","Core Surge"],"relics":["Cracked Core","Ice Cream","Toxic Egg 2","Old Coin","Blue Candle","Bird Faced Urn","Black Star","Ornamental Fan","Tiny Chest","Red Mask","Pen Nib","Bronze Scales","Sundial","Nuclear Battery","Meat on the Bone","Oddly Smooth Stone","Strawberry","Darkstone Periapt","Gambling Chip","Potion Belt","Orichalcum","MealTicket","ClockworkSouvenir","Bottled Tornado","Centennial Puzzle","Whetstone","Bottled Flame"],"acts_visited":["Exordium","TheCity","TheBeyond","TheEnding"],"potions_floor_usage":[55,55,55,55],"damage_taken":[{"damage":3.0,"enemies":"Small Slimes","floor":1.0,"turns":4.0},{"damage":0.0,"enemies":"Cultist","floor":2.0,"turns":2.0},{"damage":11.0,"enemies":"Jaw Worm","floor":3.0,"turns":2.0},{"damage":8.0,"enemies":"2 Fungi Beasts","floor":4.0,"turns":3.0},{"damage":13.0,"enemies":"Blue Slaver","floor":5.0,"turns":4.0},{"damage":20.0,"enemies":"Lagavulin","floor":7.0,"turns":5.0},{"damage":1.0,"enemies":"3 Louse","floor":10.0,"turns":2.0},{"damage":31.0,"enemies":"Gremlin Nob","floor":13.0,"turns":5.0},{"damage":3.0,"enemies":"Exordium Thugs","floor":14.0,"turns":4.0},{"damage":18.0,"enemies":"The Guardian","floor":16.0,"turns":7.0},{"damage":0.0,"enemies":"Chosen","floor":18.0,"turns":3.0},{"damage":12.0,"enemies":"Shell Parasite","floor":20.0,"turns":4.0},{"damage":0.0,"enemies":"Snake Plant","floor":21.0,"turns":2.0},{"damage":14.0,"enemies":"Slavers","floor":23.0,"turns":2.0},{"damage":0.0,"enemies":"Masked Bandits","floor":25.0,"turns":2.0},{"damage":18.0,"enemies":"Snecko","floor":28.0,"turns":5.0},{"damage":14.0,"enemies":"Cultist and Chosen","floor":29.0,"turns":6.0},{"damage":9.0,"enemies":"Book of Stabbing","floor":31.0,"turns":5.0},{"damage":60.0,"enemies":"Automaton","floor":33.0,"turns":9.0},{"damage":3.0,"enemies":"3 Shapes","floor":35.0,"turns":2.0},{"damage":3.0,"enemies":"3 Darklings","floor":36.0,"turns":4.0},{"damage":2.0,"enemies":"4 Shapes","floor":39.0,"turns":3.0},{"damage":0.0,"enemies":"Giant Head","floor":40.0,"turns":3.0},{"damage":10.0,"enemies":"Reptomancer","floor":42.0,"turns":4.0},{"damage":0,"enemies":"Giant Head","floor":44,"turns":4},{"damage":2,"enemies":"Reptomancer","floor":46,"turns":3},{"damage":1,"enemies":"Sphere and 2 Shapes","floor":47,"turns":3},{"damage":15,"enemies":"Writhing Mass","floor":48,"turns":3},{"damage":12,"enemies":"Donu and Deca","floor":50,"turns":4},{"damage":0,"enemies":"Shield and Spear","floor":54,"turns":3},{"damage":88,"enemies":"The Heart","floor":55,"turns":5}],"seed_played":"2573690158526196280","potions_obtained":[{"floor":1.0,"key":"FocusPotion"},{"floor":10.0,"key":"Dexterity Potion"},{"floor":14.0,"key":"BlessingOfTheForge"},{"floor":16.0,"key":"BlessingOfTheForge"},{"floor":20.0,"key":"Swift Potion"},{"floor":28.0,"key":"FearPotion"},{"floor":31.0,"key":"Energy Potion"},{"floor":35.0,"key":"LiquidBronze"},{"floor":40.0,"key":"SkillPotion"},{"floor":46,"key":"LiquidBronze"},{"floor":48,"key":"ColorlessPotion"}],"is_trial":false,"path_per_floor":["M","M","M","M","M","R","E","R","T","M","R","?","E","M","R","B",null,"M","$","M","M","?","E","R","?","T","R","M","M","$","E","R","B",null,"M","M","$","?","M","E","T","E","T","E","$","E","M","M","R","B",null,"R","$","E","B"],"character_chosen":"DEFECT","items_purchased":["Apotheosis+1","Fire Potion","Pen Nib","Violence+1","ClockworkSouvenir"],"campfire_rested":2,"item_purchase_floors":[19,30,30,37,45],"current_hp_per_floor":[72,75,64,63,57,57,44,44,44,43,43,43,22,31,53,35,75,75,75,63,63,63,49,71,75,75,75,57,57,57,62,62,16,75,75,72,72,72,75,75,82,72,72,74,82,80,82,77,77,79,82,82,82,82,0,0],"gold":134,"neow_bonus":"ONE_RANDOM_RARE_CARD","is_daily":false,"chose_seed":false,"campfire_upgraded":6,"win_rate":0.0,"timestamp":1613223007,"path_taken":["M","M","M","M","M","R","E","R","T","M","R","?","E","?","R","BOSS","M","$","M","M","?","E","R","?","T","R","M","M","?","E","R","BOSS","M","M","$","?","M","E","?","E","T","E","?","E","M","M","R","BOSS","R","$","E","BOSS"],"items_purchased_type":["Card","Potion","Relic","Card","Relic"],"build_version":"2020-12-22","purchased_purges":3,"victory":false,"max_hp_per_floor":[75,75,75,75,75,75,75,75,75,75,75,75,75,75,75,75,75,75,75,75,75,75,75,75,75,75,75,75,75,75,75,75,75,75,75,75,75,75,75,75,82,82,82,82,82,82,82,82,82,82,82,82,82,82,82,82],"card_choices":[{"not_picked":["White Noise","Coolheaded"],"picked":"Self Repair","floor":1.0},{"not_picked":["Stack","White Noise"],"picked":"Rebound","floor":2.0},{"not_picked":["Amplify","Gash"],"picked":"Steam","floor":3.0},{"not_picked":["Heatsinks","Force Field"],"picked":"Reprogram","floor":4.0},{"not_picked":["Redo","Steam"],"picked":"Sweeping Beam","floor":5.0},{"not_picked":["Sunder","Machine Learning"],"picked":"Tempest+1","floor":7.0},{"not_picked":["Chill+1","Chaos+1"],"picked":"BootSequence+1","floor":10.0},{"not_picked":["Go for the Eyes","Streamline"],"picked":"Conserve Battery+1","floor":13.0},{"not_picked":["Cold Snap","Sweeping Beam"],"picked":"Coolheaded+1","floor":14.0},{"not_picked":["Buffer","Electrodynamics"],"picked":"Hyperbeam","floor":16.0},{"not_picked":["Go for the Eyes+1","Gash"],"picked":"Hologram+1","floor":18.0},{"not_picked":["Chaos+1","Doom and Gloom+1"],"picked":"Leap+1","floor":20.0},{"not_picked":["Turbo+1","Coolheaded+1"],"picked":"Undo+1","floor":21.0},{"not_picked":["Barrage","Cold Snap","Compile Driver"],"picked":"SKIP","floor":23.0},{"not_picked":["Coolheaded+1","Cold Snap"],"picked":"Machine Learning","floor":25.0},{"not_picked":["Redo+1","Ball Lightning"],"picked":"Aggregate+1","floor":28.0},{"not_picked":["Aggregate+1","Sweeping Beam"],"picked":"Double Energy+1","floor":29.0},{"not_picked":["Hello World","Consume+1","Steam+1"],"picked":"SKIP","floor":31.0},{"not_picked":["Multi-Cast+1","Amplify+1"],"picked":"Meteor Strike","floor":33.0},{"not_picked":["Conserve Battery+1","Steam Power+1"],"picked":"Skim+1","floor":35.0},{"not_picked":["Consume+1","Hello World+1"],"picked":"Doom and Gloom+1","floor":36.0},{"not_picked":["Redo+1","Hello World"],"picked":"Double Energy+1","floor":39.0},{"not_picked":["Hello World+1","Go for the Eyes+1","Rip and Tear"],"picked":"SKIP","floor":40.0},{"not_picked":["Double Energy+1","Cold Snap"],"picked":"Melter","floor":42.0},{"not_picked":["Consume+1","Aggregate+1"],"picked":"Turbo+1","floor":44},{"not_picked":["Auto Shields+1","Core Surge","Redo+1"],"picked":"SKIP","floor":46},{"not_picked":["Auto Shields+1","Redo+1"],"picked":"Core Surge","floor":46},{"not_picked":["Leap+1","Coolheaded+1","Doom and Gloom"],"picked":"SKIP","floor":47},{"not_picked":["Compile Driver","Cold Snap+1","BootSequence+1"],"picked":"SKIP","floor":48},{"not_picked":["Aggregate+1","Beam Cell","Chill+1"],"picked":"SKIP","floor":54}],"player_experience":529680,"relics_obtained":[{"floor":7.0,"key":"Toxic Egg 2"},{"floor":9.0,"key":"Old Coin"},{"floor":13.0,"key":"Bird Faced Urn"},{"floor":23.0,"key":"Ornamental Fan"},{"floor":23.0,"key":"Tiny Chest"},{"floor":25.0,"key":"Red Mask"},{"floor":31.0,"key":"Bronze Scales"},{"floor":31.0,"key":"Sundial"},{"floor":40.0,"key":"Meat on the Bone"},{"floor":40.0,"key":"Oddly Smooth Stone"},{"floor":41.0,"key":"Strawberry"},{"floor":42.0,"key":"Darkstone Periapt"},{"floor":42.0,"key":"Gambling Chip"},{"floor":43.0,"key":"Potion Belt"},{"floor":44,"key":"Orichalcum"},{"floor":44,"key":"MealTicket"},{"floor":46,"key":"Bottled Tornado"},{"floor":46,"key":"Centennial Puzzle"},{"floor":54,"key":"Whetstone"},{"floor":54,"key":"Bottled Flame"}],"event_choices":[{"damage_healed":0.0,"max_hp_gain":0.0,"max_hp_loss":0.0,"gold_gain":0.0,"event_name":"WeMeetAgain","player_choice":"Gave Potion","floor":12.0,"gold_loss":0.0,"damage_taken":0.0,"relics_obtained":["Blue Candle"]},{"cards_removed":["Strike_B"],"damage_healed":0.0,"max_hp_gain":0.0,"max_hp_loss":0.0,"gold_gain":0.0,"event_name":"Beggar","player_choice":"Gave Gold","floor":22.0,"gold_loss":75.0,"damage_taken":0.0},{"damage_healed":0.0,"max_hp_gain":0.0,"max_hp_loss":0.0,"gold_gain":0.0,"event_name":"Masked Bandits","player_choice":"Fought Bandits","floor":25.0,"gold_loss":0.0,"damage_taken":0.0},{"damage_healed":0.0,"max_hp_gain":0.0,"max_hp_loss":0.0,"gold_gain":0.0,"cards_transformed":["Defend_B","Defend_B"],"event_name":"Designer","player_choice":"Transformed Cards","floor":38.0,"gold_loss":60.0,"damage_taken":0.0,"cards_obtained":["Seek","Meteor Strike"]}],"is_beta":false,"boss_relics":[{"not_picked":["Tiny House","Cursed Key"],"picked":"Black Star"},{"not_picked":["Snecko Eye","Busted Crown"],"picked":"Nuclear Battery"}],"items_purged_floors":[19,30,37],"is_endless":false,"potions_floor_spawned":[1,10,14,16,20,21,28,29,31,35,39,40,46,48],"killed_by":"The Heart","ascension_level":1}}