{"host":"eglukmwb6rueyn6u","time":1613235512,"event":{"mods":["BaseMod","Colored Map","Minty Spire (QoL Compilation)"],"gold_per_floor":[115,115,190,206,156,185,212,212,212,229,249,249,249,261,261,364,364,381,397,414,7,0,0,33,51,51,51,29,44,57,90,90,90,90],"floor_reached":33,"language":"ENG","playtime":1545,"items_purged":[],"score":354,"play_id":"abad3cb3-d4bd-4b81-8eef-01bf96b46459","local_time":"20210213185832","is_ascension_mode":true,"campfire_choices":[{"data":"Bloodletting","floor":8.0,"key":"SMITH"},{"data":"Flex","floor":12.0,"key":"SMITH"},{"data":"Flex","floor":15.0,"key":"SMITH"},{"floor":23.0,"key":"REST"},{"floor":32,"key":"REST"}],"circlet_count":0,"master_deck":["Strike_R","Strike_R","Strike_R","Strike_R","Defend_R","Defend_R","Defend_R","Defend_R","Bash","Bloodletting+1","Thunderclap+1","Flex+1","Flex+1","Limit Break","Heavy Blade","Intimidate+1","PanicButton","Shrug It Off","Heavy Blade+1","Shrug It Off+1","Injury","Flex","Shrug It Off","Shockwave+1","Armaments+1"],"relics":["Burning Blood","NeowsBlessing","Darkstone Periapt","Odd Mushroom","Pen Nib","Cursed Key","Paper Frog","Bottled Flame","HornCleat","Pantograph"],"acts_visited":["Exordium","TheCity"],"potions_floor_usage":[31,33,33],"damage_taken":[{"damage":0.0,"enemies":"Cultist","floor":1.0,"turns":1.0},{"damage":0.0,"enemies":"Jaw Worm","floor":4.0,"turns":1.0},{"damage":0.0,"enemies":"Lagavulin","floor":6.0,"turns":1.0},{"damage":35.0,"enemies":"The Mushroom Lair","floor":7.0,"turns":7.0},{"damage":0.0,"enemies":"Small Slimes","floor":10.0,"turns":3.0},{"damage":17.0,"enemies":"Exordium Thugs","floor":11.0,"turns":5.0},{"damage":13.0,"enemies":"Large Slime","floor":14.0,"turns":4.0},{"damage":26.0,"enemies":"Hexaghost","floor":16.0,"turns":6.0},{"damage":39.0,"enemies":"Shell Parasite","floor":18.0,"turns":5.0},{"damage":17.0,"enemies":"3 Byrds","floor":19.0,"turns":4.0},{"damage":21.0,"enemies":"Shelled Parasite and Fungi","floor":20.0,"turns":3.0},{"damage":31.0,"enemies":"Book of Stabbing","floor":24.0,"turns":4.0},{"damage":22.0,"enemies":"Cultist and Chosen","floor":25.0,"turns":5.0},{"damage":0.0,"enemies":"Snecko","floor":29.0,"turns":3.0},{"damage":6.0,"enemies":"Centurion and Healer","floor":30.0,"turns":5.0},{"damage":16,"enemies":"Gremlin Leader","floor":31,"turns":8},{"damage":95,"enemies":"Collector","floor":33,"turns":11}],"seed_played":"-8603066202425821171","potions_obtained":[{"floor":4.0,"key":"BloodPotion"},{"floor":10.0,"key":"Fire Potion"},{"floor":11.0,"key":"DistilledChaos"},{"floor":24.0,"key":"GamblersBrew"},{"floor":25.0,"key":"LiquidBronze"},{"floor":29.0,"key":"Explosive Potion"},{"floor":31,"key":"Dexterity Potion"}],"is_trial":false,"path_per_floor":["M","?","?","M","?","E","?","R","T","M","M","R","?","M","R","B",null,"M","M","M","$","?","R","E","M","T","?","$","M","M","E","R","B"],"character_chosen":"IRONCLAD","items_purchased":["Paper Frog","PanicButton","Shrug It Off","Flex"],"campfire_rested":2,"item_purchase_floors":[21,21,21,28],"current_hp_per_floor":[80,80,69,75,75,80,51,51,51,57,46,46,46,39,39,19,80,47,36,21,21,21,45,36,20,26,31,31,37,37,27,52,0,0],"gold":90,"neow_bonus":"THREE_ENEMY_KILL","is_daily":false,"chose_seed":false,"campfire_upgraded":3,"win_rate":0.0,"timestamp":1613235512,"path_taken":["M","?","?","M","?","E","?","R","T","M","?","R","?","M","R","BOSS","BOSS","M","M","?","$","?","R","E","M","T","?","$","M","M","E","R","BOSS"],"items_purchased_type":["Relic","Card","Card","Card"],"build_version":"2020-12-22","purchased_purges":0,"victory":false,"max_hp_per_floor":[80,80,80,80,80,80,80,80,80,80,80,80,80,80,80,80,80,80,80,80,80,80,80,80,80,86,86,86,86,86,86,86,86,86],"card_choices":[{"not_picked":["Thunderclap","Warcry"],"picked":"Heavy Blade","floor":1.0},{"not_picked":["Pummel","Sever Soul","Clothesline"],"picked":"SKIP","floor":4.0},{"not_picked":["Sever Soul","Pommel Strike"],"picked":"Bloodletting","floor":6.0},{"not_picked":["Twin Strike","Sword Boomerang"],"picked":"Thunderclap","floor":7.0},{"not_picked":["True Grit","Perfected Strike","Rage"],"picked":"SKIP","floor":10.0},{"not_picked":["Perfected Strike","True Grit"],"picked":"Flex","floor":11.0},{"not_picked":["Thunderclap","Iron Wave"],"picked":"Flex","floor":14.0},{"not_picked":["Corruption","Impervious"],"picked":"Limit Break","floor":16.0},{"not_picked":["Clothesline","True Grit"],"picked":"Heavy Blade","floor":18.0},{"not_picked":["Power Through","Anger","Hemokinesis"],"picked":"SKIP","floor":19.0},{"not_picked":["Body Slam","Rampage"],"picked":"Intimidate+1","floor":20.0},{"not_picked":["Twin Strike+1","Combust"],"picked":"Heavy Blade+1","floor":24.0},{"not_picked":["Sever Soul","Seeing Red"],"picked":"Shrug It Off+1","floor":25.0},{"not_picked":["Sword Boomerang","Clash"],"picked":"Shrug It Off","floor":29.0},{"not_picked":["Carnage","Body Slam+1"],"picked":"Shockwave+1","floor":30.0},{"not_picked":["Clash","Clothesline+1"],"picked":"Armaments+1","floor":31}],"player_experience":20606,"relics_obtained":[{"floor":6.0,"key":"Darkstone Periapt"},{"floor":7.0,"key":"Odd Mushroom"},{"floor":9.0,"key":"Pen Nib"},{"floor":24.0,"key":"Bottled Flame"},{"floor":26.0,"key":"HornCleat"},{"floor":31,"key":"Pantograph"}],"event_choices":[{"damage_healed":0.0,"max_hp_gain":0.0,"max_hp_loss":0.0,"gold_gain":0.0,"event_name":"Living Wall","player_choice":"Grow","floor":2.0,"gold_loss":0.0,"damage_taken":0.0,"cards_upgraded":["Heavy Blade"]},{"damage_healed":0.0,"max_hp_gain":0.0,"max_hp_loss":0.0,"gold_gain":75.0,"event_name":"World of Goop","player_choice":"Gather Gold","floor":3.0,"gold_loss":0.0,"damage_taken":11.0},{"cards_removed":["Strike_R"],"damage_healed":0.0,"max_hp_gain":0.0,"max_hp_loss":0.0,"gold_gain":0.0,"event_name":"The Cleric","player_choice":"Card Removal","floor":5.0,"gold_loss":50.0,"damage_taken":0.0},{"damage_healed":0.0,"max_hp_gain":0.0,"max_hp_loss":0.0,"gold_gain":0.0,"event_name":"Mushrooms","player_choice":"Fought Mushrooms","floor":7.0,"gold_loss":0.0,"damage_taken":0.0},{"damage_healed":0.0,"max_hp_gain":0.0,"max_hp_loss":0.0,"gold_gain":0.0,"event_name":"Accursed Blacksmith","player_choice":"Forge","floor":13.0,"gold_loss":0.0,"damage_taken":0.0,"cards_upgraded":["Thunderclap"]},{"damage_healed":0.0,"max_hp_gain":0.0,"max_hp_loss":0.0,"gold_gain":0.0,"event_name":"Masked Bandits","player_choice":"Paid Fearfully","floor":22.0,"gold_loss":7.0,"damage_taken":0.0},{"cards_removed":["Heavy Blade"],"damage_healed":5.0,"max_hp_gain":0.0,"max_hp_loss":0.0,"gold_gain":0.0,"event_name":"Bonfire Elementals","player_choice":"Offered Common","floor":27.0,"gold_loss":0.0,"damage_taken":0.0},{"cards_removed":["Heavy Blade"],"damage_healed":5.0,"max_hp_gain":0.0,"max_hp_loss":0.0,"gold_gain":0.0,"event_name":"Bonfire Elementals","player_choice":"Offered Special","floor":27.0,"gold_loss":0.0,"damage_taken":0.0}],"is_beta":false,"boss_relics":[{"not_picked":["Sozu","Busted Crown"],"picked":"Cursed Key"}],"items_purged_floors":[],"is_endless":false,"potions_floor_spawned":[4,10,11,14,24,25,29,31],"killed_by":"Collector","ascension_level":1}}