{"host":"d3b2x3wue20uj2ir","time":1613232826,"event":{"mods":["AchievementEnabler","BaseMod","Better Third Choice","BetterRewards","Exacting","FTL Soundtrack","Minty Spire (QoL Compilation)","Shop Mod","StSLib"],"gold_per_floor":[126,158,158,135,211,243,243,267,321,30,30,109,109,109,109,229,229,247,261,294,371,371,371,11,36,36,36,36,57,71,94,94,215,215,233,7,70,292,292,292,327,327,375,389,389,403,442,457,457,457,457,457,3,34,34],"floor_reached":56,"language":"ENG","playtime":2674,"items_purged":[],"score":1777,"play_id":"2d6beb8c-fc03-4081-8699-aaa4cf28f693","local_time":"20210214021346","is_ascension_mode":true,"campfire_choices":[{"data":"Feed","floor":13.0,"key":"SMITH"},{"data":"Dark Embrace","floor":15.0,"key":"SMITH"},{"floor":23.0,"key":"RECALL"},{"data":"Limit Break","floor":28.0,"key":"SMITH"},{"data":"Seeing Red","floor":32.0,"key":"SMITH"},{"data":"1","floor":40,"key":"LIFT"},{"data":"2","floor":42,"key":"LIFT"},{"data":"3","floor":49,"key":"LIFT"},{"data":"Demon Form","floor":52,"key":"SMITH"}],"circlet_count":0,"master_deck":["Strike_R","Strike_R","Strike_R","Strike_R","Defend_R","Defend_R","Defend_R","Defend_R","Bash","Inflame+1","Wild Strike","Seeing Red+1","Power Through","Iron Wave","Entrench","Injury","Dark Embrace+1","Feed+1","Limit Break+1","Heavy Blade","Inflame","Burning Pact+1","Armaments+1","Spot Weakness+1","Bludgeon","Heavy Blade+1","Shrug It Off+1","Thunderclap","Demon Form+1","Havoc+1","Seeing Red+1","Inflame","Flex+1","Apotheosis+1","Secret Technique+1","Dropkick+1","Pain","Rage+1","Madness+1","Madness+1","Thunderclap+1","Shrug It Off+1","Limit Break+1","Limit Break+1","Shrug It Off+1","Flex+1","Discovery+1","Brutality","Sword Boomerang","Flex+1"],"relics":["Burning Blood","Lee\u0027s Waffle","Eternal Feather","betterThird:SlimedRelic","Happy Flower","Golden Idol","Anchor","TungstenRod","Ancient Tea Set","SacredBark","Red Mask","Toxic Egg 2","MutagenicStrength","Sling","Toy Ornithopter","Orichalcum","Cursed Key","Membership Card","Girya","Pear","Omamori","Unceasing Top","Strawberry","DollysMirror","Letter Opener","Bottled Tornado"],"acts_visited":["Exordium","TheCity","TheBeyond","TheEnding"],"potions_floor_usage":[33,33,50,54,55],"damage_taken":[{"damage":14.0,"enemies":"Small Slimes","floor":1.0,"turns":4.0},{"damage":3.0,"enemies":"2 Louse","floor":2.0,"turns":3.0},{"damage":26.0,"enemies":"Gremlin Nob","floor":6.0,"turns":5.0},{"damage":4.0,"enemies":"Jaw Worm","floor":8.0,"turns":4.0},{"damage":5.0,"enemies":"3 Sentries","floor":12.0,"turns":9.0},{"damage":29.0,"enemies":"Hexaghost","floor":16.0,"turns":17.0},{"damage":0.0,"enemies":"Chosen","floor":18.0,"turns":6.0},{"damage":18.0,"enemies":"Shell Parasite","floor":19.0,"turns":7.0},{"damage":55.0,"enemies":"Masked Bandits","floor":20.0,"turns":6.0},{"damage":10.0,"enemies":"Chosen and Byrds","floor":25.0,"turns":5.0},{"damage":19.0,"enemies":"Snake Plant","floor":29.0,"turns":5.0},{"damage":10.0,"enemies":"Cultist and Chosen","floor":30.0,"turns":2.0},{"damage":18.0,"enemies":"Chosen and Byrds","floor":31.0,"turns":8.0},{"damage":53,"enemies":"Automaton","floor":33,"turns":9},{"damage":13,"enemies":"3 Darklings","floor":35,"turns":5},{"damage":6,"enemies":"Mind Bloom Boss Battle","floor":37,"turns":6},{"damage":27,"enemies":"Giant Head","floor":41,"turns":7},{"damage":6,"enemies":"3 Shapes","floor":44,"turns":5},{"damage":18,"enemies":"Jaw Worm Horde","floor":46,"turns":5},{"damage":1,"enemies":"Nemesis","floor":47,"turns":3},{"damage":4,"enemies":"Writhing Mass","floor":48,"turns":5},{"damage":61,"enemies":"Donu and Deca","floor":50,"turns":7},{"damage":32,"enemies":"Shield and Spear","floor":54,"turns":4},{"damage":69,"enemies":"The Heart","floor":55,"turns":7}],"seed_played":"-5363841708404070972","potions_obtained":[{"floor":6.0,"key":"ElixirPotion"},{"floor":8.0,"key":"SkillPotion"},{"floor":20.0,"key":"FearPotion"},{"floor":29.0,"key":"SkillPotion"},{"floor":30.0,"key":"Weak Potion"},{"floor":30.0,"key":"BlessingOfTheForge"},{"floor":31.0,"key":"ElixirPotion"},{"floor":35,"key":"LiquidBronze"},{"floor":46,"key":"HeartOfIron"},{"floor":48,"key":"Block Potion"}],"is_trial":false,"path_per_floor":["M","M","?","?","?","E","?","M","T","$","?","E","R","T","R","B",null,"M","M","?","T","?","R","$","M","T","?","R","M","M","M","R","B",null,"M","$","?","?","?","R","E","R","T","M","?","M","E","M","R","B",null,"R","$","E","B",null],"character_chosen":"IRONCLAD","items_purchased":["Lee\u0027s Waffle","Eternal Feather","Inflame","Seeing Red","TungstenRod","Sling","Toy Ornithopter","Armaments+1","Membership Card","Seeing Red+1","Inflame","Strawberry","DollysMirror","Shrug It Off+1","Flex+1","Discovery+1","Letter Opener","Brutality","Sword Boomerang"],"campfire_rested":0,"item_purchase_floors":[0,0,0,0,10,24,24,24,36,36,36,53,53,53,53,53,53,53,53],"current_hp_per_floor":[71,74,79,68,68,48,48,50,50,50,50,51,60,60,69,46,92,96,84,39,39,39,51,51,52,52,52,67,54,59,51,66,29,108,101,101,101,101,97,108,101,122,122,126,111,99,104,110,130,75,130,130,137,111,53],"gold":34,"neow_bonus":"","is_daily":false,"chose_seed":false,"campfire_upgraded":5,"win_rate":0.0,"timestamp":1613232826,"path_taken":["M","M","?","?","?","E","?","M","T","$","?","E","R","?","R","BOSS","M","M","?","?","?","R","$","M","T","?","R","?","M","M","R","BOSS","M","$","?","?","?","R","E","R","T","M","?","M","E","?","R","BOSS","R","$","E","BOSS"],"items_purchased_type":["Relic","Relic","Card","Card","Relic","Relic","Relic","Card","Relic","Card","Card","Relic","Relic","Card","Card","Card","Relic","Card","Card"],"build_version":"2020-12-22","purchased_purges":0,"victory":true,"max_hp_per_floor":[87,87,92,92,92,92,92,92,92,92,92,92,92,92,92,92,92,96,96,100,100,100,100,100,100,100,100,100,100,104,108,108,108,108,108,108,108,108,108,108,122,122,122,126,126,126,126,130,130,130,130,130,137,137,137],"card_choices":[{"not_picked":["Flex","True Grit"],"picked":"Power Through","floor":1.0},{"not_picked":["Pommel Strike","Anger"],"picked":"Iron Wave","floor":2.0},{"not_picked":["Pummel","Headbutt"],"picked":"Entrench","floor":6.0},{"not_picked":["Pommel Strike","Cleave"],"picked":"Dark Embrace","floor":8.0},{"not_picked":["Havoc","Headbutt"],"picked":"Feed","floor":12.0},{"not_picked":["Exhume","Brutality"],"picked":"Limit Break","floor":16.0},{"not_picked":["Rampage","Sever Soul"],"picked":"Heavy Blade","floor":18.0},{"not_picked":["Havoc+1","Heavy Blade"],"picked":"Inflame","floor":19.0},{"not_picked":["Clash","Cleave+1"],"picked":"Burning Pact+1","floor":20.0},{"not_picked":["Shrug It Off+1","Carnage+1"],"picked":"Spot Weakness+1","floor":25.0},{"not_picked":["Warcry+1","Battle Trance+1"],"picked":"Heavy Blade+1","floor":29.0},{"not_picked":["Combust","Berserk"],"picked":"Shrug It Off+1","floor":30.0},{"not_picked":["Twin Strike","Carnage"],"picked":"Thunderclap","floor":31.0},{"not_picked":["Immolate","Offering+1"],"picked":"Demon Form","floor":33},{"not_picked":["Carnage","Anger+1"],"picked":"Havoc+1","floor":35},{"not_picked":["Body Slam","Sword Boomerang+1"],"picked":"Flex+1","floor":37},{"not_picked":["Panacea+1","Finesse+1"],"picked":"Apotheosis+1","floor":39},{"not_picked":["Apotheosis+1","The Bomb+1"],"picked":"Secret Technique+1","floor":39},{"not_picked":["Dual Wield+1","Twin Strike"],"picked":"Dropkick+1","floor":41},{"not_picked":["Perfected Strike","Anger"],"picked":"Rage+1","floor":44},{"not_picked":["Pommel Strike+1","Reckless Charge+1"],"picked":"Thunderclap+1","floor":46},{"not_picked":["Feel No Pain","Rupture+1"],"picked":"Shrug It Off+1","floor":47},{"not_picked":["Sentinel+1","Twin Strike"],"picked":"Limit Break+1","floor":48},{"not_picked":["Anger+1","Reckless Charge+1"],"picked":"Flex+1","floor":54}],"player_experience":705733,"relics_obtained":[{"floor":6.0,"key":"Happy Flower"},{"floor":9.0,"key":"Anchor"},{"floor":12.0,"key":"Ancient Tea Set"},{"floor":20.0,"key":"Red Mask"},{"floor":21.0,"key":"Toxic Egg 2"},{"floor":26.0,"key":"Orichalcum"},{"floor":37,"key":"Girya"},{"floor":41,"key":"Pear"},{"floor":43,"key":"Omamori"},{"floor":47,"key":"Unceasing Top"},{"floor":54,"key":"Bottled Tornado"}],"event_choices":[{"damage_healed":0.0,"max_hp_gain":5.0,"max_hp_loss":0.0,"gold_gain":0.0,"event_name":"Big Fish","player_choice":"Donut","floor":3.0,"gold_loss":0.0,"damage_taken":0.0},{"damage_healed":0.0,"max_hp_gain":0.0,"max_hp_loss":0.0,"gold_gain":0.0,"event_name":"betterThird:BetterGoop","player_choice":"Slimed","floor":4.0,"gold_loss":23.0,"damage_taken":11.0},{"damage_healed":0.0,"max_hp_gain":0.0,"max_hp_loss":0.0,"gold_gain":76.0,"event_name":"Golden Wing","player_choice":"Gained Gold","floor":5.0,"gold_loss":0.0,"damage_taken":0.0},{"damage_healed":0.0,"max_hp_gain":0.0,"max_hp_loss":0.0,"gold_gain":0.0,"event_name":"Golden Idol","player_choice":"Take Wound","floor":7.0,"gold_loss":0.0,"damage_taken":0.0,"relics_obtained":["Golden Idol"],"cards_obtained":["Injury"]},{"damage_healed":0.0,"max_hp_gain":0.0,"max_hp_loss":0.0,"gold_gain":0.0,"event_name":"Living Wall","player_choice":"Grow","floor":11.0,"gold_loss":0.0,"damage_taken":0.0,"cards_upgraded":["Inflame"]},{"damage_healed":0.0,"max_hp_gain":0.0,"max_hp_loss":0.0,"gold_gain":0.0,"event_name":"Masked Bandits","player_choice":"Fought Bandits","floor":20.0,"gold_loss":0.0,"damage_taken":0.0},{"damage_healed":0.0,"max_hp_gain":0.0,"max_hp_loss":0.0,"gold_gain":0.0,"event_name":"Drug Dealer","player_choice":"Inject Mutagens","floor":22.0,"gold_loss":0.0,"damage_taken":0.0,"relics_obtained":["MutagenicStrength"]},{"damage_healed":0.0,"max_hp_gain":0.0,"max_hp_loss":0.0,"gold_gain":0.0,"cards_transformed":["Strike_R"],"event_name":"Transmorgrifier","player_choice":"Transformed","floor":27.0,"gold_loss":0.0,"damage_taken":0.0,"cards_obtained":["Bludgeon"]},{"damage_healed":0,"gold_gain":0,"player_choice":"Fight","damage_taken":0,"max_hp_gain":0,"max_hp_loss":0,"event_name":"MindBloom","floor":37,"gold_loss":0},{"damage_healed":0,"gold_gain":222,"player_choice":"Wore Mask","damage_taken":0,"max_hp_gain":0,"max_hp_loss":0,"event_name":"Tomb of Lord Red Mask","floor":38,"gold_loss":0},{"damage_healed":0,"gold_gain":0,"player_choice":"Memory 2","damage_taken":5,"max_hp_gain":0,"max_hp_loss":0,"event_name":"SensoryStone","floor":39,"gold_loss":0},{"damage_healed":0,"gold_gain":0,"player_choice":"Embrace Madness","damage_taken":16,"max_hp_gain":0,"max_hp_loss":0,"event_name":"Winding Halls","floor":45,"gold_loss":0,"cards_obtained":["Madness","Madness"]}],"is_beta":false,"boss_relics":[{"not_picked":["Fusion Hammer","Pandora\u0027s Box"],"picked":"SacredBark"},{"not_picked":["Philosopher\u0027s Stone","Empty Cage"],"picked":"Cursed Key"}],"items_purged_floors":[],"is_endless":false,"potions_floor_spawned":[6,8,20,30,31,35,46,48],"ascension_level":2}}