{"host":"51dweoxrcspgw6ri","time":1613220141,"event":{"mods":["BaseMod","Colored Map","Colored Powertips","Minty Spire (QoL Compilation)","Rare Cards Sparkle","Relic Stats","StSLib","SuperFastMode"],"gold_per_floor":[118,133,133,133,204,237,237,252,298,298,314,489,503,523,523,621,671,691,268,286,303,303,303],"floor_reached":22,"language":"ENG","playtime":360,"items_purged":["Doubt"],"score":238,"play_id":"52ae5d1b-1aaf-4297-bc26-08c05cf38d80","local_time":"20210213134221","is_ascension_mode":false,"campfire_choices":[{"data":"Carnage","floor":10,"key":"SMITH"},{"floor":15,"key":"REST"}],"circlet_count":0,"master_deck":["Strike_R","Strike_R","Strike_R","Strike_R","Strike_R","Defend_R","Defend_R","Defend_R","Defend_R","Bash","Pommel Strike","Carnage","Dual Wield","Decay","Carnage+1","Combust","Thunderclap+1","Inflame","Headbutt","Bludgeon","Discovery","Cleave","Thunderclap+1"],"relics":["Burning Blood","NeowsBlessing","Dream Catcher","Juzu Bracelet","Tiny House","Membership Card","Happy Flower","Bronze Scales"],"acts_visited":["Exordium","TheCity"],"potions_floor_usage":[13,13],"damage_taken":[{"damage":0,"enemies":"Small Slimes","floor":1,"turns":1},{"damage":0,"enemies":"2 Louse","floor":2,"turns":1},{"damage":0,"enemies":"Gremlin Nob","floor":6,"turns":1},{"damage":3,"enemies":"Cultist","floor":8,"turns":3},{"damage":21,"enemies":"3 Louse","floor":11,"turns":3},{"damage":19,"enemies":"Exordium Wildlife","floor":13,"turns":3},{"damage":12,"enemies":"Lots of Slimes","floor":14,"turns":2},{"damage":17,"enemies":"Slime Boss","floor":16,"turns":8},{"damage":12,"enemies":"Spheric Guardian","floor":18,"turns":3},{"damage":35,"enemies":"Shell Parasite","floor":20,"turns":4},{"damage":28,"enemies":"Chosen and Byrds","floor":21,"turns":5},{"damage":42,"enemies":"Snake Plant","floor":22,"turns":2}],"seed_played":"2697248112440411773","potions_obtained":[{"floor":6,"key":"Fruit Juice"},{"floor":11,"key":"GamblersBrew"},{"floor":13,"key":"HeartOfIron"},{"floor":14,"key":"SpeedPotion"},{"floor":17,"key":"Strength Potion"},{"floor":20,"key":"FearPotion"}],"is_trial":false,"path_per_floor":["M","M","$","?","?","E","?","M","T","R","M","?","M","M","R","B",null,"M","$","M","M","M"],"character_chosen":"IRONCLAD","items_purchased":["Discovery","Membership Card","Happy Flower","Bronze Scales"],"campfire_rested":1,"item_purchase_floors":[19,19,19,19],"current_hp_per_floor":[80,80,80,85,85,85,85,85,85,85,70,70,62,56,83,72,95,89,89,60,38,0,0],"gold":303,"neow_bonus":"THREE_ENEMY_KILL","is_daily":false,"chose_seed":false,"campfire_upgraded":1,"win_rate":0.0,"timestamp":1613220141,"path_taken":["M","M","$","?","?","E","?","M","T","R","M","?","M","M","R","BOSS","M","$","M","M","M"],"items_purchased_type":["Card","Relic","Relic","Relic"],"build_version":"2020-12-22","purchased_purges":1,"victory":false,"max_hp_per_floor":[80,80,80,85,85,85,85,85,85,85,85,85,90,90,90,90,95,95,95,95,95,95,95],"relic_stats":{"Dream Catcher":1,"Happy Flower":[3],"counters":[12,36],"Bronze Scales":[51],"Juzu Bracelet":1,"obtain_stats":[{"Dream Catcher":6,"Tiny House":17,"NeowsBlessing":0,"Happy Flower":19,"Bronze Scales":19,"Juzu Bracelet":9,"Membership Card":19,"Burning Blood":0},{"Dream Catcher":3,"Tiny House":8,"NeowsBlessing":0,"Happy Flower":9,"Bronze Scales":9,"Juzu Bracelet":4,"Membership Card":9,"Burning Blood":0},{"Dream Catcher":3,"Tiny House":22,"NeowsBlessing":0,"Happy Flower":25,"Bronze Scales":25,"Juzu Bracelet":6,"Membership Card":25,"Burning Blood":0}],"Burning Blood":45},"card_choices":[{"not_picked":["Perfected Strike","Anger"],"picked":"Pommel Strike","floor":1},{"not_picked":["Rupture","Havoc"],"picked":"Carnage","floor":2},{"not_picked":["Seeing Red","Anger"],"picked":"Dual Wield","floor":6},{"not_picked":["Dual Wield","Disarm"],"picked":"Carnage","floor":8},{"not_picked":["Rage","Inflame"],"picked":"Combust","floor":11},{"not_picked":["Wild Strike","Warcry"],"picked":"Thunderclap","floor":13},{"not_picked":["Havoc","Warcry"],"picked":"Inflame","floor":14},{"not_picked":["Body Slam","Reckless Charge"],"picked":"Headbutt","floor":15},{"not_picked":["Exhume","Reaper"],"picked":"Bludgeon","floor":16},{"not_picked":["True Grit","Rupture","Rage"],"picked":"SKIP","floor":18},{"not_picked":["Sentinel","Shrug It Off"],"picked":"Cleave","floor":20},{"not_picked":["Sever Soul","Second Wind"],"picked":"Thunderclap+1","floor":21}],"player_experience":526978,"relics_obtained":[{"floor":6,"key":"Dream Catcher"},{"floor":9,"key":"Juzu Bracelet"}],"event_choices":[{"damage_healed":0,"gold_gain":0,"player_choice":"Donut","damage_taken":0,"max_hp_gain":5,"max_hp_loss":0,"event_name":"Big Fish","floor":4,"gold_loss":0},{"damage_healed":0,"gold_gain":71,"player_choice":"Gained Gold","damage_taken":0,"max_hp_gain":0,"max_hp_loss":0,"event_name":"Golden Wing","floor":5,"gold_loss":0},{"damage_healed":0,"gold_gain":0,"player_choice":"Cursed","damage_taken":0,"max_hp_gain":0,"max_hp_loss":0,"event_name":"Wheel of Change","floor":7,"gold_loss":0,"cards_obtained":["Decay"]},{"damage_healed":0,"gold_gain":175,"player_choice":"AGREE","damage_taken":0,"max_hp_gain":0,"max_hp_loss":0,"event_name":"Liars Game","floor":12,"gold_loss":0,"cards_obtained":["Doubt"]}],"is_beta":false,"boss_relics":[{"not_picked":["Busted Crown","Runic Dome"],"picked":"Tiny House"}],"items_purged_floors":[19],"is_endless":false,"potions_floor_spawned":[6,11,13,14,20,21],"killed_by":"Snake Plant","ascension_level":0}}