{"host":"za1qviwhp34x909e","time":1613208098,"event":{"mods":["Act Like it!","BaseMod","Colored Map","Colored Powertips","Downfall","Hermit","Highlight Path","Hubris","Koishi","Marisa????????","Minty Spire (QoL Compilation)","Quick Restart","Reimu??????","Remilia??????","Replay The Spire","StSLib","The Cursed","The Disciple","The Hierophant","The Mystic","The Necromancer","The Runesmith","The Servant 0.9.4","The Wild Card"],"gold_per_floor":[113,188,203,18,30,30,44,76,99,99,115,115,115,130,130,130,130],"floor_reached":16,"language":"ENG","playtime":754,"items_purged":[],"score":102,"play_id":"2f2e0a39-19a8-4ff9-9909-5a2259ffa400","local_time":"20210213032138","is_ascension_mode":false,"campfire_choices":[{"data":"SoulSculpture","floor":6,"key":"SMITH"},{"floor":12,"key":"REST"},{"data":"BestPractice","floor":15,"key":"SMITH"}],"circlet_count":0,"master_deck":["Strike_S","Strike_S","Strike_S","Strike_S","Defend_S","Defend_S","Defend_S","Defend_S","KidneyShot+1","Exchange","Ricochet","Comet","WasteNot","SoulSculpture+1","Rearm","DoubleEdge","Moonlight","Regret","Snipe","BestPractice+1"],"relics":["Uniform","Boot","Simple Rune","Nunchaku","hubris:Icosahedron"],"acts_visited":["Exordium"],"potions_floor_usage":[8],"damage_taken":[{"damage":8,"enemies":"Jaw Worm","floor":1,"turns":4},{"damage":0,"enemies":"Small Slimes","floor":3,"turns":3},{"damage":0,"enemies":"Cultist","floor":5,"turns":3},{"damage":6,"enemies":"Blue Slaver","floor":7,"turns":2},{"damage":36,"enemies":"Gremlin Nob","floor":8,"turns":4},{"damage":15,"enemies":"Red Slaver","floor":11,"turns":3},{"damage":0,"enemies":"Looter","floor":14,"turns":2},{"damage":27,"enemies":"Fading Forest","floor":16,"turns":4}],"seed_played":"8747427948416087553","potions_obtained":[{"floor":3,"key":"Regen Potion"},{"floor":8,"key":"SpeedPotion"}],"is_trial":false,"path_per_floor":["M","?","M","$","M","R","M","E","T","?","M","R","?","M","R","B"],"character_chosen":"THE_SERVANT","items_purchased":["WasteNot","SoulSculpture"],"campfire_rested":1,"item_purchase_floors":[4,4],"current_hp_per_floor":[57,46,46,46,46,46,40,16,16,16,1,20,20,20,20,0,0],"gold":130,"neow_bonus":"UPGRADE_CARD","is_daily":false,"chose_seed":false,"campfire_upgraded":2,"win_rate":0.0,"timestamp":1613208098,"path_taken":["M","?","M","$","M","R","M","E","T","?","M","R","?","M","R","BOSS"],"items_purchased_type":["Card","Card"],"build_version":"2020-12-22","purchased_purges":0,"victory":false,"max_hp_per_floor":[65,65,65,65,65,65,65,65,65,65,65,65,65,65,65,65,65],"card_choices":[{"not_picked":["Replace","BottledTime"],"picked":"Ricochet","floor":1},{"not_picked":["WasteNot","Ricochet"],"picked":"Comet","floor":3},{"not_picked":["Rewind","TimeWarp"],"picked":"Rearm","floor":5},{"not_picked":["MoonPhase","Ricochet"],"picked":"DoubleEdge","floor":7},{"not_picked":["Collapse","Revamp"],"picked":"Moonlight","floor":8},{"not_picked":["Revamp","TimeWarp"],"picked":"Snipe","floor":11},{"not_picked":["Unruled","Solidify"],"picked":"BestPractice","floor":14}],"player_experience":692350,"relics_obtained":[{"floor":8,"key":"Boot"},{"floor":9,"key":"Simple Rune"}],"event_choices":[{"damage_healed":0,"gold_gain":75,"player_choice":"Gather Gold","damage_taken":11,"max_hp_gain":0,"max_hp_loss":0,"event_name":"World of Goop","floor":2,"gold_loss":0},{"damage_healed":0,"gold_gain":0,"player_choice":"Box","damage_taken":0,"relics_obtained":["Nunchaku"],"max_hp_gain":0,"max_hp_loss":0,"event_name":"Big Fish","floor":10,"gold_loss":0,"cards_obtained":["Regret"]}],"is_beta":false,"boss_relics":[],"items_purged_floors":[],"is_endless":false,"potions_floor_spawned":[3,8],"killed_by":"Fading Forest","ascension_level":0}}