{"host":"pqs17sqrgflf4eqa","time":1613188238,"event":{"mods":["AchievementEnabler","BaseMod","Bestiary","Better Altar","Better Match","Better Skull","Block Reminder","Bossed Relics","Colored Map","Colored Powertips","Curses Come First","Dark Map","DeckTracker","Defective Defect","Displayed Cursed Tome","Emptier Cage","Googly Eyes","Highlight Path","Minty Spire (QoL Compilation)","Quick Restart","Slay-I","StSLib","SuperFastMode","Synergy Search","Thieving Mod","Transform Curses","everything is the same but u backflip on backflip","slay the spire mod where everything is the same but ironclad has a cowboy hat"],"gold_per_floor":[113,133,144,144,157,183,183,31,58,69,89,100,100,132,132,233,233,252,262,281,126,145,145,156,156,183,183,196,221,221,181,181,280,280,300,316,366,366,444,477,496,496,496],"floor_reached":42,"language":"ENG","playtime":15110,"items_purged":[],"score":633,"play_id":"a26c0200-c277-453c-bb5b-63bb0a3802d5","local_time":"20210212225038","is_ascension_mode":true,"campfire_choices":[{"data":"Immolate","floor":7.0,"key":"SMITH"},{"data":"Armaments","floor":15.0,"key":"SMITH"},{"data":"Impervious","floor":23.0,"key":"SMITH"},{"data":"Pommel Strike","floor":25.0,"key":"SMITH"},{"floor":27.0,"key":"REST"},{"floor":30.0,"key":"RECALL"},{"data":"Sword Boomerang","floor":32.0,"key":"SMITH"}],"circlet_count":0,"master_deck":["Strike_R","Strike_R","Strike_R","Strike_R","Strike_R","Defend_R","Defend_R","Defend_R","Bash+1","Thunderclap","Pommel Strike+1","Clash","Twin Strike","Immolate+1","Armaments+1","Power Through","Cleave","Sword Boomerang+1","Sword Boomerang","Impervious+1","Disarm","Perfected Strike+1","Wild Strike","Flex+1","Havoc+1","Shrug It Off","Iron Wave+1"],"relics":["Burning Blood","NeowsBlessing","Ancient Tea Set","Dream Catcher","Nunchaku","Mark of Pain","Centennial Puzzle","Boot","Meat on the Bone","Philosopher\u0027s Stone","FossilizedHelix","Blue Candle","InkBottle"],"acts_visited":["Exordium","TheCity","TheBeyond"],"potions_floor_usage":[41],"damage_taken":[{"damage":0.0,"enemies":"Cultist","floor":1.0,"turns":1.0},{"damage":0.0,"enemies":"Small Slimes","floor":2.0,"turns":1.0},{"damage":0.0,"enemies":"2 Louse","floor":3.0,"turns":1.0},{"damage":0.0,"enemies":"Exordium Thugs","floor":5.0,"turns":4.0},{"damage":35.0,"enemies":"Lagavulin","floor":6.0,"turns":5.0},{"damage":0.0,"enemies":"2 Fungi Beasts","floor":10.0,"turns":2.0},{"damage":0.0,"enemies":"Blue Slaver","floor":11.0,"turns":2.0},{"damage":0.0,"enemies":"Gremlin Gang","floor":12.0,"turns":2.0},{"damage":20.0,"enemies":"3 Sentries","floor":14.0,"turns":4.0},{"damage":46.0,"enemies":"Hexaghost","floor":16.0,"turns":11.0},{"damage":0.0,"enemies":"2 Thieves","floor":18.0,"turns":1.0},{"damage":0.0,"enemies":"3 Byrds","floor":19.0,"turns":3.0},{"damage":0.0,"enemies":"Sentry and Sphere","floor":20.0,"turns":3.0},{"damage":31.0,"enemies":"Snake Plant","floor":22.0,"turns":3.0},{"damage":18.0,"enemies":"Centurion and Healer","floor":24.0,"turns":2.0},{"damage":6.0,"enemies":"Snecko","floor":28.0,"turns":3.0},{"damage":0.0,"enemies":"Gremlin Leader","floor":29.0,"turns":4.0},{"damage":123.0,"enemies":"Automaton","floor":33.0,"turns":9.0},{"damage":20.0,"enemies":"3 Darklings","floor":35.0,"turns":3.0},{"damage":12.0,"enemies":"3 Shapes","floor":36.0,"turns":1.0},{"damage":0.0,"enemies":"Mind Bloom Boss Battle","floor":37.0,"turns":4.0},{"damage":5.0,"enemies":"Nemesis","floor":40.0,"turns":5.0},{"damage":12,"enemies":"Jaw Worm Horde","floor":41,"turns":3},{"damage":71,"enemies":"Giant Head","floor":42,"turns":7}],"seed_played":"-4184163742806313136","potions_obtained":[{"floor":2.0,"key":"LiquidMemories"},{"floor":12.0,"key":"DuplicationPotion"},{"floor":14.0,"key":"Regen Potion"},{"floor":16.0,"key":"DuplicationPotion"},{"floor":18.0,"key":"SpeedPotion"},{"floor":20.0,"key":"BlessingOfTheForge"},{"floor":28.0,"key":"FearPotion"},{"floor":31.0,"key":"LiquidMemories"},{"floor":40.0,"key":"SteroidPotion"}],"is_trial":false,"path_per_floor":["M","M","M","?","M","E","R","$","T","M","M","M","?","E","R","B",null,"M","M","M","$","M","R","M","R","T","R","M","E","R","?","R","B",null,"M","M","?","?","T","E","M","E"],"character_chosen":"IRONCLAD","items_purchased":["Armaments","FairyPotion","Centennial Puzzle"],"campfire_rested":1,"item_purchase_floors":[8,8,21],"current_hp_per_floor":[78,80,80,80,80,51,51,51,51,57,63,69,69,55,55,29,67,73,79,80,80,55,55,43,43,43,67,67,73,73,73,73,20,65,51,57,63,63,63,64,58,0,0],"gold":496,"neow_bonus":"THREE_ENEMY_KILL","is_daily":false,"chose_seed":false,"campfire_upgraded":5,"win_rate":0.0,"timestamp":1613188238,"path_taken":["M","?","M","?","M","E","R","$","T","M","M","M","?","E","R","BOSS","M","?","M","$","M","R","M","R","T","R","?","E","R","?","R","BOSS","M","M","?","?","?","E","?","E"],"items_purchased_type":["Card","Potion","Relic"],"build_version":"2020-12-22","purchased_purges":0,"victory":false,"max_hp_per_floor":[80,80,80,80,80,80,80,80,80,80,80,80,80,80,80,80,80,80,80,80,80,80,80,80,80,80,80,80,80,80,80,80,80,80,80,80,80,76,76,76,76,76,76],"card_choices":[{"not_picked":["Flex","Havoc"],"picked":"Thunderclap","floor":1.0},{"not_picked":["Warcry","Body Slam"],"picked":"Pommel Strike","floor":2.0},{"not_picked":["Fire Breathing","Dropkick"],"picked":"Clash","floor":3.0},{"not_picked":["Pommel Strike","Hemokinesis"],"picked":"Twin Strike","floor":5.0},{"not_picked":["Evolve","Sword Boomerang"],"picked":"Immolate","floor":6.0},{"not_picked":["Havoc","Warcry"],"picked":"Power Through","floor":10.0},{"not_picked":["Wild Strike","Perfected Strike"],"picked":"Cleave","floor":11.0},{"not_picked":["Feel No Pain","Clash"],"picked":"Sword Boomerang","floor":12.0},{"not_picked":["Armaments","Shockwave"],"picked":"Sword Boomerang","floor":14.0},{"not_picked":["Berserk","Brutality"],"picked":"Impervious","floor":16.0},{"not_picked":["Hemokinesis","Havoc","Sever Soul"],"picked":"SKIP","floor":18.0},{"not_picked":["Second Wind+1","Metallicize"],"picked":"Disarm","floor":19.0},{"not_picked":["Sword Boomerang","Heavy Blade"],"picked":"Perfected Strike+1","floor":20.0},{"not_picked":["Dual Wield","Searing Blow"],"picked":"Wild Strike","floor":22.0},{"not_picked":["Combust","Rampage+1","Anger+1"],"picked":"SKIP","floor":24.0},{"not_picked":["Cleave","Pummel"],"picked":"Flex+1","floor":28.0},{"not_picked":["Searing Blow","Double Tap","Pommel Strike+1"],"picked":"SKIP","floor":29.0},{"not_picked":["Perfected Strike","Heavy Blade"],"picked":"Havoc+1","floor":35.0},{"not_picked":["Clash","Reckless Charge","True Grit"],"picked":"SKIP","floor":36.0},{"not_picked":["Heavy Blade","Dual Wield"],"picked":"Shrug It Off","floor":37.0},{"not_picked":["Clash+1","Pommel Strike","Combust+1"],"picked":"SKIP","floor":40.0},{"not_picked":["Bludgeon","Battle Trance"],"picked":"Iron Wave+1","floor":41}],"player_experience":183284,"relics_obtained":[{"floor":6.0,"key":"Ancient Tea Set"},{"floor":9.0,"key":"Dream Catcher"},{"floor":14.0,"key":"Nunchaku"},{"floor":26.0,"key":"Boot"},{"floor":29.0,"key":"Meat on the Bone"},{"floor":37.0,"key":"FossilizedHelix"},{"floor":39.0,"key":"Blue Candle"},{"floor":40.0,"key":"InkBottle"}],"event_choices":[{"damage_healed":0.0,"max_hp_gain":0.0,"max_hp_loss":0.0,"gold_gain":0.0,"event_name":"Living Wall","player_choice":"Grow","floor":4.0,"gold_loss":0.0,"damage_taken":0.0,"cards_upgraded":["Bash"]},{"cards_removed":["Defend_R"],"damage_healed":0.0,"max_hp_gain":0.0,"max_hp_loss":0.0,"gold_gain":0.0,"event_name":"Purifier","player_choice":"Purged","floor":13.0,"gold_loss":0.0,"damage_taken":0.0},{"damage_healed":0.0,"max_hp_gain":0.0,"max_hp_loss":0.0,"gold_gain":0.0,"event_name":"The Woman in Blue","player_choice":"Bought 3 Potions","floor":31.0,"gold_loss":0.0,"damage_taken":0.0},{"damage_healed":0.0,"max_hp_gain":0.0,"max_hp_loss":0.0,"gold_gain":0.0,"event_name":"MindBloom","player_choice":"Fight","floor":37.0,"gold_loss":0.0,"damage_taken":0.0},{"damage_healed":0.0,"max_hp_gain":0.0,"max_hp_loss":4.0,"gold_gain":0.0,"event_name":"Winding Halls","player_choice":"Max HP","floor":38.0,"gold_loss":0.0,"damage_taken":0.0}],"is_beta":false,"boss_relics":[{"not_picked":["Empty Cage","Black Blood"],"picked":"Mark of Pain"},{"not_picked":["Tiny House","Pandora\u0027s Box"],"picked":"Philosopher\u0027s Stone"}],"items_purged_floors":[],"is_endless":false,"potions_floor_spawned":[2,12,14,16,18,20,22,28,40],"killed_by":"Giant Head","ascension_level":6}}