{"host":"bf5upntvbdompq33","time":1613234695,"event":{"mods":["BaseMod","Bestiary","Colored Map","Colored Powertips","Curses Come First","Minty Spire (QoL Compilation)","StSLib","ojb\u0027s Info Mod"],"gold_per_floor":[365,383,38,38,55,82,94,94,94,111,125,157,169,69,69,146,146,157,175,175,100,11,11,25,37,37,67,67,67,81,41,41,41,41],"floor_reached":33,"language":"ENG","playtime":3802,"items_purged":["Normality","Strike_R"],"score":474,"play_id":"0f9c1cf9-2f53-43b9-951c-82ab305ee189","local_time":"20210213094455","is_ascension_mode":true,"campfire_choices":[{"data":"Armaments","floor":8,"key":"SMITH"},{"floor":15,"key":"REST"},{"floor":23,"key":"REST"},{"floor":32,"key":"REST"}],"circlet_count":0,"master_deck":["AscendersBane","Strike_R","Strike_R","Strike_R","Defend_R","Defend_R","Defend_R","Defend_R","Bash","Hemokinesis","Shrug It Off","Immolate","Metallicize","Whirlwind","Armaments+1","Demon Form","Iron Wave","Uppercut","Pommel Strike","Headbutt","Corruption","Barricade","Thunderclap+1","Dark Embrace","Dark Shackles","Ghostly Armor+1","Shame","True Grit+1","Feel No Pain"],"relics":["Burning Blood","Shuriken","Ginger","Dead Branch","Philosopher\u0027s Stone","HornCleat","TungstenRod","Oddly Smooth Stone"],"acts_visited":["Exordium","TheCity"],"potions_floor_usage":[6,12,16,18,27,30],"damage_taken":[{"damage":15,"enemies":"2 Louse","floor":1,"turns":4},{"damage":14,"enemies":"Small Slimes","floor":2,"turns":3},{"damage":13,"enemies":"Jaw Worm","floor":5,"turns":4},{"damage":14,"enemies":"3 Sentries","floor":6,"turns":4},{"damage":9,"enemies":"Looter","floor":7,"turns":4},{"damage":0,"enemies":"2 Fungi Beasts","floor":10,"turns":2},{"damage":19,"enemies":"Exordium Thugs","floor":11,"turns":5},{"damage":8,"enemies":"Lagavulin","floor":12,"turns":6},{"damage":14,"enemies":"Blue Slaver","floor":13,"turns":4},{"damage":33,"enemies":"The Guardian","floor":16,"turns":7},{"damage":20,"enemies":"2 Thieves","floor":18,"turns":4},{"damage":20,"enemies":"Shell Parasite","floor":19,"turns":5},{"damage":22,"enemies":"Snecko","floor":24,"turns":4},{"damage":12,"enemies":"Snake Plant","floor":25,"turns":3},{"damage":4,"enemies":"Gremlin Leader","floor":27,"turns":6},{"damage":5,"enemies":"Cultist and Chosen","floor":30,"turns":7},{"damage":82,"enemies":"Automaton","floor":33,"turns":6}],"seed_played":"-6501618935293450657","potions_obtained":[{"floor":5,"key":"SteroidPotion"},{"floor":10,"key":"Weak Potion"},{"floor":11,"key":"Dexterity Potion"},{"floor":12,"key":"Weak Potion"},{"floor":24,"key":"SteroidPotion"},{"floor":25,"key":"DuplicationPotion"},{"floor":27,"key":"Explosive Potion"}],"is_trial":false,"path_per_floor":["M","M","$","?","M","E","M","R","T","M","M","E","M","$","R","B",null,"M","M","?","?","$","R","M","M","T","E","?","$","M","$","R","B"],"character_chosen":"IRONCLAD","items_purchased":["Immolate","Metallicize","Whirlwind","Dark Shackles","Feel No Pain"],"campfire_rested":3,"item_purchase_floors":[3,3,3,22,31],"current_hp_per_floor":[59,51,51,75,68,60,57,57,57,63,50,48,40,40,62,35,65,51,37,37,37,37,59,43,37,37,39,39,39,40,40,62,0,0],"gold":41,"neow_bonus":"TWO_FIFTY_GOLD","is_daily":false,"chose_seed":false,"campfire_upgraded":1,"win_rate":0.0,"timestamp":1613234695,"path_taken":["M","M","$","?","M","E","M","R","T","M","M","E","M","$","R","BOSS","M","M","?","?","?","R","M","M","T","E","?","?","M","$","R","BOSS"],"items_purchased_type":["Card","Card","Card","Card","Card"],"build_version":"2020-12-22","purchased_purges":2,"victory":false,"max_hp_per_floor":[75,75,75,75,75,75,75,75,75,75,75,75,75,75,75,75,75,75,75,75,75,75,75,75,75,75,75,75,75,75,75,75,75,75],"card_choices":[{"not_picked":["True Grit","Perfected Strike"],"picked":"Hemokinesis","floor":1},{"not_picked":["Flex","Intimidate"],"picked":"Shrug It Off","floor":2},{"not_picked":["Warcry","Thunderclap"],"picked":"Armaments","floor":5},{"not_picked":["Warcry","Fire Breathing"],"picked":"Demon Form","floor":6},{"not_picked":["Clothesline","Bloodletting"],"picked":"Iron Wave","floor":7},{"not_picked":["Sentinel","Bloodletting"],"picked":"Uppercut","floor":10},{"not_picked":["Body Slam","Havoc"],"picked":"Pommel Strike","floor":11},{"not_picked":["Searing Blow","Clash"],"picked":"Headbutt","floor":12},{"not_picked":["Havoc","Heavy Blade"],"picked":"Corruption","floor":13},{"not_picked":["Offering","Impervious"],"picked":"Barricade","floor":16},{"not_picked":["Perfected Strike","Body Slam"],"picked":"Thunderclap+1","floor":18},{"not_picked":["True Grit","Reckless Charge","Barricade"],"picked":"SKIP","floor":19},{"not_picked":["Body Slam","Pommel Strike+1","Armaments"],"picked":"SKIP","floor":24},{"not_picked":["Warcry","Clothesline+1","Dropkick"],"picked":"SKIP","floor":25},{"not_picked":["Iron Wave","Clothesline"],"picked":"Ghostly Armor+1","floor":27},{"not_picked":["Bloodletting","Ghostly Armor"],"picked":"True Grit+1","floor":30}],"player_experience":1568948,"relics_obtained":[{"floor":6,"key":"Shuriken"},{"floor":9,"key":"Ginger"},{"floor":12,"key":"Dead Branch"},{"floor":26,"key":"HornCleat"},{"floor":27,"key":"TungstenRod"}],"event_choices":[{"damage_healed":25,"gold_gain":0,"player_choice":"Banana","damage_taken":0,"max_hp_gain":0,"max_hp_loss":0,"event_name":"Big Fish","floor":4,"gold_loss":0},{"damage_healed":0,"gold_gain":0,"player_choice":"Read","damage_taken":0,"max_hp_gain":0,"max_hp_loss":0,"event_name":"The Library","floor":20,"gold_loss":0,"cards_obtained":["Dark Embrace"]},{"cards_removed":["Strike_R"],"damage_healed":0,"gold_gain":0,"player_choice":"Gave Gold","damage_taken":0,"max_hp_gain":0,"max_hp_loss":0,"event_name":"Beggar","floor":21,"gold_loss":75},{"damage_healed":0,"gold_gain":0,"player_choice":"Stole Relic","damage_taken":0,"relics_obtained":["Oddly Smooth Stone"],"max_hp_gain":0,"max_hp_loss":0,"event_name":"Addict","floor":28,"gold_loss":0,"cards_obtained":["Shame"]}],"is_beta":false,"boss_relics":[{"not_picked":["Tiny House","Coffee Dripper"],"picked":"Philosopher\u0027s Stone"}],"items_purged_floors":[3,14],"is_endless":false,"potions_floor_spawned":[5,10,11,12,24,25,27],"killed_by":"Automaton","ascension_level":14}}