{"host":"zwezhz46a5cjkxff","time":1613189428,"event":{"mods":["AchievementEnabler","BaseMod","Colored Map","Colored Powertips","DeckTracker","Minty Spire (QoL Compilation)","Permanent Neow","Quick Restart","Rare Cards Sparkle","Relic Stats","StSLib","SuperFastMode"],"gold_per_floor":[116,65,78,89,103,137,149,179,179,179,179],"floor_reached":10,"language":"ENG","playtime":370,"items_purged":[],"score":88,"play_id":"efb26e26-d005-4bc8-bb40-bd44b6c81734","local_time":"20210212221028","is_ascension_mode":true,"campfire_choices":[],"circlet_count":0,"master_deck":["Survivor","Neutralize","Masterful Stab","Malaise","Leg Sweep","Sucker Punch","Deflect","Corpse Explosion","A Thousand Cuts","Noxious Fumes","Reflex","Predator","Escape Plan","Cloak And Dagger","Well Laid Plans","Backstab","Backflip","Backstab"],"relics":["Pandora\u0027s Box","Omamori","Ancient Tea Set","Letter Opener"],"acts_visited":["Exordium"],"potions_floor_usage":[8,8,10],"damage_taken":[{"damage":8,"enemies":"Jaw Worm","floor":1,"turns":4},{"damage":2,"enemies":"Cultist","floor":3,"turns":3},{"damage":12,"enemies":"2 Louse","floor":4,"turns":2},{"damage":16,"enemies":"2 Fungi Beasts","floor":5,"turns":4},{"damage":17,"enemies":"Lagavulin","floor":6,"turns":7},{"damage":0,"enemies":"Exordium Thugs","floor":7,"turns":4},{"damage":10,"enemies":"Gremlin Nob","floor":8,"turns":3},{"damage":12,"enemies":"3 Sentries","floor":10,"turns":2}],"seed_played":"-7670166284079475766","potions_obtained":[{"floor":4,"key":"Explosive Potion"},{"floor":6,"key":"Strength Potion"},{"floor":7,"key":"BlessingOfTheForge"}],"is_trial":false,"path_per_floor":["M","$","M","M","M","E","M","E","T","E"],"character_chosen":"THE_SILENT","items_purchased":["Cloak And Dagger"],"campfire_rested":0,"item_purchase_floors":[2],"current_hp_per_floor":[62,62,60,48,32,15,15,5,5,0,0],"gold":179,"neow_bonus":"BOSS_RELIC","is_daily":false,"chose_seed":false,"campfire_upgraded":0,"win_rate":0.0,"timestamp":1613189428,"path_taken":["M","$","M","M","M","E","M","E","T","E"],"items_purchased_type":["Card"],"build_version":"2020-12-22","purchased_purges":0,"victory":false,"max_hp_per_floor":[70,70,70,70,70,70,70,70,70,70,70],"relic_stats":{"counters":[8,29],"Pandora\u0027s Box":["Masterful Stab","Malaise","Leg Sweep","Sucker Punch","Deflect","Corpse Explosion","A Thousand Cuts","Noxious Fumes","Reflex","Predator"],"Letter Opener":[0],"obtain_stats":[{"Pandora\u0027s Box":0,"Omamori":6,"Letter Opener":9,"Ancient Tea Set":8,"Ring of the Snake":0},{"Pandora\u0027s Box":0,"Omamori":5,"Letter Opener":7,"Ancient Tea Set":7,"Ring of the Snake":0},{"Pandora\u0027s Box":0,"Omamori":20,"Letter Opener":27,"Ancient Tea Set":27,"Ring of the Snake":0}]},"card_choices":[{"not_picked":["Acrobatics","Expertise"],"picked":"Escape Plan","floor":1},{"not_picked":["Noxious Fumes","Flying Knee"],"picked":"Well Laid Plans","floor":3},{"not_picked":["Dash","Finisher"],"picked":"Backstab","floor":4},{"not_picked":["Dagger Spray","Deflect"],"picked":"Backflip","floor":5},{"not_picked":["Bane","Sucker Punch","Endless Agony"],"picked":"SKIP","floor":6},{"not_picked":["Eviscerate","Well Laid Plans"],"picked":"Backstab","floor":7},{"not_picked":["Reflex","Predator","Expertise"],"picked":"SKIP","floor":8}],"player_experience":102477,"relics_obtained":[{"floor":6,"key":"Omamori"},{"floor":8,"key":"Ancient Tea Set"},{"floor":9,"key":"Letter Opener"}],"event_choices":[],"is_beta":false,"boss_relics":[],"items_purged_floors":[],"is_endless":false,"potions_floor_spawned":[4,6,7],"killed_by":"3 Sentries","ascension_level":2}}