{"host":"j36qkj20jqndbw01","time":1613200619,"event":{"mods":["AchievementEnabler","BaseMod","Colored Map","DeckTracker","Highlight Path","Keyboard Shortcuts","Minty Spire (QoL Compilation)","Quick Restart","Relic Stats","StSLib","SuperFastMode","everything is the same but u backflip on backflip"],"gold_per_floor":[111,111,131,131,281,312,312,326,326,26,26,60,335,361,361,438,438,448,723,723,742,742,742],"floor_reached":22,"language":"KOR","playtime":737,"items_purged":["Doubt"],"score":453,"play_id":"5f6ef842-83dd-40a1-8105-8dfcc5c9c229","local_time":"20210213161659","is_ascension_mode":true,"campfire_choices":[{"data":"Biased Cognition","floor":7,"key":"SMITH"},{"data":"Loop","floor":11,"key":"SMITH"},{"data":"Static Discharge","floor":15,"key":"SMITH"}],"circlet_count":0,"master_deck":["AscendersBane","Strike_B","Strike_B","Strike_B","Defend_B","Defend_B","Defend_B","Defend_B","Zap","Dualcast","Static Discharge+1","Loop+1","Biased Cognition+1","Conserve Battery","Coolheaded","Regret","Turbo","Creative AI","Force Field","Regret","Echo Form"],"relics":["Cracked Core","NeowsBlessing","Blue Candle","Juzu Bracelet","Ancient Tea Set","PrismaticShard","Bottled Lightning","StrikeDummy","Snecko Eye"],"acts_visited":["Exordium","TheCity"],"potions_floor_usage":[12,18,18],"damage_taken":[{"damage":0,"enemies":"Small Slimes","floor":1,"turns":1},{"damage":0,"enemies":"Jaw Worm","floor":3,"turns":1},{"damage":0,"enemies":"3 Sentries","floor":6,"turns":1},{"damage":4,"enemies":"2 Louse","floor":8,"turns":3},{"damage":15,"enemies":"Gremlin Nob","floor":12,"turns":4},{"damage":13,"enemies":"Lagavulin","floor":14,"turns":5},{"damage":30,"enemies":"Slime Boss","floor":16,"turns":5},{"damage":24,"enemies":"2 Thieves","floor":18,"turns":4},{"damage":20,"enemies":"Spheric Guardian","floor":21,"turns":9}],"seed_played":"5167193775664703778","potions_obtained":[{"floor":1,"key":"Explosive Potion"},{"floor":6,"key":"EssenceOfSteel"},{"floor":12,"key":"Fire Potion"},{"floor":18,"key":"SneckoOil"},{"floor":21,"key":"GamblersBrew"}],"is_trial":false,"path_per_floor":["M","?","M","?","?","E","R","M","T","$","R","E","?","E","R","B",null,"M","?","?","M","?"],"character_chosen":"DEFECT","items_purchased":["PrismaticShard","Coolheaded"],"campfire_rested":0,"item_purchase_floors":[10,10],"current_hp_per_floor":[64,64,64,64,64,64,64,60,60,60,60,45,45,32,32,2,54,30,30,30,10,0,0],"gold":742,"neow_bonus":"THREE_ENEMY_KILL","is_daily":false,"chose_seed":false,"campfire_upgraded":3,"win_rate":0.0,"timestamp":1613200619,"path_taken":["M","?","M","?","?","E","R","M","T","?","R","E","?","E","R","BOSS","M","?","?","M","?"],"items_purchased_type":["Relic","Card"],"build_version":"2020-12-22","purchased_purges":1,"victory":false,"max_hp_per_floor":[71,71,71,71,71,71,71,71,71,71,71,71,71,71,71,71,71,71,71,71,71,76,76],"relic_stats":{"counters":[9,32],"Blue Candle":[5],"Snecko Eye":[24,16,21,23],"Juzu Bracelet":3,"obtain_stats":[{"NeowsBlessing":0,"Blue Candle":2,"Snecko Eye":17,"Juzu Bracelet":6,"Bottled Lightning":12,"Cracked Core":0,"Ancient Tea Set":9,"PrismaticShard":10,"StrikeDummy":14},{"NeowsBlessing":0,"Blue Candle":1,"Snecko Eye":7,"Juzu Bracelet":3,"Bottled Lightning":5,"Cracked Core":0,"Ancient Tea Set":4,"PrismaticShard":4,"StrikeDummy":6},{"NeowsBlessing":0,"Blue Candle":1,"Snecko Eye":20,"Juzu Bracelet":3,"Bottled Lightning":10,"Cracked Core":0,"Ancient Tea Set":6,"PrismaticShard":6,"StrikeDummy":15}]},"card_choices":[{"not_picked":["Steam","Gash"],"picked":"Static Discharge","floor":1},{"not_picked":["Reinforced Body","Turbo"],"picked":"Loop","floor":3},{"not_picked":["All For One","Conserve Battery"],"picked":"Biased Cognition","floor":6},{"not_picked":["Rip and Tear","Stack"],"picked":"Conserve Battery","floor":8},{"not_picked":["Meditate","Weave","PiercingWail"],"picked":"SKIP","floor":12},{"not_picked":["Halt","Omniscience"],"picked":"Turbo","floor":14},{"not_picked":["Electrodynamics","Hyperbeam"],"picked":"Creative AI","floor":16},{"not_picked":["BowlingBash","Fasting2"],"picked":"Force Field","floor":18},{"not_picked":["Swift Strike","Streamline+1","FlurryOfBlows"],"picked":"SKIP","floor":21}],"player_experience":1757150,"relics_obtained":[{"floor":6,"key":"Juzu Bracelet"},{"floor":9,"key":"Ancient Tea Set"},{"floor":12,"key":"Bottled Lightning"},{"floor":14,"key":"StrikeDummy"}],"event_choices":[{"damage_healed":0,"gold_gain":0,"player_choice":"Box","damage_taken":0,"relics_obtained":["Blue Candle"],"max_hp_gain":0,"max_hp_loss":0,"event_name":"Big Fish","floor":2,"gold_loss":0,"cards_obtained":["Regret"]},{"cards_removed":["Regret"],"damage_healed":0,"gold_gain":0,"player_choice":"Forget","damage_taken":0,"max_hp_gain":0,"max_hp_loss":0,"event_name":"Living Wall","floor":4,"gold_loss":0},{"damage_healed":0,"gold_gain":150,"player_choice":"AGREE","damage_taken":0,"max_hp_gain":0,"max_hp_loss":0,"event_name":"Liars Game","floor":5,"gold_loss":0,"cards_obtained":["Doubt"]},{"damage_healed":0,"gold_gain":275,"player_choice":"Desecrate","damage_taken":0,"max_hp_gain":0,"max_hp_loss":0,"event_name":"Golden Shrine","floor":13,"gold_loss":0,"cards_obtained":["Regret"]},{"damage_healed":0,"gold_gain":275,"player_choice":"Desecrate","damage_taken":0,"max_hp_gain":0,"max_hp_loss":0,"event_name":"Golden Shrine","floor":19,"gold_loss":0,"cards_obtained":["Regret"]},{"damage_healed":0,"gold_gain":0,"cards_transformed":["Strike_B"],"player_choice":"Transformed","damage_taken":0,"max_hp_gain":0,"max_hp_loss":0,"event_name":"Transmorgrifier","floor":20,"gold_loss":0,"cards_obtained":["Echo Form"]},{"damage_healed":0,"gold_gain":0,"player_choice":"Shed Blood","damage_taken":25,"max_hp_gain":5,"max_hp_loss":0,"event_name":"Forgotten Altar","floor":22,"gold_loss":0}],"is_beta":false,"boss_relics":[{"not_picked":["Sozu","SlaversCollar"],"picked":"Snecko Eye"}],"items_purged_floors":[10],"is_endless":false,"potions_floor_spawned":[1,6,12,14,18,21],"ascension_level":18}}