{"host":"tet6pf1kvrmqiayr","time":1613257601,"event":{"mods":["2.2 Compatiblity","BaseMod","Colored Powertips","Downfall","Highlight Path","Hubris","Minty Spire (QoL Compilation)","Permanent Neow","Rare Cards Sparkle","Retaliation","Shop Mod","Somnambulant","StSLib","The Bug Knight","The Construct","The Disciple","The Hierophant","The Mystic"],"gold_per_floor":[362,376,395,395,570,570,570,596,646,658,672,276,295,18,18,120,120,120,120],"floor_reached":18,"language":"ENG","playtime":1323,"items_purged":[],"score":162,"play_id":"d73d8ed2-8133-45a8-8da0-6e86f5497541","local_time":"20210213180641","is_ascension_mode":false,"campfire_choices":[{"data":"mysticmod:Dedication","floor":6,"key":"SMITH"},{"data":"mysticmod:TomeOfSpells","floor":15,"key":"SMITH"}],"circlet_count":0,"master_deck":["mysticmod:Strike_Mystic","mysticmod:Strike_Mystic","mysticmod:Strike_Mystic","mysticmod:Strike_Mystic","mysticmod:Defend_Mystic","mysticmod:Defend_Mystic","mysticmod:Defend_Mystic","mysticmod:Defend_Mystic","mysticmod:ArcaneDodge","mysticmod:ShockingGrasp","mysticmod:LightningBolt","mysticmod:Snowball","mysticmod:Dedication+1","Doubt","mysticmod:SpellRecall","mysticmod:EarthenWall","mysticmod:Grease","mysticmod:EnchantedMoulinet","mysticmod:TomeOfSpells+1","mysticmod:KeenEdge","mysticmod:PowerSlash","mysticmod:Flurry","mysticmod:GeminiForm"],"relics":["mysticmod:SpellBook","Boot","MealTicket","Smiling Mask","HollowMod:PaleOreRelic","Lee\u0027s Waffle","SacredBark"],"acts_visited":["Exordium","TheCity"],"potions_floor_usage":[3,11,16,16],"damage_taken":[{"damage":1,"enemies":"Cultist","floor":1,"turns":4},{"damage":0,"enemies":"2 Louse","floor":2,"turns":2},{"damage":0,"enemies":"Jaw Worm","floor":3,"turns":4},{"damage":39,"enemies":"Lagavulin","floor":8,"turns":10},{"damage":1,"enemies":"Looter","floor":10,"turns":3},{"damage":8,"enemies":"Red Slaver","floor":11,"turns":6},{"damage":11,"enemies":"Blue Slaver","floor":13,"turns":3},{"damage":66,"enemies":"The Guardian","floor":16,"turns":8},{"damage":16,"enemies":"Shell Parasite","floor":18,"turns":4}],"seed_played":"943327417101188194","potions_obtained":[{"floor":2,"key":"SkillPotion"},{"floor":8,"key":"DuplicationPotion"},{"floor":11,"key":"hexamod:SoulburnPotion"}],"is_trial":false,"path_per_floor":["M","M","M","?","?","R","?","E","T","M","M","$","M","$","R","B",null,"M"],"character_chosen":"MYSTIC_CLASS","items_purchased":["HollowMod:PaleOreRelic","mysticmod:EnchantedMoulinet","mysticmod:TomeOfSpells","mysticmod:KeenEdge","Lee\u0027s Waffle","Fire Potion","mysticmod:Flurry"],"campfire_rested":0,"item_purchase_floors":[12,12,12,12,14,14,14],"current_hp_per_floor":[69,69,69,74,74,74,74,35,35,34,26,41,30,82,82,16,82,66,66],"gold":120,"neow_bonus":"TWO_FIFTY_GOLD","is_daily":false,"chose_seed":false,"campfire_upgraded":2,"win_rate":0.0,"timestamp":1613257601,"path_taken":["M","M","M","?","?","R","?","E","T","M","M","$","M","$","R","BOSS","M"],"items_purchased_type":["Relic","Card","Card","Card","Relic","Potion","Card"],"build_version":"2020-12-22","purchased_purges":0,"victory":false,"max_hp_per_floor":[70,70,70,75,75,75,75,75,75,75,75,75,75,82,82,82,82,82,82],"card_choices":[{"not_picked":["mysticmod:BulkUp","mysticmod:Probe"],"picked":"mysticmod:LightningBolt","floor":1},{"not_picked":["mysticmod:ComponentsPouch","mysticmod:Probe"],"picked":"mysticmod:Snowball","floor":2},{"not_picked":["mysticmod:EarthenWall","mysticmod:CorrosiveTouch"],"picked":"mysticmod:Dedication","floor":3},{"not_picked":["mysticmod:CorrosiveTouch","mysticmod:StyleChange"],"picked":"mysticmod:SpellRecall","floor":8},{"not_picked":["mysticmod:SuddenClarity","mysticmod:HeavyStrike"],"picked":"mysticmod:EarthenWall","floor":10},{"not_picked":["mysticmod:Snowball","mysticmod:PureInstinct"],"picked":"mysticmod:Grease","floor":11},{"not_picked":["mysticmod:DiviningBlow","mysticmod:ComboCaster"],"picked":"mysticmod:PowerSlash","floor":13},{"not_picked":["mysticmod:Lunge","mysticmod:KnowledgePool"],"picked":"mysticmod:GeminiForm","floor":16}],"player_experience":951132,"relics_obtained":[{"floor":8,"key":"MealTicket"},{"floor":9,"key":"Smiling Mask"}],"event_choices":[{"damage_healed":0,"gold_gain":0,"player_choice":"Donut","damage_taken":0,"max_hp_gain":5,"max_hp_loss":0,"event_name":"Big Fish","floor":4,"gold_loss":0},{"damage_healed":0,"gold_gain":175,"player_choice":"AGREE","damage_taken":0,"max_hp_gain":0,"max_hp_loss":0,"event_name":"Liars Game","floor":5,"gold_loss":0,"cards_obtained":["Doubt"]}],"is_beta":false,"boss_relics":[{"not_picked":["Calling Bell","Runic Dome"],"picked":"SacredBark"}],"items_purged_floors":[],"is_endless":false,"potions_floor_spawned":[2,8,11],"killed_by":"Shell Parasite","ascension_level":0}}