{"host":"sc0o2qwpf9j16a4i","time":1613221303,"event":{"mods":["AchievementEnabler","BaseMod","BetterRewards","Block Reminder","Colored Map","Colored Powertips","Custom Start","Highlight Path","Minty Spire (QoL Compilation)","Relic Stats"],"gold_per_floor":[116,132,28,28,28,354,373,393,393,393,393,393,408,422,422,521,521,535,535,546,563,7,7,39,39,39,55,69,79,79,97,97,197,197,213,223,234,234,253,282,282,292,365,365,379,379,10,25,25,25],"floor_reached":51,"language":"ENG","playtime":1428,"items_purged":["Pain"],"score":880,"play_id":"d819c51d-f5c1-4160-bb09-b73f48dd3a77","local_time":"20210213150143","daily_mods":["Cursed Run","Uncertain Future","Lethality"],"is_ascension_mode":false,"campfire_choices":[{"data":"Rip and Tear","floor":10,"key":"SMITH"},{"data":"Streamline","floor":12,"key":"SMITH"},{"data":"Loop","floor":15,"key":"SMITH"},{"floor":23,"key":"REST"},{"floor":32,"key":"REST"},{"floor":44,"key":"REST"},{"floor":46,"key":"REST"},{"floor":49,"key":"REST"}],"circlet_count":0,"master_deck":["Strike_B","Strike_B","Strike_B","Defend_B","Defend_B","Defend_B","Defend_B","Zap","Dualcast","Streamline+1","Ball Lightning","Doom and Gloom","Rip and Tear+1","Reinforced Body","Cold Snap","Loop+1","Self Repair","Sweeping Beam","Parasite","Rainbow","Go for the Eyes+1","Leap+1","Cold Snap","Parasite","Ball Lightning","Hologram","Cold Snap","Auto Shields","Meteor Strike","FTL","Reinforced Body+1","Lockon+1","Compile Driver+1","Darkness","Clumsy","Redo","Heatsinks","Undo","Regret"],"relics":["Cursed Key","Darkstone Periapt","Du-Vu Doll","FaceOfCleric","Old Coin","Symbiotic Virus","Fusion Hammer","ClockworkSouvenir","CaptainsWheel","Mercury Hourglass","Enchiridion","Torii","Busted Crown","White Beast Statue","Bottled Lightning","Bronze Scales"],"acts_visited":["Exordium","TheCity","TheBeyond"],"potions_floor_usage":[6,14,18,20,20,21,24,28,33,33,40,50,50,50],"damage_taken":[{"damage":4,"enemies":"Cultist","floor":1,"turns":3},{"damage":0,"enemies":"Small Slimes","floor":2,"turns":2},{"damage":0,"enemies":"Gremlin Nob","floor":6,"turns":2},{"damage":0,"enemies":"2 Louse","floor":7,"turns":2},{"damage":0,"enemies":"2 Fungi Beasts","floor":8,"turns":2},{"damage":0,"enemies":"Gremlin Gang","floor":13,"turns":3},{"damage":8,"enemies":"Lots of Slimes","floor":14,"turns":3},{"damage":0,"enemies":"Slime Boss","floor":16,"turns":4},{"damage":18,"enemies":"2 Thieves","floor":18,"turns":3},{"damage":33,"enemies":"3 Byrds","floor":20,"turns":2},{"damage":15,"enemies":"Centurion and Healer","floor":21,"turns":4},{"damage":7,"enemies":"Book of Stabbing","floor":24,"turns":3},{"damage":0,"enemies":"Snecko","floor":27,"turns":2},{"damage":11,"enemies":"Shelled Parasite and Fungi","floor":28,"turns":3},{"damage":0,"enemies":"3 Cultists","floor":29,"turns":3},{"damage":21,"enemies":"Snake Plant","floor":31,"turns":2},{"damage":35,"enemies":"Collector","floor":33,"turns":7},{"damage":8,"enemies":"Orb Walker","floor":35,"turns":2},{"damage":28,"enemies":"3 Darklings","floor":36,"turns":3},{"damage":5,"enemies":"Maw","floor":37,"turns":6},{"damage":7,"enemies":"Sphere and 2 Shapes","floor":39,"turns":3},{"damage":68,"enemies":"Giant Head","floor":40,"turns":9},{"damage":20,"enemies":"Writhing Mass","floor":42,"turns":4},{"damage":13,"enemies":"Transient","floor":45,"turns":5},{"damage":21,"enemies":"Maw","floor":48,"turns":4},{"damage":73,"enemies":"Time Eater","floor":50,"turns":12}],"seed_played":"-6715189437760396342","potions_obtained":[{"floor":2,"key":"Swift Potion"},{"floor":6,"key":"ColorlessPotion"},{"floor":13,"key":"SteroidPotion"},{"floor":14,"key":"Block Potion"},{"floor":18,"key":"Explosive Potion"},{"floor":20,"key":"AttackPotion"},{"floor":24,"key":"CultistPotion"},{"floor":29,"key":"Regen Potion"},{"floor":36,"key":"SkillPotion"},{"floor":40,"key":"LiquidBronze"},{"floor":42,"key":"SteroidPotion"},{"floor":45,"key":"DuplicationPotion"}],"is_trial":true,"path_per_floor":["M","M","$","?","$","E","M","M","T","R","?","R","M","M","R","B",null,"M","?","M","M","$","R","E","?","T","M","M","M","?","M","R","B",null,"M","M","M","?","M","E","?","M","T","R","M","R","$","M","R","B",null],"character_chosen":"DEFECT","items_purchased":["Doom and Gloom","Rip and Tear","ClockworkSouvenir","CaptainsWheel","AttackPotion","SkillPotion","Bronze Scales","PotionOfCapacity","Heatsinks"],"campfire_rested":5,"item_purchase_floors":[3,3,22,22,22,22,47,47,47],"current_hp_per_floor":[71,71,71,71,71,72,73,74,80,80,80,80,81,74,74,88,93,83,64,32,25,25,55,56,40,46,47,37,45,45,32,65,59,119,119,92,95,95,96,36,36,17,23,62,57,96,96,90,129,70],"gold":25,"neow_bonus":"","is_daily":false,"chose_seed":false,"campfire_upgraded":3,"win_rate":0.0,"timestamp":1613221303,"path_taken":["M","M","$","?","?","E","M","M","T","R","?","R","M","M","R","BOSS","M","?","M","M","$","R","E","?","T","M","M","M","?","M","R","BOSS","M","M","M","?","?","E","?","M","T","R","M","R","$","M","R","BOSS"],"items_purchased_type":["Card","Card","Relic","Relic","Potion","Potion","Relic","Potion","Card"],"build_version":"2020-12-22","purchased_purges":1,"victory":true,"max_hp_per_floor":[75,75,75,75,75,76,77,78,84,84,84,84,85,86,86,93,93,94,99,100,101,101,101,102,102,108,109,110,111,111,112,112,119,119,120,121,122,122,123,124,124,125,131,131,132,132,132,133,133,140],"relic_stats":{"Darkstone Periapt":36,"Busted Crown":16,"FaceOfCleric":24,"Torii":10,"counters":[26,96],"Bronze Scales":[57],"Cursed Key":3,"obtain_stats":[{"Darkstone Periapt":0,"Torii":26,"Enchiridion":25,"Cursed Key":0,"White Beast Statue":40,"Old Coin":6,"ClockworkSouvenir":22,"Mercury Hourglass":24,"Du-Vu Doll":0,"CaptainsWheel":22,"Busted Crown":34,"FaceOfCleric":4,"Bronze Scales":47,"Fusion Hammer":17,"Bottled Lightning":43,"Symbiotic Virus":9},{"Darkstone Periapt":0,"Torii":12,"Enchiridion":12,"Cursed Key":0,"White Beast Statue":22,"Old Coin":3,"ClockworkSouvenir":11,"Mercury Hourglass":12,"Du-Vu Doll":0,"CaptainsWheel":11,"Busted Crown":17,"FaceOfCleric":2,"Bronze Scales":24,"Fusion Hammer":8,"Bottled Lightning":23,"Symbiotic Virus":5},{"Darkstone Periapt":0,"Torii":33,"Enchiridion":33,"Cursed Key":0,"White Beast Statue":71,"Old Coin":7,"ClockworkSouvenir":30,"Mercury Hourglass":33,"Du-Vu Doll":0,"CaptainsWheel":30,"Busted Crown":49,"FaceOfCleric":5,"Bronze Scales":80,"Fusion Hammer":21,"Bottled Lightning":75,"Symbiotic Virus":11}],"Mercury Hourglass":[201]},"card_choices":[{"not_picked":["Leap","White Noise"],"picked":"Streamline","floor":1},{"not_picked":["Steam","Stack"],"picked":"Ball Lightning","floor":2},{"not_picked":["Streamline","Leap"],"picked":"Reinforced Body","floor":6},{"not_picked":["Steam","Turbo"],"picked":"Cold Snap","floor":7},{"not_picked":["Gash","Steam"],"picked":"Loop","floor":8},{"not_picked":["Heatsinks","Blizzard"],"picked":"Self Repair","floor":13},{"not_picked":["Cold Snap","Double Energy"],"picked":"Sweeping Beam","floor":14},{"not_picked":["Fission","Thunder Strike"],"picked":"Rainbow","floor":16},{"not_picked":["Leap+1","Hologram"],"picked":"Go for the Eyes+1","floor":18},{"not_picked":["Ball Lightning","Beam Cell+1"],"picked":"Leap+1","floor":20},{"not_picked":["Turbo+1","Sweeping Beam"],"picked":"Cold Snap","floor":21},{"not_picked":["Gash","Consume","Recycle"],"picked":"SKIP","floor":24},{"not_picked":["Core Surge","Steam"],"picked":"Ball Lightning","floor":27},{"not_picked":["Ball Lightning","Lockon"],"picked":"Hologram","floor":28},{"not_picked":["BootSequence","Conserve Battery"],"picked":"Cold Snap","floor":29},{"not_picked":["Hello World+1","Beam Cell"],"picked":"Auto Shields","floor":31},{"not_picked":["Hyperbeam","Fission"],"picked":"Meteor Strike","floor":33},{"not_picked":[],"picked":"FTL","floor":35},{"not_picked":[],"picked":"Reinforced Body+1","floor":36},{"not_picked":[],"picked":"Lockon+1","floor":37},{"not_picked":["Genetic Algorithm+1"],"picked":"SKIP","floor":39},{"not_picked":[],"picked":"Compile Driver+1","floor":40},{"not_picked":[],"picked":"Darkness","floor":42},{"not_picked":[],"picked":"Redo","floor":45},{"not_picked":[],"picked":"Undo","floor":48}],"player_experience":1396491,"relics_obtained":[{"floor":6,"key":"Old Coin"},{"floor":9,"key":"Symbiotic Virus"},{"floor":24,"key":"Mercury Hourglass"},{"floor":25,"key":"Enchiridion"},{"floor":26,"key":"Torii"},{"floor":40,"key":"White Beast Statue"},{"floor":43,"key":"Bottled Lightning"}],"event_choices":[{"damage_healed":0,"gold_gain":0,"player_choice":"Trade","damage_taken":0,"relics_obtained":["FaceOfCleric"],"max_hp_gain":0,"max_hp_loss":0,"event_name":"FaceTrader","floor":4,"gold_loss":0},{"cards_removed":["Normality"],"damage_healed":0,"gold_gain":0,"player_choice":"Removed Curses","damage_taken":0,"max_hp_gain":0,"max_hp_loss":0,"event_name":"Fountain of Cleansing","floor":11,"gold_loss":0},{"damage_healed":0,"gold_gain":0,"player_choice":"Shed Blood","damage_taken":24,"max_hp_gain":5,"max_hp_loss":0,"event_name":"Forgotten Altar","floor":19,"gold_loss":0},{"damage_healed":0,"gold_gain":0,"player_choice":"Obtained Book","damage_taken":16,"max_hp_gain":0,"max_hp_loss":0,"event_name":"Cursed Tome","floor":25,"gold_loss":0},{"damage_healed":0,"gold_gain":0,"player_choice":"Ignored","damage_taken":0,"max_hp_gain":0,"max_hp_loss":0,"event_name":"Vampires","floor":30,"gold_loss":0},{"cards_removed":["Strike_B"],"damage_healed":0,"gold_gain":0,"player_choice":"Offered Basic","damage_taken":0,"max_hp_gain":0,"max_hp_loss":0,"event_name":"Bonfire Elementals","floor":38,"gold_loss":0},{"damage_healed":0,"gold_gain":0,"player_choice":"Ignored","damage_taken":0,"max_hp_gain":0,"max_hp_loss":0,"event_name":"Tomb of Lord Red Mask","floor":41,"gold_loss":0}],"is_beta":false,"boss_relics":[{"not_picked":["Runic Dome","Runic Pyramid"],"picked":"Fusion Hammer"},{"not_picked":["SacredBark","Coffee Dripper"],"picked":"Busted Crown"}],"items_purged_floors":[47],"is_endless":false,"potions_floor_spawned":[2,6,13,14,18,20,24,29,36,40,42,45,48],"ascension_level":0}}