{"host":"x205naxbihvu3p76","time":1613228101,"event":{"mods":["AchievementEnabler","BaseMod","Minty Spire (QoL Compilation)","StSLib","SuperFastMode"],"gold_per_floor":[119,119,132,147,157,157,170,170,170,199,33,46,81,0,0,76,76,88,88,33,43,43,43,43,43,43,5,22,22,22,22,22],"floor_reached":31,"language":"KOR","playtime":506,"items_purged":["Cleave"],"score":474,"play_id":"d0eb8541-85ca-47ac-8266-a717a40db114","local_time":"20210213235501","is_ascension_mode":true,"campfire_choices":[{"data":"Evolve","floor":6,"key":"SMITH"},{"data":"Pommel Strike","floor":8,"key":"SMITH"},{"data":"Blood for Blood","floor":15,"key":"SMITH"},{"data":"Juggernaut","floor":23,"key":"SMITH"}],"circlet_count":0,"master_deck":["AscendersBane","Strike_R+1","Strike_R+1","Strike_R+1","Strike_R+1","Strike_R+1","Defend_R+1","Defend_R+1","Defend_R+1","Defend_R+1","Bash","Anger","Evolve+1","Wild Strike","Pommel Strike+1","Blood for Blood+1","Shrug It Off","Juggernaut+1","Flame Barrier+1"],"relics":["Burning Blood","NeowsBlessing","Meat on the Bone","Mummified Hand","Membership Card","Juzu Bracelet","Vajra","Philosopher\u0027s Stone","Bronze Scales","Prayer Wheel","Nilry\u0027s Codex"],"acts_visited":["Exordium","TheCity"],"potions_floor_usage":[13,16,31,31],"damage_taken":[{"damage":0,"enemies":"Small Slimes","floor":1,"turns":1},{"damage":0,"enemies":"Jaw Worm","floor":3,"turns":1},{"damage":0,"enemies":"2 Louse","floor":4,"turns":1},{"damage":30,"enemies":"Exordium Thugs","floor":5,"turns":5},{"damage":12,"enemies":"Looter","floor":7,"turns":3},{"damage":35,"enemies":"Lagavulin","floor":10,"turns":7},{"damage":9,"enemies":"3 Louse","floor":12,"turns":3},{"damage":15,"enemies":"3 Sentries","floor":13,"turns":6},{"damage":30,"enemies":"Slime Boss","floor":16,"turns":7},{"damage":12,"enemies":"Spheric Guardian","floor":18,"turns":3},{"damage":23,"enemies":"2 Thieves","floor":21,"turns":4},{"damage":36,"enemies":"Shelled Parasite and Fungi","floor":28,"turns":5},{"damage":10,"enemies":"Chosen and Byrds","floor":31,"turns":3}],"seed_played":"-2441456429195068520","potions_obtained":[{"floor":3,"key":"SneckoOil"},{"floor":4,"key":"Dexterity Potion"},{"floor":13,"key":"Regen Potion"},{"floor":16,"key":"Ancient Potion"},{"floor":28,"key":"DistilledChaos"}],"is_trial":false,"path_per_floor":["M","?","M","M","M","R","M","R","T","E","$","M","E","$","R","B",null,"M","?","?","M","?","R","?","?","T","$","M","?","?","M"],"character_chosen":"IRONCLAD","items_purchased":["Membership Card","Vajra"],"campfire_rested":0,"item_purchase_floors":[11,14],"current_hp_per_floor":[74,79,80,80,56,56,50,50,50,33,33,42,45,45,45,48,72,66,66,66,49,49,49,49,49,49,49,31,31,10,0,0],"gold":22,"neow_bonus":"THREE_ENEMY_KILL","is_daily":false,"chose_seed":false,"campfire_upgraded":4,"win_rate":0.0,"timestamp":1613228101,"path_taken":["M","?","M","M","M","R","M","R","T","E","?","?","E","$","R","BOSS","M","?","?","M","?","R","?","?","T","$","M","?","?","M"],"items_purchased_type":["Relic","Relic"],"build_version":"2020-12-22","purchased_purges":1,"victory":false,"max_hp_per_floor":[75,80,80,80,80,80,80,80,80,80,80,80,80,80,80,80,80,80,80,80,80,80,80,80,80,80,80,80,80,80,80,80],"card_choices":[{"not_picked":["True Grit","Entrench"],"picked":"Anger","floor":1},{"not_picked":["Perfected Strike","Headbutt","Body Slam"],"picked":"SKIP","floor":3},{"not_picked":["Seeing Red","Intimidate"],"picked":"Evolve","floor":4},{"not_picked":["Headbutt","True Grit"],"picked":"Wild Strike","floor":5},{"not_picked":["Inflame","Iron Wave"],"picked":"Pommel Strike","floor":7},{"not_picked":["Rupture","Bludgeon"],"picked":"Cleave","floor":10},{"not_picked":["Havoc","Sword Boomerang"],"picked":"Blood for Blood","floor":12},{"not_picked":["Warcry","Evolve"],"picked":"Shrug It Off","floor":13},{"not_picked":["Bludgeon","Brutality"],"picked":"Juggernaut","floor":16},{"not_picked":["Havoc+1","Iron Wave","Pommel Strike"],"picked":"SKIP","floor":18},{"not_picked":["Warcry","Perfected Strike","Cleave"],"picked":"SKIP","floor":21},{"not_picked":["Dark Embrace","Twin Strike"],"picked":"Flame Barrier","floor":28},{"not_picked":["Rupture","Armaments","Perfected Strike"],"picked":"SKIP","floor":28}],"player_experience":1034512,"relics_obtained":[{"floor":9,"key":"Meat on the Bone"},{"floor":10,"key":"Mummified Hand"},{"floor":13,"key":"Juzu Bracelet"},{"floor":26,"key":"Prayer Wheel"},{"floor":30,"key":"Nilry\u0027s Codex"}],"event_choices":[{"damage_healed":0,"gold_gain":0,"player_choice":"Donut","damage_taken":0,"max_hp_gain":5,"max_hp_loss":0,"event_name":"Big Fish","floor":2,"gold_loss":0},{"damage_healed":0,"gold_gain":0,"player_choice":"Ignored","damage_taken":0,"max_hp_gain":0,"max_hp_loss":0,"event_name":"Vampires","floor":19,"gold_loss":0},{"damage_healed":0,"gold_gain":0,"player_choice":"Paid Gold","damage_taken":0,"relics_obtained":["Bronze Scales"],"max_hp_gain":0,"max_hp_loss":0,"event_name":"WeMeetAgain","floor":20,"gold_loss":55},{"damage_healed":0,"gold_gain":0,"player_choice":"Simplicity","damage_taken":0,"max_hp_gain":0,"max_hp_loss":0,"event_name":"Back to Basics","floor":22,"gold_loss":0,"cards_upgraded":["Strike_R","Strike_R","Strike_R","Strike_R","Strike_R","Defend_R","Defend_R","Defend_R","Defend_R"]},{"damage_healed":0,"gold_gain":0,"player_choice":"Ignored","damage_taken":0,"max_hp_gain":0,"max_hp_loss":0,"event_name":"Ghosts","floor":25,"gold_loss":0},{"damage_healed":0,"gold_gain":0,"player_choice":"Forge","damage_taken":0,"max_hp_gain":0,"max_hp_loss":0,"event_name":"Accursed Blacksmith","floor":29,"gold_loss":0,"cards_upgraded":["Flame Barrier"]},{"damage_healed":0,"gold_gain":0,"player_choice":"Obtained Book","damage_taken":21,"max_hp_gain":0,"max_hp_loss":0,"event_name":"Cursed Tome","floor":30,"gold_loss":0}],"is_beta":false,"boss_relics":[{"not_picked":["Black Blood","SacredBark"],"picked":"Philosopher\u0027s Stone"}],"items_purged_floors":[27],"is_endless":false,"potions_floor_spawned":[3,4,5,12,13,16,28],"killed_by":"Chosen and Byrds","ascension_level":19}}