{"host":"onfdonezo2qmaex3","time":1613217295,"event":{"mods":["2.2 Compatiblity","AchievementEnabler","Act Like it!","Aspiration","BaseMod","Colored Powertips","Downfall","Friendly Minions","Gensokyo","Hallownest","Hermit","Highlight Path","Jorbs\u0027s Wanderer Trilogy","Marisa????????","Marked Mod","Minty Spire (QoL Compilation)","Quick Restart","Reliquary","Shop Mod","StSLib","The Disciple","The Hayseed","The Marked","The Runesmith"],"gold_per_floor":[112,112,136,149,27,27,58,58,83,83,83],"floor_reached":10,"language":"ENG","playtime":436,"items_purged":["Defend_G"],"score":97,"play_id":"65ca52d6-213a-41da-9db7-4c77d4772df4","local_time":"20210213125455","is_ascension_mode":true,"campfire_choices":[{"data":"Cloak And Dagger","floor":6,"key":"SMITH"},{"data":"Endless Agony","floor":8,"key":"SMITH"}],"circlet_count":0,"master_deck":["Strike_G","Strike_G","Strike_G","Defend_G","Defend_G","Defend_G","Defend_G","Survivor","Neutralize","Endless Agony+1","Cloak And Dagger+1"],"relics":["Ring of the Snake","NeowsBlessing","Happy Flower","reliquary:SharkskinSheath"],"acts_visited":["Gensokyo:Gensokyo"],"potions_floor_usage":[10],"damage_taken":[{"damage":0,"enemies":"Gensokyo:2_Kodama","floor":1,"turns":1},{"damage":0,"enemies":"Gensokyo:Gryphon","floor":4,"turns":1},{"damage":0,"enemies":"Gensokyo:Aya","floor":7,"turns":1},{"damage":11,"enemies":"Gensokyo:Cirno","floor":10,"turns":9}],"seed_played":"-2583085514669644875","potions_obtained":[{"floor":1,"key":"Strength Potion"}],"is_trial":false,"path_per_floor":["M","?","T","M","$","R","E","R","T","E"],"character_chosen":"THE_SILENT","items_purchased":["Cloak And Dagger"],"campfire_rested":0,"item_purchase_floors":[5],"current_hp_per_floor":[70,56,56,56,56,56,56,56,56,45,45],"gold":83,"neow_bonus":"THREE_ENEMY_KILL","is_daily":false,"chose_seed":false,"campfire_upgraded":2,"win_rate":0.0,"timestamp":1613217295,"path_taken":["M","?","?","M","?","R","E","R","T","E"],"items_purchased_type":["Card"],"build_version":"2020-12-22","purchased_purges":1,"victory":false,"max_hp_per_floor":[70,70,70,70,70,70,70,70,70,70,70],"card_choices":[{"not_picked":["Tactician","Calculated Gamble"],"picked":"Endless Agony","floor":1},{"not_picked":["Outmaneuver","Deflect","PiercingWail"],"picked":"SKIP","floor":4},{"not_picked":["Slice","Footwork","Distraction"],"picked":"SKIP","floor":7}],"player_experience":167743,"relics_obtained":[{"floor":7,"key":"Happy Flower"},{"floor":9,"key":"reliquary:SharkskinSheath"}],"event_choices":[],"is_beta":false,"boss_relics":[],"items_purged_floors":[5],"is_endless":false,"potions_floor_spawned":[1],"killed_by":"Gensokyo:Cirno","ascension_level":2}}