{"host":"3n5xmnb54n2y5mb4","time":1613231720,"event":{"mods":["BaseMod","Colored Map","Colored Powertips","Downfall","Minty Spire (QoL Compilation)","Permanent Neow","StSLib","Unceasing Turn Reminder","everything is the same but u backflip on backflip"],"gold_per_floor":[111,122,24,44,44,75,75,85,85,14,39,58,58,78,78,183,183,198,198,186,186,197,197,210,244,324,354,364,364,398,414,414,512,512,526,576,626,638,108,143,143,175,175,210,65,79,79,79,79,79],"floor_reached":51,"language":"ENG","playtime":3305,"items_purged":["Writhe","Strike_B"],"score":1259,"play_id":"2e91f740-8aac-4c5a-857a-bd46cd3ed164","local_time":"20210213105520","is_ascension_mode":true,"campfire_choices":[{"floor":7.0,"key":"REST"},{"floor":13.0,"key":"REST"},{"floor":15.0,"key":"REST"},{"data":"Coolheaded","floor":23.0,"key":"SMITH"},{"floor":29.0,"key":"REST"},{"floor":32.0,"key":"REST"},{"floor":47,"key":"REST"},{"data":"Capacitor","floor":49,"key":"SMITH"}],"circlet_count":0,"master_deck":["AscendersBane","Strike_B","Defend_B","Defend_B","Defend_B","Defend_B","Zap","Dualcast","Coolheaded+1","Blizzard","Leap","Coolheaded","Reinforced Body","Capacitor+1","Chill+1","Redo+1","Reboot+1","Machine Learning","Chaos+1","Cold Snap","Consume+1","Conserve Battery+1","Rainbow+1","Self Repair+1","Defragment+1","Coolheaded+1","Seek+1","Defragment+1","Apotheosis+1","Coolheaded+1","Hologram+1","Consume+1","Redo+1","Cold Snap+1"],"relics":["Cracked Core","Lizard Tail","Mercury Hourglass","Toxic Egg 2","InkBottle","Velvet Choker","Regal Pillow","Pen Nib","Akabeko","Frozen Egg 2","Anchor","Orichalcum","Empty Cage","Prayer Wheel","Pocketwatch","Bag of Marbles","Gambling Chip","Bag of Preparation","TungstenRod","Bottled Lightning","Toy Ornithopter","Potion Belt"],"acts_visited":["Exordium","TheCity","TheBeyond"],"potions_floor_usage":[37,50],"damage_taken":[{"damage":8.0,"enemies":"Small Slimes","floor":1.0,"turns":3.0},{"damage":2.0,"enemies":"2 Louse","floor":2.0,"turns":2.0},{"damage":0.0,"enemies":"Cultist","floor":4.0,"turns":3.0},{"damage":30.0,"enemies":"Lagavulin","floor":6.0,"turns":12.0},{"damage":4.0,"enemies":"Exordium Wildlife","floor":8.0,"turns":7.0},{"damage":24.0,"enemies":"3 Sentries","floor":11.0,"turns":7.0},{"damage":4.0,"enemies":"Large Slime","floor":12.0,"turns":7.0},{"damage":0.0,"enemies":"2 Fungi Beasts","floor":14.0,"turns":3.0},{"damage":20.0,"enemies":"Slime Boss","floor":16.0,"turns":10.0},{"damage":9.0,"enemies":"Spheric Guardian","floor":18.0,"turns":5.0},{"damage":2.0,"enemies":"2 Thieves","floor":20.0,"turns":4.0},{"damage":0.0,"enemies":"Shelled Parasite and Fungi","floor":22.0,"turns":8.0},{"damage":0.0,"enemies":"Snecko","floor":24.0,"turns":5.0},{"damage":9.0,"enemies":"Book of Stabbing","floor":25.0,"turns":8.0},{"damage":18.0,"enemies":"Gremlin Leader","floor":27.0,"turns":6.0},{"damage":1.0,"enemies":"Centurion and Healer","floor":28.0,"turns":7.0},{"damage":50.0,"enemies":"Slavers","floor":30.0,"turns":6.0},{"damage":0.0,"enemies":"Cultist and Chosen","floor":31.0,"turns":5.0},{"damage":30.0,"enemies":"Champ","floor":33.0,"turns":11.0},{"damage":4.0,"enemies":"3 Shapes","floor":35.0,"turns":3.0},{"damage":44,"enemies":"2 Orb Walkers","floor":36,"turns":8},{"damage":5,"enemies":"Mind Bloom Boss Battle","floor":37,"turns":6},{"damage":0,"enemies":"Orb Walker","floor":38,"turns":5},{"damage":0,"enemies":"Giant Head","floor":40,"turns":9},{"damage":20,"enemies":"Reptomancer","floor":42,"turns":8},{"damage":23,"enemies":"Nemesis","floor":44,"turns":9},{"damage":17,"enemies":"Maw","floor":46,"turns":8},{"damage":17,"enemies":"Donu and Deca","floor":50,"turns":12}],"seed_played":"-4104502415618944486","potions_obtained":[{"floor":1.0,"key":"Fire Potion"},{"floor":4.0,"key":"SteroidPotion"},{"floor":11.0,"key":"BlessingOfTheForge"},{"floor":18.0,"key":"sneckomod:MuddlingPotion"},{"floor":25.0,"key":"Energy Potion"},{"floor":27.0,"key":"Weak Potion"},{"floor":36,"key":"FocusPotion"},{"floor":38,"key":"ColorlessPotion"}],"is_trial":false,"path_per_floor":["M","M","$","M","?","E","R","M","T","$","E","M","R","M","R","B",null,"M","?","M","?","M","R","M","E","T","E","M","R","E","M","R","B",null,"M","?","?","M","$","E","?","E","T","E","$","M","R","T","R","B",null],"character_chosen":"DEFECT","items_purchased":["Leap","Capacitor","Apotheosis+1","Coolheaded+1","Bag of Marbles","Hologram+1","Toy Ornithopter"],"campfire_rested":6,"item_purchase_floors":[3,10,39,39,39,39,45],"current_hp_per_floor":[60,58,58,58,58,28,50,46,46,46,22,18,40,40,62,42,67,58,58,56,56,56,56,56,47,47,29,28,65,25,35,72,52,69,65,31,36,46,46,56,56,46,46,33,33,26,63,63,63,61],"gold":79,"neow_bonus":"ONE_RARE_RELIC","is_daily":false,"chose_seed":false,"campfire_upgraded":2,"win_rate":0.0,"timestamp":1613231720,"path_taken":["M","M","$","M","?","E","R","M","T","$","E","M","R","M","R","BOSS","M","?","M","?","M","R","?","E","T","E","M","R","E","M","R","BOSS","M","?","?","M","$","E","?","E","T","E","$","?","R","?","R","BOSS"],"items_purchased_type":["Card","Card","Card","Card","Relic","Card","Relic"],"build_version":"2020-12-22","purchased_purges":2,"victory":true,"max_hp_per_floor":[75,75,75,75,75,75,75,75,75,75,75,75,75,75,75,75,75,75,75,75,75,75,75,75,75,75,75,75,75,75,75,75,75,75,75,75,75,75,75,75,75,75,75,75,75,75,75,75,75,75],"card_choices":[{"not_picked":["Heatsinks","Streamline"],"picked":"Coolheaded","floor":1.0},{"not_picked":["Stack","Barrage"],"picked":"Blizzard","floor":2.0},{"not_picked":["Beam Cell","Barrage"],"picked":"Coolheaded","floor":4.0},{"not_picked":["Lockon","Sweeping Beam"],"picked":"Reinforced Body","floor":6.0},{"not_picked":["Gash","Turbo","Reprogram"],"picked":"SKIP","floor":8.0},{"not_picked":["Conserve Battery+1","Consume+1"],"picked":"Chill+1","floor":11.0},{"not_picked":["Rip and Tear","Steam+1"],"picked":"Redo+1","floor":12.0},{"not_picked":["Double Energy+1","Skim+1"],"picked":"Reboot+1","floor":14.0},{"not_picked":["Seek+1","Electrodynamics"],"picked":"Machine Learning","floor":16.0},{"not_picked":["Recycle+1","Self Repair"],"picked":"Chaos+1","floor":18.0},{"not_picked":["Hello World","Streamline"],"picked":"Cold Snap","floor":20.0},{"not_picked":["Coolheaded+1","Leap+1"],"picked":"Consume+1","floor":22.0},{"not_picked":["Steam+1","Compile Driver"],"picked":"Conserve Battery+1","floor":24.0},{"not_picked":["Auto Shields+1","Conserve Battery+1"],"picked":"Rainbow+1","floor":25.0},{"not_picked":["Reinforced Body+1","Steam+1","Ball Lightning"],"picked":"SKIP","floor":27.0},{"not_picked":["Genetic Algorithm+1","Conserve Battery+1"],"picked":"Self Repair+1","floor":28.0},{"not_picked":["Sweeping Beam","Beam Cell+1"],"picked":"Defragment+1","floor":30.0},{"not_picked":["Rebound","Compile Driver"],"picked":"Coolheaded+1","floor":31.0},{"not_picked":["Machine Learning+1","All For One"],"picked":"Seek+1","floor":33.0},{"not_picked":["Rebound","Aggregate+1"],"picked":"Defragment+1","floor":35.0},{"not_picked":["Rebound+1","Streamline"],"picked":"Barrage+1","floor":38},{"not_picked":["Barrage+1","Conserve Battery+1","Static Discharge+1"],"picked":"SKIP","floor":38},{"not_picked":["Creative AI+1","Hologram+1"],"picked":"Consume+1","floor":40},{"not_picked":["Sweeping Beam","Streamline+1","Stack+1"],"picked":"SKIP","floor":42},{"not_picked":["Conserve Battery+1","Doom and Gloom"],"picked":"Redo+1","floor":44},{"not_picked":["Go for the Eyes+1","Barrage"],"picked":"Cold Snap+1","floor":46},{"not_picked":["Turbo+1","Streamline","Creative AI+1"],"picked":"SKIP","floor":46}],"player_experience":1063815,"relics_obtained":[{"floor":6.0,"key":"Mercury Hourglass"},{"floor":9.0,"key":"Toxic Egg 2"},{"floor":11.0,"key":"InkBottle"},{"floor":25.0,"key":"Akabeko"},{"floor":26.0,"key":"Frozen Egg 2"},{"floor":27.0,"key":"Anchor"},{"floor":30.0,"key":"Orichalcum"},{"floor":36,"key":"Prayer Wheel"},{"floor":37,"key":"Pocketwatch"},{"floor":40,"key":"Gambling Chip"},{"floor":42,"key":"Bag of Preparation"},{"floor":43,"key":"TungstenRod"},{"floor":44,"key":"Bottled Lightning"},{"floor":48,"key":"Potion Belt"}],"event_choices":[{"damage_healed":0.0,"max_hp_gain":0.0,"max_hp_loss":0.0,"gold_gain":0.0,"event_name":"Liars Game","player_choice":"Ignored","floor":5.0,"gold_loss":0.0,"damage_taken":0.0},{"damage_healed":0.0,"max_hp_gain":0.0,"max_hp_loss":0.0,"gold_gain":0.0,"event_name":"The Mausoleum","player_choice":"Opened","floor":19.0,"gold_loss":0.0,"damage_taken":0.0,"relics_obtained":["Regal Pillow"]},{"damage_healed":0.0,"max_hp_gain":0.0,"max_hp_loss":0.0,"gold_gain":0.0,"event_name":"WeMeetAgain","player_choice":"Gave Potion","floor":21.0,"gold_loss":0.0,"damage_taken":0.0,"relics_obtained":["Pen Nib"]},{"damage_healed":0,"gold_gain":0,"player_choice":"Fight","damage_taken":0,"max_hp_gain":0,"max_hp_loss":0,"event_name":"Mysterious Sphere","floor":36,"gold_loss":0},{"damage_healed":0,"gold_gain":0,"player_choice":"Fight","damage_taken":0,"max_hp_gain":0,"max_hp_loss":0,"event_name":"MindBloom","floor":37,"gold_loss":0},{"cards_removed":["Barrage"],"damage_healed":0,"gold_gain":0,"player_choice":"Removed Attack","damage_taken":0,"max_hp_gain":0,"max_hp_loss":0,"event_name":"Falling","floor":41,"gold_loss":0}],"is_beta":false,"boss_relics":[{"not_picked":["Runic Pyramid","Cursed Key"],"picked":"Velvet Choker"},{"not_picked":["Tiny House","Sozu"],"picked":"Empty Cage"}],"items_purged_floors":[3,39],"is_endless":false,"potions_floor_spawned":[1,4,11,18,25,27,28,31,36,38,40,46],"ascension_level":11}}