{"host":"b34lfm0pg36jv5no","time":1613175118,"event":{"mods":["BaseMod","Bestiary","Colored Map","Dark Map","Minty Spire (QoL Compilation)","Relic Stats","ojb\u0027s Info Mod"],"gold_per_floor":[168,187,61,61,61,61,95,110,110,121,121,149,149,49,49,154,154,172,172,47,47,64,64,75,108,108,134,154,166,91,125,125,225,225,239,89,107,34,34,61,79,112,112,97,97,131,131,163,163,163,163,163,59,90,90],"floor_reached":56,"language":"ENG","playtime":6193,"items_purged":["Strike_G","Strike_G","Accuracy","Defend_G+1"],"score":1517,"play_id":"84fa24d5-406b-49a9-890c-9e95f05bfa69","local_time":"20210213001158","is_ascension_mode":true,"campfire_choices":[{"data":"Deadly Poison","floor":6,"key":"SMITH"},{"data":"Burst","floor":11,"key":"SMITH"},{"data":"Footwork","floor":13,"key":"SMITH"},{"data":"All Out Attack","floor":15,"key":"SMITH"},{"data":"Neutralize","floor":23,"key":"SMITH"},{"data":"Night Terror","floor":32,"key":"SMITH"},{"data":"Corpse Explosion","floor":47,"key":"SMITH"},{"floor":49,"key":"RECALL"},{"data":"Burst","floor":52,"key":"SMITH"}],"circlet_count":0,"master_deck":["Defend_G+1","Defend_G+1","Defend_G+1","Survivor+1","Neutralize+1","Poisoned Stab+1","Deadly Poison+1","All Out Attack+1","Burst+1","Footwork+1","Night Terror+1","Prepared+1","Backflip+1","Blur+1","Calculated Gamble+1","Corpse Explosion+1","Burst+1","Deflect","Blind"],"relics":["Tiny House","Thread and Needle","Gambling Chip","Mango","Philosopher\u0027s Stone","Snake Skull","Whetstone","War Paint","Busted Crown","CeramicFish","MealTicket","Ornamental Fan","Mercury Hourglass","The Courier","Kunai","Ice Cream"],"acts_visited":["Exordium","TheCity","TheBeyond","TheEnding"],"potions_floor_usage":[7,18,22,42,48,54,55],"damage_taken":[{"damage":3,"enemies":"2 Louse","floor":1,"turns":3},{"damage":1,"enemies":"Jaw Worm","floor":2,"turns":3},{"damage":13,"enemies":"Gremlin Nob","floor":7,"turns":4},{"damage":0,"enemies":"Cultist","floor":8,"turns":3},{"damage":0,"enemies":"2 Fungi Beasts","floor":10,"turns":2},{"damage":0,"enemies":"3 Sentries","floor":12,"turns":8},{"damage":16,"enemies":"The Guardian","floor":16,"turns":9},{"damage":5,"enemies":"3 Byrds","floor":18,"turns":6},{"damage":8,"enemies":"2 Thieves","floor":22,"turns":4},{"damage":0,"enemies":"Snake Plant","floor":24,"turns":5},{"damage":0,"enemies":"Book of Stabbing","floor":25,"turns":6},{"damage":8,"enemies":"Gremlin Leader","floor":27,"turns":7},{"damage":0,"enemies":"Snecko","floor":28,"turns":4},{"damage":0,"enemies":"3 Cultists","floor":29,"turns":5},{"damage":0,"enemies":"Book of Stabbing","floor":31,"turns":6},{"damage":24,"enemies":"Automaton","floor":33,"turns":11},{"damage":4,"enemies":"3 Darklings","floor":35,"turns":3},{"damage":0,"enemies":"3 Shapes","floor":37,"turns":2},{"damage":8,"enemies":"Nemesis","floor":40,"turns":9},{"damage":0,"enemies":"Jaw Worm Horde","floor":41,"turns":2},{"damage":0,"enemies":"Reptomancer","floor":42,"turns":5},{"damage":13,"enemies":"Nemesis","floor":46,"turns":7},{"damage":38,"enemies":"Reptomancer","floor":48,"turns":8},{"damage":23,"enemies":"Donu and Deca","floor":50,"turns":8},{"damage":14,"enemies":"Shield and Spear","floor":54,"turns":6},{"damage":66,"enemies":"The Heart","floor":55,"turns":13}],"seed_played":"8389615100007529490","potions_obtained":[{"floor":0,"key":"Swift Potion"},{"floor":7,"key":"Strength Potion"},{"floor":16,"key":"Weak Potion"},{"floor":25,"key":"BlessingOfTheForge"},{"floor":27,"key":"Explosive Potion"},{"floor":29,"key":"SpeedPotion"},{"floor":37,"key":"LiquidMemories"},{"floor":40,"key":"Regen Potion"},{"floor":48,"key":"ColorlessPotion"}],"is_trial":false,"path_per_floor":["M","M","$","?","?","R","E","M","T","M","R","E","R","$","R","B",null,"M","?","$","?","M","R","M","E","T","E","M","M","?","E","R","B",null,"M","$","M","$","?","E","M","E","T","$","T","E","R","E","R","B",null,"R","$","E","B",null],"character_chosen":"THE_SILENT","items_purchased":["SteroidPotion","Burst","Deflect","ColorlessPotion","Blind"],"campfire_rested":0,"item_purchase_floors":[3,38,44,53,53],"current_hp_per_floor":[72,71,71,64,64,64,51,51,51,51,51,65,65,65,65,49,89,84,84,84,84,76,76,76,76,76,68,68,68,68,68,68,44,89,85,85,85,85,85,77,77,77,77,89,89,76,76,53,53,30,89,89,89,75,9],"gold":90,"neow_bonus":"BOSS_RELIC","is_daily":false,"chose_seed":false,"campfire_upgraded":8,"win_rate":0.0,"timestamp":1613175118,"path_taken":["M","M","$","?","?","R","E","M","T","M","R","E","R","$","R","BOSS","M","?","?","?","M","R","M","E","T","E","M","M","?","E","R","BOSS","M","$","M","$","?","E","?","E","T","$","?","E","R","E","R","BOSS","R","$","E","BOSS"],"items_purchased_type":["Potion","Card","Card","Potion","Card"],"build_version":"2020-12-22","purchased_purges":4,"victory":true,"max_hp_per_floor":[75,75,75,75,75,75,75,75,75,75,75,89,89,89,89,89,89,89,89,89,89,89,89,89,89,89,89,89,89,89,89,89,89,89,89,89,89,89,89,89,89,89,89,89,89,89,89,89,89,89,89,89,89,89,89],"relic_stats":{"Busted Crown":16,"counters":[26,148],"Ornamental Fan":[0],"Gambling Chip":[53],"CeramicFish":18,"MealTicket":12,"Snake Skull":[119],"Whetstone":["Poisoned Stab"],"Kunai":[0],"War Paint":["Calculated Gamble","Blur"],"obtain_stats":[{"Ice Cream":54,"Tiny House":0,"CeramicFish":40,"Thread and Needle":7,"Mango":12,"Snake Skull":25,"The Courier":46,"Whetstone":27,"War Paint":31,"Mercury Hourglass":45,"Busted Crown":34,"Ornamental Fan":43,"Gambling Chip":9,"Philosopher\u0027s Stone":17,"MealTicket":42,"Kunai":48,"Ring of the Snake":0},{"Ice Cream":25,"Tiny House":0,"CeramicFish":19,"Thread and Needle":3,"Mango":6,"Snake Skull":11,"The Courier":22,"Whetstone":12,"War Paint":15,"Mercury Hourglass":21,"Busted Crown":16,"Ornamental Fan":21,"Gambling Chip":4,"Philosopher\u0027s Stone":7,"MealTicket":21,"Kunai":23,"Ring of the Snake":0},{"Ice Cream":135,"Tiny House":0,"CeramicFish":100,"Thread and Needle":10,"Mango":23,"Snake Skull":53,"The Courier":114,"Whetstone":60,"War Paint":75,"Mercury Hourglass":107,"Busted Crown":86,"Ornamental Fan":107,"Gambling Chip":13,"Philosopher\u0027s Stone":32,"MealTicket":107,"Kunai":121,"Ring of the Snake":0}],"Mercury Hourglass":[143]},"card_choices":[{"not_picked":["Sucker Punch","Acrobatics"],"picked":"Poisoned Stab","floor":0},{"not_picked":["Skewer","Flying Knee"],"picked":"Deadly Poison","floor":1},{"not_picked":["Flying Knee","Dagger Throw"],"picked":"All Out Attack","floor":2},{"not_picked":["Deflect","Sucker Punch","Deadly Poison"],"picked":"SKIP","floor":7},{"not_picked":["Skewer","Heel Hook"],"picked":"Burst","floor":8},{"not_picked":["Dash","Backflip"],"picked":"Footwork","floor":10},{"not_picked":["Caltrops","Blade Dance","Acrobatics"],"picked":"SKIP","floor":12},{"not_picked":["Grand Finale","Burst"],"picked":"Night Terror","floor":16},{"not_picked":["Endless Agony+1","Blade Dance"],"picked":"Prepared+1","floor":18},{"not_picked":["Flying Knee+1","Finisher+1"],"picked":"Backflip+1","floor":22},{"not_picked":["Dagger Throw","Dash","Dodge and Roll"],"picked":"SKIP","floor":24},{"not_picked":["Dagger Throw","Dash","Dodge and Roll"],"picked":"SKIP","floor":24},{"not_picked":["Dagger Throw","Dash","Dodge and Roll"],"picked":"SKIP","floor":24},{"not_picked":["Flying Knee+1","Accuracy","Dagger Throw"],"picked":"SKIP","floor":25},{"not_picked":["Dash","Dagger Spray"],"picked":"Blur","floor":27},{"not_picked":["Skewer","Poisoned Stab"],"picked":"Calculated Gamble","floor":28},{"not_picked":["Masterful Stab","Quick Slash","PiercingWail"],"picked":"SKIP","floor":29},{"not_picked":["Bane+1","Outmaneuver","Accuracy"],"picked":"SKIP","floor":31},{"not_picked":["Glass Knife","Phantasmal Killer"],"picked":"Corpse Explosion","floor":33},{"not_picked":["Terror+1"],"picked":"SKIP","floor":35},{"not_picked":["Sucker Punch"],"picked":"SKIP","floor":37},{"not_picked":["Outmaneuver"],"picked":"SKIP","floor":40},{"not_picked":["Riddle With Holes+1"],"picked":"SKIP","floor":41},{"not_picked":["Riddle With Holes+1"],"picked":"SKIP","floor":41},{"not_picked":["Eviscerate"],"picked":"SKIP","floor":42},{"not_picked":["Finisher"],"picked":"SKIP","floor":46},{"not_picked":["Endless Agony+1"],"picked":"SKIP","floor":48},{"not_picked":["Dash"],"picked":"SKIP","floor":54}],"player_experience":2621800,"relics_obtained":[{"floor":7,"key":"Thread and Needle"},{"floor":9,"key":"Gambling Chip"},{"floor":12,"key":"Mango"},{"floor":25,"key":"Snake Skull"},{"floor":27,"key":"Whetstone"},{"floor":31,"key":"War Paint"},{"floor":40,"key":"CeramicFish"},{"floor":42,"key":"MealTicket"},{"floor":43,"key":"Ornamental Fan"},{"floor":45,"key":"Mercury Hourglass"},{"floor":46,"key":"The Courier"},{"floor":48,"key":"Kunai"},{"floor":54,"key":"Ice Cream"}],"event_choices":[{"cards_removed":["Strike_G"],"damage_healed":0,"gold_gain":0,"player_choice":"Card Removal","damage_taken":7,"max_hp_gain":0,"max_hp_loss":0,"event_name":"Golden Wing","floor":4,"gold_loss":0},{"cards_removed":["Strike_G"],"damage_healed":0,"gold_gain":0,"player_choice":"Forget","damage_taken":0,"max_hp_gain":0,"max_hp_loss":0,"event_name":"Living Wall","floor":5,"gold_loss":0},{"damage_healed":0,"gold_gain":0,"cards_transformed":["Strike_G"],"player_choice":"Transformed","damage_taken":0,"max_hp_gain":0,"max_hp_loss":0,"event_name":"Transmorgrifier","floor":19,"gold_loss":0,"cards_obtained":["Accuracy"]},{"damage_healed":0,"gold_gain":0,"player_choice":"Simplicity","damage_taken":0,"max_hp_gain":0,"max_hp_loss":0,"event_name":"Back to Basics","floor":21,"gold_loss":0,"cards_upgraded":["Defend_G","Defend_G","Defend_G","Defend_G","Defend_G"]},{"cards_removed":["Defend_G"],"damage_healed":0,"gold_gain":0,"player_choice":"Gave Gold","damage_taken":0,"max_hp_gain":0,"max_hp_loss":0,"event_name":"Beggar","floor":30,"gold_loss":75},{"damage_healed":0,"gold_gain":0,"player_choice":"Ignored","damage_taken":0,"max_hp_gain":0,"max_hp_loss":0,"event_name":"SecretPortal","floor":39,"gold_loss":0}],"is_beta":false,"boss_relics":[{"not_picked":["Sozu","Fusion Hammer"],"picked":"Philosopher\u0027s Stone"},{"not_picked":["Snecko Eye","Black Star"],"picked":"Busted Crown"}],"items_purged_floors":[3,14,20,36],"is_endless":false,"potions_floor_spawned":[7,16,25,27,29,33,37,40,48],"ascension_level":2}}