{"host":"dw8ij7emqco3quom","time":1613178431,"event":{"mods":["BaseMod","Minty Spire (QoL Compilation)"],"gold_per_floor":[12,12,22,38,51,51,51,51,77,93,125,125,125,140,140,237,237,237,251,101,101,200,200,200],"floor_reached":23,"language":"FRA","playtime":970,"items_purged":[],"score":259,"play_id":"70b57035-43eb-4946-833e-e558aca540be","local_time":"20210213020711","is_ascension_mode":true,"campfire_choices":[{"data":"Defragment","floor":6.0,"key":"SMITH"},{"data":"Dualcast","floor":8.0,"key":"SMITH"},{"data":"Echo Form","floor":13.0,"key":"SMITH"},{"floor":15.0,"key":"REST"}],"circlet_count":0,"master_deck":["Strike_B","Defend_B","Defend_B","Defend_B","Zap+1","Dualcast+1","Reboot","Core Surge","Defragment+1","Tempest","Rebound","Rebound","Consume","BootSequence","Zap","Melter","Echo Form+1","Blind","Buffer"],"relics":["Cracked Core","PreservedInsect","Bag of Marbles","Empty Cage","Omamori"],"acts_visited":["Exordium","TheCity"],"potions_floor_usage":[23],"damage_taken":[{"damage":0.0,"enemies":"2 Louse","floor":1.0,"turns":1.0},{"damage":1.0,"enemies":"Cultist","floor":3.0,"turns":3.0},{"damage":5.0,"enemies":"Small Slimes","floor":4.0,"turns":3.0},{"damage":9.0,"enemies":"Red Slaver","floor":5.0,"turns":3.0},{"damage":0.0,"enemies":"Large Slime","floor":10.0,"turns":3.0},{"damage":0.0,"enemies":"Lagavulin","floor":11.0,"turns":3.0},{"damage":16.0,"enemies":"Blue Slaver","floor":14.0,"turns":3.0},{"damage":41.0,"enemies":"The Guardian","floor":16.0,"turns":10.0},{"damage":0.0,"enemies":"3 Byrds","floor":18.0,"turns":2.0},{"damage":31.0,"enemies":"2 Thieves","floor":19.0,"turns":4.0},{"damage":53,"enemies":"Gremlin Leader","floor":23,"turns":5}],"seed_played":"-2813165968370117652","potions_obtained":[{"floor":3.0,"key":"Explosive Potion"},{"floor":4.0,"key":"FocusPotion"},{"floor":5.0,"key":"Explosive Potion"},{"floor":11.0,"key":"SmokeBomb"}],"is_trial":false,"path_per_floor":["M","?","M","M","M","R","?","R","T","M","E","?","R","M","R","B",null,"M","M","$","?","?","E"],"character_chosen":"DEFECT","items_purchased":["Omamori"],"campfire_rested":1,"item_purchase_floors":[20],"current_hp_per_floor":[75,75,74,69,60,60,60,60,60,60,60,60,60,44,66,25,75,75,44,44,44,44,0,0],"gold":200,"neow_bonus":"TRANSFORM_TWO_CARDS","is_daily":false,"chose_seed":false,"campfire_upgraded":3,"win_rate":0.0,"timestamp":1613178431,"path_taken":["M","?","M","M","?","R","?","R","T","M","E","?","R","?","R","BOSS","M","M","$","?","?","E"],"items_purchased_type":["Relic"],"build_version":"2020-12-22","purchased_purges":0,"victory":false,"max_hp_per_floor":[75,75,75,75,75,75,75,75,75,75,75,75,75,75,75,75,75,75,75,75,75,75,75,75],"card_choices":[{"not_picked":["Leap","Turbo"],"picked":"Defragment","floor":1.0},{"not_picked":["Stack","Rip and Tear"],"picked":"Tempest","floor":3.0},{"not_picked":["Aggregate","Cold Snap"],"picked":"Rebound","floor":4.0},{"not_picked":["Stack","Blizzard"],"picked":"Rebound","floor":5.0},{"not_picked":["Steam Power","Streamline"],"picked":"Consume","floor":10.0},{"not_picked":["Chaos","Loop"],"picked":"BootSequence","floor":11.0},{"not_picked":["Consume","Beam Cell","Stack"],"picked":"SKIP","floor":14.0},{"not_picked":["Rainbow","Seek"],"picked":"Buffer","floor":16.0},{"not_picked":["Redo","Blizzard","Loop"],"picked":"SKIP","floor":19.0}],"player_experience":734124,"relics_obtained":[{"floor":9.0,"key":"PreservedInsect"},{"floor":11.0,"key":"Bag of Marbles"}],"event_choices":[{"damage_healed":0.0,"max_hp_gain":0.0,"max_hp_loss":0.0,"gold_gain":0.0,"event_name":"Accursed Blacksmith","player_choice":"Forge","floor":2.0,"gold_loss":0.0,"damage_taken":0.0,"cards_upgraded":["Zap"]},{"damage_healed":0.0,"max_hp_gain":0.0,"max_hp_loss":0.0,"gold_gain":0.0,"event_name":"Shining Light","player_choice":"Ignored","floor":7.0,"gold_loss":0.0,"damage_taken":0.0},{"damage_healed":0.0,"max_hp_gain":0.0,"max_hp_loss":0.0,"gold_gain":0.0,"event_name":"Match and Keep!","player_choice":"4 cards matched","floor":12.0,"gold_loss":0.0,"damage_taken":0.0,"cards_obtained":["Zap","Melter","Echo Form","Blind"]},{"damage_healed":0.0,"max_hp_gain":0.0,"max_hp_loss":0.0,"gold_gain":0.0,"event_name":"Ghosts","player_choice":"Ignored","floor":21.0,"gold_loss":0.0,"damage_taken":0.0},{"damage_healed":0.0,"max_hp_gain":0.0,"max_hp_loss":0.0,"gold_gain":99.0,"event_name":"Nest","player_choice":"Stole From Cult","floor":22.0,"gold_loss":0.0,"damage_taken":0.0}],"is_beta":false,"boss_relics":[{"not_picked":["Coffee Dripper","Calling Bell"],"picked":"Empty Cage"}],"items_purged_floors":[],"is_endless":false,"potions_floor_spawned":[3,4,5,11,18],"killed_by":"Gremlin Leader","ascension_level":4}}