{"host":"5kirneupyg4uzd3w","time":1613187290,"event":{"mods":["BaseMod","Colored Map","Custom Start","Minty Spire (QoL Compilation)","StSLib","SuperFastMode"],"gold_per_floor":[117,136,61,71,71,98,173,86,86,86,99,127,127,142,142,218,218,238,438,91,110,110,110],"floor_reached":22,"language":"KOR","playtime":339,"items_purged":["Strike_R"],"score":388,"play_id":"c1c01ca9-97d1-4eec-8079-4ae96215ceb7","local_time":"20210213123450","is_ascension_mode":true,"campfire_choices":[{"data":"Immolate","floor":10.0,"key":"SMITH"},{"data":"Shrug It Off","floor":13.0,"key":"SMITH"},{"data":"True Grit","floor":15.0,"key":"SMITH"}],"circlet_count":0,"master_deck":["AscendersBane","Strike_R","Strike_R","Strike_R","Strike_R","Defend_R","Defend_R","Defend_R","Defend_R","Bash","Shrug It Off+1","Immolate+1","Dark Embrace","Blood for Blood+1","Brutality","True Grit+1","Barricade","Feel No Pain+1","Shrug It Off+1"],"relics":["Burning Blood","NeowsBlessing","Molten Egg 2","Dream Catcher","Strawberry","Velvet Choker","Frozen Egg 2"],"acts_visited":["Exordium","TheCity"],"potions_floor_usage":[22],"damage_taken":[{"damage":0.0,"enemies":"Cultist","floor":1.0,"turns":1.0},{"damage":0.0,"enemies":"Small Slimes","floor":2.0,"turns":1.0},{"damage":0.0,"enemies":"Jaw Worm","floor":4.0,"turns":1.0},{"damage":32.0,"enemies":"Gremlin Nob","floor":6.0,"turns":4.0},{"damage":3.0,"enemies":"Large Slime","floor":11.0,"turns":4.0},{"damage":15.0,"enemies":"3 Sentries","floor":12.0,"turns":5.0},{"damage":9.0,"enemies":"Red Slaver","floor":14.0,"turns":3.0},{"damage":33.0,"enemies":"Hexaghost","floor":16.0,"turns":8.0},{"damage":19.0,"enemies":"Shell Parasite","floor":18.0,"turns":4.0},{"damage":30.0,"enemies":"Chosen","floor":21.0,"turns":5.0},{"damage":34,"enemies":"Snake Plant","floor":22,"turns":2}],"seed_played":"7797554422155264370","potions_obtained":[{"floor":1.0,"key":"ColorlessPotion"},{"floor":2.0,"key":"ElixirPotion"},{"floor":11.0,"key":"Strength Potion"},{"floor":16.0,"key":"Dexterity Potion"},{"floor":18.0,"key":"CultistPotion"}],"is_trial":false,"path_per_floor":["M","M","$","M","?","E","?","$","T","R","M","E","R","M","R","B",null,"M","?","$","M","M"],"character_chosen":"IRONCLAD","items_purchased":["Blood for Blood+1","Frozen Egg 2","Feel No Pain+1"],"campfire_rested":0,"item_purchase_floors":[8,20,20],"current_hp_per_floor":[74,75,75,75,75,49,38,38,38,38,41,39,39,36,36,9,64,51,51,51,27,0,0],"gold":110,"neow_bonus":"THREE_ENEMY_KILL","is_daily":false,"chose_seed":false,"campfire_upgraded":3,"win_rate":0.0,"timestamp":1613187290,"path_taken":["M","?","?","M","?","E","?","$","T","R","M","E","R","M","R","BOSS","M","?","$","M","M"],"items_purchased_type":["Card","Relic","Card"],"build_version":"2020-12-22","purchased_purges":1,"victory":false,"max_hp_per_floor":[75,75,75,75,75,75,75,75,75,75,75,82,82,82,82,82,82,82,82,82,82,82,82],"card_choices":[{"not_picked":["Fire Breathing","Headbutt"],"picked":"Shrug It Off","floor":1.0},{"not_picked":["Warcry","Combust"],"picked":"Immolate","floor":2.0},{"not_picked":["Wild Strike","Twin Strike","Armaments"],"picked":"SKIP","floor":4.0},{"not_picked":["Flex","True Grit"],"picked":"Dark Embrace","floor":6.0},{"not_picked":["Cleave+1","Hemokinesis+1","Sever Soul+1"],"picked":"SKIP","floor":11.0},{"not_picked":["Havoc","Metallicize"],"picked":"Brutality","floor":12.0},{"not_picked":["Bloodletting","Cleave+1"],"picked":"True Grit","floor":14.0},{"not_picked":["Juggernaut","Brutality"],"picked":"Barricade","floor":16.0},{"not_picked":["Intimidate","Thunderclap+1","Perfected Strike+1"],"picked":"SKIP","floor":18.0},{"not_picked":["Pommel Strike+1","True Grit+1"],"picked":"Shrug It Off+1","floor":21.0}],"player_experience":321597,"relics_obtained":[{"floor":6.0,"key":"Molten Egg 2"},{"floor":9.0,"key":"Dream Catcher"},{"floor":12.0,"key":"Strawberry"}],"event_choices":[{"damage_healed":0.0,"max_hp_gain":0.0,"max_hp_loss":0.0,"gold_gain":0.0,"event_name":"Liars Game","player_choice":"Ignored","floor":5.0,"gold_loss":0.0,"damage_taken":0.0},{"damage_healed":0.0,"max_hp_gain":0.0,"max_hp_loss":0.0,"gold_gain":75.0,"event_name":"World of Goop","player_choice":"Gather Gold","floor":7.0,"gold_loss":0.0,"damage_taken":11.0},{"damage_healed":0.0,"max_hp_gain":0.0,"max_hp_loss":0.0,"gold_gain":250.0,"event_name":"The Joust","player_choice":"Bet on Owner","floor":19.0,"gold_loss":50.0,"damage_taken":0.0}],"is_beta":false,"boss_relics":[{"not_picked":["Runic Dome","Fusion Hammer"],"picked":"Velvet Choker"}],"items_purged_floors":[3],"is_endless":false,"potions_floor_spawned":[1,2,11,14,16,18],"killed_by":"Snake Plant","ascension_level":20}}