{"host":"rolltorest","time":1613186419,"event":{"mods":["BaseMod","Minty Spire (QoL Compilation)","Relic Stats","Slay the Relics Exporter","StSLib"],"gold_per_floor":[109,109,109,119,132,160,160,190,190,206,206,17,27,46,46,119,119,134,409,423,30,30,45,45,73,73,84,84,84,84],"floor_reached":29,"language":"ENG","playtime":740,"items_purged":["Strike_B"],"score":660,"play_id":"ac5c3594-1709-45bf-8031-b9218e731b35","local_time":"20210212192019","is_ascension_mode":true,"campfire_choices":[{"data":"Barrage","floor":7,"key":"SMITH"},{"data":"Buffer","floor":15,"key":"SMITH"}],"circlet_count":0,"master_deck":["AscendersBane","Strike_B","Strike_B","Strike_B","Defend_B","Defend_B","Defend_B","Defend_B+1","Zap","Dualcast+1","Sweeping Beam","Cold Snap","Glacier","Barrage+1","BootSequence","Ball Lightning","Cold Snap","Go for the Eyes","Buffer+1","Rainbow","Regret","Glacier","Echo Form","Shame","Loop","Reinforced Body+1"],"relics":["Cracked Core","NeowsBlessing","Blue Candle","Gremlin Horn","Bronze Scales","HornCleat","Kunai","Velvet Choker","ClockworkSouvenir","Smiling Mask","Centennial Puzzle","Ancient Tea Set","Frozen Egg 2"],"acts_visited":["Exordium","TheCity"],"potions_floor_usage":[8,8,16,16,25,27,27],"damage_taken":[{"damage":0,"enemies":"2 Louse","floor":1,"turns":1},{"damage":0,"enemies":"Small Slimes","floor":4,"turns":1},{"damage":0,"enemies":"Cultist","floor":5,"turns":1},{"damage":18,"enemies":"3 Sentries","floor":6,"turns":10},{"damage":21,"enemies":"Gremlin Nob","floor":8,"turns":5},{"damage":0,"enemies":"3 Louse","floor":10,"turns":3},{"damage":0,"enemies":"Large Slime","floor":13,"turns":3},{"damage":0,"enemies":"Gremlin Gang","floor":14,"turns":3},{"damage":0,"enemies":"Hexaghost","floor":16,"turns":10},{"damage":0,"enemies":"2 Thieves","floor":18,"turns":4},{"damage":34,"enemies":"Chosen","floor":20,"turns":6},{"damage":1,"enemies":"Sentry and Sphere","floor":23,"turns":5},{"damage":0,"enemies":"Slavers","floor":25,"turns":6},{"damage":4,"enemies":"Shelled Parasite and Fungi","floor":27,"turns":6},{"damage":21,"enemies":"Book of Stabbing","floor":29,"turns":4}],"seed_played":"6910692492330609014","potions_obtained":[{"floor":4,"key":"GamblersBrew"},{"floor":6,"key":"Ancient Potion"},{"floor":8,"key":"AttackPotion"},{"floor":25,"key":"EntropicBrew"}],"is_trial":false,"path_per_floor":["M","?","?","M","M","E","R","E","T","M","?","$","M","M","R","B",null,"M","?","M","$","?","M","T","E","T","M","?","E"],"character_chosen":"DEFECT","items_purchased":["Cold Snap","Block Potion","Echo Form","ClockworkSouvenir","FocusPotion"],"campfire_rested":0,"item_purchase_floors":[12,12,21,21,21],"current_hp_per_floor":[64,43,43,43,43,25,25,4,4,4,4,4,4,4,4,4,54,54,54,20,20,20,19,19,19,19,15,15,0,0],"gold":84,"neow_bonus":"THREE_ENEMY_KILL","is_daily":false,"chose_seed":false,"campfire_upgraded":2,"win_rate":0.0,"timestamp":1613186419,"path_taken":["M","?","?","?","M","E","R","E","T","M","?","$","M","M","R","BOSS","M","?","?","$","?","M","?","E","T","M","?","E"],"items_purchased_type":["Card","Potion","Card","Relic","Potion"],"build_version":"2020-12-18","purchased_purges":1,"victory":false,"max_hp_per_floor":[71,71,71,71,71,71,71,71,71,71,71,71,71,71,71,71,71,71,71,71,71,71,71,71,71,71,71,71,71,71],"relic_stats":{"Centennial Puzzle":[6],"Gremlin Horn":[11,11],"counters":[15,68],"Blue Candle":[5],"Bronze Scales":[177],"Kunai":[16],"Smiling Mask":0,"obtain_stats":[{"NeowsBlessing":0,"Gremlin Horn":6,"Blue Candle":3,"Velvet Choker":17,"Frozen Egg 2":26,"Smiling Mask":22,"Ancient Tea Set":25,"ClockworkSouvenir":21,"Centennial Puzzle":24,"HornCleat":9,"Bronze Scales":8,"Kunai":11,"Cracked Core":0},{"NeowsBlessing":0,"Gremlin Horn":4,"Blue Candle":1,"Velvet Choker":9,"Frozen Egg 2":13,"Smiling Mask":11,"Ancient Tea Set":13,"ClockworkSouvenir":11,"Centennial Puzzle":12,"HornCleat":5,"Bronze Scales":5,"Kunai":6,"Cracked Core":0},{"NeowsBlessing":0,"Gremlin Horn":13,"Blue Candle":1,"Velvet Choker":37,"Frozen Egg 2":58,"Smiling Mask":47,"Ancient Tea Set":58,"ClockworkSouvenir":47,"Centennial Puzzle":52,"HornCleat":18,"Bronze Scales":18,"Kunai":21,"Cracked Core":0}]},"card_choices":[{"not_picked":["Hologram","Gash"],"picked":"Sweeping Beam","floor":1},{"not_picked":["Sweeping Beam","Force Field"],"picked":"Cold Snap","floor":4},{"not_picked":["Loop","Compile Driver"],"picked":"Glacier","floor":5},{"not_picked":["Conserve Battery","Amplify"],"picked":"Barrage","floor":6},{"not_picked":["Go for the Eyes","FTL"],"picked":"BootSequence","floor":8},{"not_picked":["Turbo","Beam Cell"],"picked":"Ball Lightning","floor":10},{"not_picked":["Streamline","Coolheaded"],"picked":"Go for the Eyes","floor":13},{"not_picked":["Cold Snap","Stack"],"picked":"Buffer","floor":14},{"not_picked":["Reboot","Meteor Strike"],"picked":"Rainbow","floor":16},{"not_picked":["Hologram","Double Energy","Leap"],"picked":"SKIP","floor":18},{"not_picked":["Steam","BootSequence"],"picked":"Glacier","floor":20},{"not_picked":["Steam","Leap","Hello World+1"],"picked":"SKIP","floor":23},{"not_picked":["Sweeping Beam","Redo"],"picked":"Loop","floor":25},{"not_picked":["Hologram","Heatsinks+1"],"picked":"Reinforced Body+1","floor":27}],"player_experience":1969341,"relics_obtained":[{"floor":3,"key":"Blue Candle"},{"floor":6,"key":"Gremlin Horn"},{"floor":8,"key":"Bronze Scales"},{"floor":9,"key":"HornCleat"},{"floor":24,"key":"Centennial Puzzle"},{"floor":25,"key":"Ancient Tea Set"},{"floor":26,"key":"Frozen Egg 2"}],"event_choices":[{"damage_healed":0,"gold_gain":0,"player_choice":"Entered Light","damage_taken":21,"max_hp_gain":0,"max_hp_loss":0,"event_name":"Shining Light","floor":2,"gold_loss":0,"cards_upgraded":["Defend_B","Dualcast"]},{"damage_healed":0,"gold_gain":0,"player_choice":"Relic","damage_taken":0,"max_hp_gain":0,"max_hp_loss":0,"event_name":"Wheel of Change","floor":3,"gold_loss":0},{"damage_healed":0,"gold_gain":0,"player_choice":"Searched \u00271\u0027 times","damage_taken":0,"relics_obtained":["Kunai"],"max_hp_gain":0,"max_hp_loss":0,"event_name":"Dead Adventurer","floor":11,"gold_loss":0},{"damage_healed":0,"gold_gain":275,"player_choice":"Desecrate","damage_taken":0,"max_hp_gain":0,"max_hp_loss":0,"event_name":"Golden Shrine","floor":19,"gold_loss":0,"cards_obtained":["Regret"]},{"damage_healed":0,"gold_gain":0,"player_choice":"Stole Relic","damage_taken":0,"relics_obtained":["Smiling Mask"],"max_hp_gain":0,"max_hp_loss":0,"event_name":"Addict","floor":22,"gold_loss":0,"cards_obtained":["Shame"]},{"damage_healed":0,"gold_gain":0,"player_choice":"Ignored","damage_taken":0,"max_hp_gain":0,"max_hp_loss":0,"event_name":"The Mausoleum","floor":28,"gold_loss":0}],"is_beta":true,"boss_relics":[{"not_picked":["Astrolabe","Tiny House"],"picked":"Velvet Choker"}],"items_purged_floors":[12],"is_endless":false,"potions_floor_spawned":[4,6,8,14,25],"killed_by":"Book of Stabbing","ascension_level":20}}