{"host":"rmt60uil2jppa14k","time":1613231654,"event":{"mods":["AchievementEnabler","BaseMod","Better Third Choice","Colored Powertips","Downfall","Highlight Path","Minty Spire (QoL Compilation)","Quick Restart","Rare Cards Sparkle","Shop Mod","StSLib"],"gold_per_floor":[112,123,25,25,25,51,51,69,69,69,85,165,89,100,100,199,199,187,200,200,200,218,218],"floor_reached":22,"language":"ENG","playtime":8693,"items_purged":[],"score":236,"play_id":"9c8e936e-ea57-4575-b9af-7f0ca82c4a4d","local_time":"20210213155414","is_ascension_mode":false,"campfire_choices":[{"floor":7,"key":"REST"},{"data":"Inflame","floor":10,"key":"SMITH"},{"floor":15,"key":"REST"}],"circlet_count":0,"master_deck":["Strike_R","Strike_R","Strike_R","Strike_R","Strike_R","Defend_R","Defend_R","Defend_R","Defend_R","Bash","Rage","Flex","Inflame+1","Clash","Perseverance+1","Heavy Blade","Anger","Metallicize","Infernal Blade","Dropkick","Immolate","Seeing Red","Iron Wave","Slimebound:CheckThePlaybook","downfall:Icky"],"relics":["Burning Blood","NeowsBlessing","Pen Nib","Pantograph","Peace Pipe","Pear","Black Star"],"acts_visited":["Exordium","TheCity"],"potions_floor_usage":[8,16,16,16],"damage_taken":[{"damage":0,"enemies":"Jaw Worm","floor":1,"turns":1},{"damage":0,"enemies":"Small Slimes","floor":2,"turns":1},{"damage":0,"enemies":"Lagavulin","floor":6,"turns":1},{"damage":0,"enemies":"2 Louse","floor":8,"turns":2},{"damage":10,"enemies":"Looter","floor":11,"turns":3},{"damage":27,"enemies":"3 Louse","floor":14,"turns":3},{"damage":21,"enemies":"Slime Boss","floor":16,"turns":7},{"damage":24,"enemies":"2 Thieves","floor":18,"turns":4},{"damage":2,"enemies":"Chosen","floor":19,"turns":4},{"damage":65,"enemies":"Snake Plant","floor":22,"turns":6}],"seed_played":"2823880629581703662","potions_obtained":[{"floor":1,"key":"DuplicationPotion"},{"floor":2,"key":"Regen Potion"},{"floor":8,"key":"Fruit Juice"},{"floor":11,"key":"Weak Potion"},{"floor":22,"key":"SteroidPotion"}],"is_trial":false,"path_per_floor":["M","M","$","?","T","E","R","M","T","R","M","?","$","M","R","B",null,"M","M","?","$","M"],"character_chosen":"IRONCLAD","items_purchased":["Inflame","Clash","Infernal Blade"],"campfire_rested":2,"item_purchase_floors":[3,3,13],"current_hp_per_floor":[80,80,80,66,66,72,80,85,95,95,91,91,91,70,95,92,95,77,81,81,81,22,22],"gold":218,"neow_bonus":"THREE_ENEMY_KILL","is_daily":false,"chose_seed":false,"campfire_upgraded":1,"win_rate":0.0,"timestamp":1613231654,"path_taken":["M","M","$","?","?","E","R","M","T","R","M","?","?","M","R","BOSS","M","M","?","$","M"],"items_purchased_type":["Card","Card","Card"],"build_version":"2020-12-22","purchased_purges":0,"victory":false,"max_hp_per_floor":[80,80,80,80,80,80,80,85,95,95,95,95,95,95,95,95,95,95,95,95,95,95,95],"card_choices":[{"not_picked":["Iron Wave","Dual Wield"],"picked":"Rage","floor":1},{"not_picked":["Pummel","Body Slam"],"picked":"Flex","floor":2},{"not_picked":["Flame Barrier","Uppercut"],"picked":"Heavy Blade","floor":6},{"not_picked":["Warcry","Dropkick"],"picked":"Anger","floor":8},{"not_picked":["Flex","Heavy Blade"],"picked":"Metallicize","floor":11},{"not_picked":["Feel No Pain","Dual Wield"],"picked":"Dropkick","floor":14},{"not_picked":["Bludgeon","Corruption"],"picked":"Immolate","floor":16},{"not_picked":["Anger+1","Body Slam"],"picked":"Seeing Red","floor":18},{"not_picked":["Disarm","Clash"],"picked":"Iron Wave","floor":19},{"not_picked":["Headbutt","Burning Pact+1","Metallicize"],"picked":"SKIP","floor":22}],"player_experience":170610,"relics_obtained":[{"floor":5,"key":"Pantograph"},{"floor":6,"key":"Peace Pipe"},{"floor":9,"key":"Pear"}],"event_choices":[{"damage_healed":0,"gold_gain":80,"player_choice":"Gained Gold","damage_taken":0,"max_hp_gain":0,"max_hp_loss":0,"event_name":"Golden Wing","floor":12,"gold_loss":0}],"is_beta":false,"boss_relics":[{"not_picked":["Pandora\u0027s Box","Runic Pyramid"],"picked":"Black Star"}],"items_purged_floors":[],"is_endless":false,"potions_floor_spawned":[1,2,8,11,22],"killed_by":"Snake Plant","ascension_level":0}}