{"host":"diy71vlueofrnn1o","time":1613193270,"event":{"mods":["2.2 Compatiblity","AchievementEnabler","BaseMod","Best Route Mod","Colored Map","Curses Come First","DeckTracker","Minty Spire (QoL Compilation)","Quick Restart","Rare Cards Sparkle","StSLib","SuperFastMode"],"gold_per_floor":[113,132,151,207,78,78,108,139,139,155,172,137,156,181,181,181,181],"floor_reached":16,"language":"POL","playtime":562,"items_purged":["Shame"],"score":157,"play_id":"5ea8dbfd-20f3-4e0c-b88b-23ae7bbec97f","local_time":"20210213061430","is_ascension_mode":true,"campfire_choices":[{"data":"Predator","floor":6,"key":"SMITH"},{"data":"Footwork","floor":15,"key":"SMITH"}],"circlet_count":0,"master_deck":["Strike_G","Strike_G","Strike_G","Strike_G","Strike_G","Defend_G","Defend_G","Defend_G","Defend_G","Defend_G","Survivor","Neutralize","Master of Strategy","Predator+1","Dagger Throw","All Out Attack","Poisoned Stab","Footwork+1","Flying Knee","Leg Sweep"],"relics":["Ring of the Snake","Potion Belt","Blood Vial"],"acts_visited":["Exordium"],"potions_floor_usage":[7,10,14],"damage_taken":[{"damage":1,"enemies":"Cultist","floor":1,"turns":6},{"damage":4,"enemies":"Small Slimes","floor":2,"turns":3},{"damage":0,"enemies":"2 Louse","floor":3,"turns":2},{"damage":2,"enemies":"3 Sentries","floor":7,"turns":2},{"damage":22,"enemies":"3 Sentries","floor":8,"turns":6},{"damage":5,"enemies":"2 Fungi Beasts","floor":10,"turns":2},{"damage":9,"enemies":"Exordium Wildlife","floor":11,"turns":3},{"damage":1,"enemies":"3 Louse","floor":13,"turns":3},{"damage":6,"enemies":"Lagavulin","floor":14,"turns":7},{"damage":44,"enemies":"Slime Boss","floor":16,"turns":8}],"seed_played":"-7177830932347194222","potions_obtained":[{"floor":3,"key":"SmokeBomb"},{"floor":8,"key":"Energy Potion"},{"floor":13,"key":"EssenceOfSteel"}],"is_trial":false,"path_per_floor":["M","M","M","?","$","R","?","E","T","M","M","?","M","E","R","B"],"character_chosen":"THE_SILENT","items_purchased":["Poisoned Stab"],"campfire_rested":0,"item_purchase_floors":[5],"current_hp_per_floor":[62,58,58,58,58,58,56,34,34,29,20,37,36,30,30,0,0],"gold":181,"neow_bonus":"RANDOM_COLORLESS_2","is_daily":false,"chose_seed":false,"campfire_upgraded":2,"win_rate":0.0,"timestamp":1613193270,"path_taken":["M","M","?","?","$","R","?","E","T","M","M","?","M","E","R","BOSS"],"items_purchased_type":["Card"],"build_version":"2020-12-22","purchased_purges":1,"victory":false,"max_hp_per_floor":[70,70,70,70,70,70,70,70,70,70,70,70,70,70,70,70,70],"card_choices":[{"not_picked":["Secret Technique","Metamorphosis"],"picked":"Master of Strategy","floor":0},{"not_picked":["Deadly Poison","Reflex"],"picked":"Predator","floor":1},{"not_picked":["Cloak And Dagger","Deadly Poison"],"picked":"Dagger Throw","floor":2},{"not_picked":["Acrobatics","Backflip"],"picked":"All Out Attack","floor":3},{"not_picked":["Leg Sweep","Well Laid Plans"],"picked":"Footwork","floor":8},{"not_picked":["Sucker Punch","Escape Plan"],"picked":"Flying Knee","floor":10},{"not_picked":["Blade Dance","Deflect"],"picked":"Leg Sweep","floor":11},{"not_picked":["Poisoned Stab","PiercingWail","Acrobatics"],"picked":"SKIP","floor":13},{"not_picked":["Backflip","Night Terror","Skewer"],"picked":"SKIP","floor":14}],"player_experience":408140,"relics_obtained":[{"floor":8,"key":"Potion Belt"},{"floor":14,"key":"Blood Vial"}],"event_choices":[{"damage_healed":0,"gold_gain":56,"player_choice":"Gained Gold","damage_taken":0,"max_hp_gain":0,"max_hp_loss":0,"event_name":"Golden Wing","floor":4,"gold_loss":0},{"damage_healed":0,"gold_gain":30,"player_choice":"Searched \u00273\u0027 times","damage_taken":0,"max_hp_gain":0,"max_hp_loss":0,"event_name":"Dead Adventurer","floor":7,"gold_loss":0},{"damage_healed":17,"gold_gain":0,"player_choice":"Healed","damage_taken":0,"max_hp_gain":0,"max_hp_loss":0,"event_name":"The Cleric","floor":12,"gold_loss":35}],"is_beta":false,"boss_relics":[],"items_purged_floors":[5],"is_endless":false,"potions_floor_spawned":[3,8,13],"killed_by":"Slime Boss","ascension_level":8}}