{"host":"d61fcf2p3sjwe6yo","time":1613212346,"event":{"mods":["BaseMod","Colored Map","Gremlin Mod","Hermit","Minty Spire (QoL Compilation)","StSLib","SuperFastMode","The Hierophant"],"gold_per_floor":[118,193,206,156,81,81,95,95,146,192,224,260,272,321,333,440,452,491,503,114,114,140,176,176,211,262,262,16,50,50,66,66,171,171,200,1199,1229,11,40,116,133,208,235,235,256,256,320,343,343,350,350,350,5,40,47],"floor_reached":56,"language":"ENG","playtime":2919,"items_purged":["hermit:Strike_Hermit","Normality","Normality","Normality"],"score":1451,"play_id":"9097d071-5779-40bd-88b1-6d6d90fc5394","local_time":"20210213133226","is_ascension_mode":true,"campfire_choices":[{"data":"hermit:Dive","floor":6,"key":"SMITH"},{"data":"hermit:WideOpen","floor":8,"key":"SMITH"},{"data":"hermit:CursedWeapon","floor":13,"key":"SMITH"},{"data":"hermit:Scavenge","floor":15,"key":"SMITH"},{"data":"hermit:Dive","floor":32,"key":"SMITH"},{"data":"Normality","floor":44,"key":"PURGE"},{"data":"Writhe","floor":46,"key":"PURGE"},{"floor":49,"key":"RECALL"},{"data":"Shame","floor":52,"key":"PURGE"}],"circlet_count":0,"master_deck":["hermit:Defend_Hermit","hermit:Defend_Hermit","hermit:Defend_Hermit","hermit:Defend_Hermit","hermit:Snapshot","hermit:Covet","hermit:Dive+1","hermit:Quickdraw","hermit:WideOpen+1","hermit:CursedWeapon+1","hermit:Scavenge+1","hermit:Roughhouse","hermit:FullyLoaded+1","hermit:DeadMansHand","hermit:Dissolve","hermit:Dive+1","hermit:Desperado+1","hermit:NoHoldsBarred+1","hermit:DeadOrAlive+1","hermit:GhostlyPresence+1","hermit:HoleUp","hermit:Determination","hermit:Reprieve+1","hermit:Gestalt+1","hermit:CalledShot+1","Parasite","hermit:Dive+1","Clumsy","hermit:Gestalt+1","hermit:Dive+1"],"relics":["Cursed Key","MawBank","StrikeDummy","Ornamental Fan","SlaversCollar","Bag of Preparation","Oddly Smooth Stone","Anchor","Juzu Bracelet","The Courier","Centennial Puzzle","Membership Card","Bag of Marbles","Molten Egg 2","Peace Pipe","SacredBark","Happy Flower","Orichalcum","Bronze Scales","Medical Kit","PreservedInsect","Toxic Egg 2","hermit:Spyglass","Eternal Feather","Letter Opener","hermit:Horseshoe","Strawberry","hermit:RyeStalk","Lantern","Toy Ornithopter","Mercury Hourglass","Vajra","Frozen Egg 2","Akabeko","Nunchaku","DollysMirror","White Beast Statue","Shuriken","Pen Nib"],"acts_visited":["Exordium","TheCity","TheBeyond","TheEnding"],"potions_floor_usage":[16,33,40,42,42,55,55,55],"damage_taken":[{"damage":0,"enemies":"2 Louse","floor":1,"turns":3},{"damage":0,"enemies":"Jaw Worm","floor":3,"turns":3},{"damage":0,"enemies":"Cultist","floor":7,"turns":4},{"damage":26,"enemies":"Gremlin Nob","floor":10,"turns":5},{"damage":2,"enemies":"3 Louse","floor":11,"turns":3},{"damage":2,"enemies":"Looter","floor":12,"turns":3},{"damage":9,"enemies":"3 Sentries","floor":14,"turns":12},{"damage":41,"enemies":"The Guardian","floor":16,"turns":12},{"damage":2,"enemies":"2 Thieves","floor":18,"turns":3},{"damage":2,"enemies":"Shell Parasite","floor":22,"turns":3},{"damage":25,"enemies":"Gremlin Leader","floor":23,"turns":9},{"damage":3,"enemies":"Book of Stabbing","floor":25,"turns":6},{"damage":3,"enemies":"Slavers","floor":29,"turns":6},{"damage":2,"enemies":"Snake Plant","floor":31,"turns":1},{"damage":68,"enemies":"Champ","floor":33,"turns":11},{"damage":2,"enemies":"3 Darklings","floor":35,"turns":2},{"damage":2,"enemies":"Orb Walker","floor":37,"turns":1},{"damage":2,"enemies":"Writhing Mass","floor":39,"turns":2},{"damage":3,"enemies":"Giant Head","floor":40,"turns":6},{"damage":22,"enemies":"Transient","floor":41,"turns":5},{"damage":3,"enemies":"Reptomancer","floor":42,"turns":5},{"damage":2,"enemies":"Sphere and 2 Shapes","floor":45,"turns":4},{"damage":1,"enemies":"Nemesis","floor":47,"turns":5},{"damage":4,"enemies":"Awakened One","floor":50,"turns":14},{"damage":4,"enemies":"Shield and Spear","floor":54,"turns":2},{"damage":60,"enemies":"The Heart","floor":55,"turns":11}],"seed_played":"2724006630313799539","potions_obtained":[{"floor":3,"key":"Strength Potion"},{"floor":10,"key":"FairyPotion"},{"floor":11,"key":"FairyPotion"},{"floor":16,"key":"FairyPotion"},{"floor":18,"key":"hermit:Tonic"},{"floor":40,"key":"LiquidBronze"},{"floor":42,"key":"Explosive Potion"},{"floor":47,"key":"Swift Potion"},{"floor":54,"key":"hermit:BlackBile"}],"is_trial":false,"path_per_floor":["M","?","M","?","$","R","M","R","T","E","M","M","R","E","R","B",null,"M","?","$","?","M","E","?","E","T","?","$","E","?","M","R","B",null,"M","?","M","$","M","E","M","E","T","R","M","R","E","T","R","B",null,"R","$","E","B",null],"character_chosen":"HERMIT","items_purchased":["Bag of Preparation","Oddly Smooth Stone","Membership Card","Bag of Marbles","Happy Flower","Orichalcum","hermit:HoleUp","Bronze Scales","Medical Kit","PreservedInsect","Toxic Egg 2","hermit:Spyglass","Eternal Feather","Letter Opener","hermit:Horseshoe","Strawberry","hermit:RyeStalk","Lantern","hermit:Determination","Fire Potion","hermit:Tonic","Dexterity Potion","Toy Ornithopter","Nunchaku","DollysMirror","White Beast Statue","Shuriken","DuplicationPotion"],"campfire_rested":0,"item_purchase_floors":[20,20,28,28,38,38,38,38,38,38,38,38,38,38,38,38,38,38,38,38,38,38,38,53,53,53,53,53],"current_hp_per_floor":[75,64,64,64,64,64,64,64,64,38,36,34,34,25,25,8,75,73,73,73,73,71,46,46,43,43,43,43,40,40,38,38,22,75,73,73,71,78,76,82,60,71,71,82,80,82,81,81,82,82,82,82,82,78,28],"gold":47,"neow_bonus":"BOSS_RELIC","is_daily":false,"chose_seed":false,"campfire_upgraded":5,"win_rate":0.0,"timestamp":1613212346,"path_taken":["M","?","M","?","?","R","M","R","T","E","M","?","R","E","R","BOSS","M","?","$","?","M","E","?","E","T","?","?","E","?","M","R","BOSS","M","?","M","$","M","E","M","E","T","R","M","R","E","?","R","BOSS","R","$","E","BOSS"],"items_purchased_type":["Relic","Relic","Relic","Relic","Relic","Relic","Card","Relic","Relic","Relic","Relic","Relic","Relic","Relic","Relic","Relic","Relic","Relic","Card","Potion","Potion","Potion","Relic","Relic","Relic","Relic","Relic","Potion"],"build_version":"2020-12-22","purchased_purges":4,"victory":true,"max_hp_per_floor":[75,75,75,75,75,75,75,75,75,75,75,75,75,75,75,75,75,75,75,75,75,75,75,75,75,75,75,75,75,75,75,75,75,75,75,75,75,82,82,82,82,82,82,82,82,82,82,82,82,82,82,82,82,82,82],"card_choices":[{"not_picked":["hermit:Coalescence","hermit:Horror"],"picked":"hermit:Dive","floor":1},{"not_picked":["hermit:TrackingShot","hermit:EyeOfTheStorm"],"picked":"hermit:Quickdraw","floor":3},{"not_picked":["hermit:Midnight","hermit:BodyArmor"],"picked":"hermit:WideOpen","floor":7},{"not_picked":["hermit:Feint","hermit:BigShot"],"picked":"hermit:CursedWeapon","floor":10},{"not_picked":["hermit:Vantage","hermit:ItchyTrigger"],"picked":"hermit:Scavenge","floor":11},{"not_picked":["hermit:Desperado","hermit:BigShot","hermit:CursedWeapon"],"picked":"SKIP","floor":12},{"not_picked":["hermit:HighCaliber","hermit:Purgatory","hermit:Manifest"],"picked":"SKIP","floor":14},{"not_picked":["hermit:HighNoon","hermit:Gambit"],"picked":"hermit:Roughhouse","floor":16},{"not_picked":["hermit:Ricochet+1","hermit:LowProfile"],"picked":"hermit:FullyLoaded+1","floor":18},{"not_picked":["hermit:Coalescence","hermit:HighCaliber","hermit:LowProfile"],"picked":"SKIP","floor":22},{"not_picked":["hermit:Coalescence+1","hermit:BlackWind"],"picked":"hermit:Dive","floor":23},{"not_picked":["hermit:TrackingShot","hermit:Manifest","hermit:ItchyTrigger"],"picked":"SKIP","floor":25},{"not_picked":["hermit:CursedWeapon+1","hermit:Misfire+1"],"picked":"hermit:Desperado+1","floor":29},{"not_picked":["hermit:Cheat","hermit:TrackingShot+1"],"picked":"hermit:NoHoldsBarred+1","floor":31},{"not_picked":["hermit:HighNoon","hermit:EternalForm"],"picked":"hermit:DeadOrAlive+1","floor":33},{"not_picked":["hermit:Snipe+1","hermit:Maintenance+1","hermit:Desperado+1"],"picked":"SKIP","floor":35},{"not_picked":["hermit:NoHoldsBarred+1","hermit:HighCaliber+1"],"picked":"hermit:GhostlyPresence+1","floor":37},{"not_picked":["hermit:WideOpen+1","hermit:HighCaliber+1"],"picked":"hermit:Reprieve+1","floor":39},{"not_picked":["hermit:Misfire+1","hermit:ShadowCloak"],"picked":"hermit:Gestalt+1","floor":40},{"not_picked":["hermit:Midnight+1","hermit:Glare+1"],"picked":"hermit:CalledShot+1","floor":41},{"not_picked":["hermit:TrackingShot+1","hermit:Quickdraw+1","hermit:Deadeye+1"],"picked":"SKIP","floor":42},{"not_picked":["hermit:Desperado+1","hermit:Virtue+1"],"picked":"hermit:Dive+1","floor":45},{"not_picked":["hermit:Vantage+1","hermit:Maintenance+1","hermit:ItchyTrigger+1"],"picked":"SKIP","floor":47},{"not_picked":["hermit:Virtue+1","hermit:Showdown+1"],"picked":"hermit:Dive+1","floor":54}],"player_experience":249858,"relics_obtained":[{"floor":9,"key":"MawBank"},{"floor":10,"key":"StrikeDummy"},{"floor":14,"key":"Ornamental Fan"},{"floor":23,"key":"Anchor"},{"floor":25,"key":"The Courier"},{"floor":26,"key":"Centennial Puzzle"},{"floor":29,"key":"Molten Egg 2"},{"floor":40,"key":"Mercury Hourglass"},{"floor":42,"key":"Vajra"},{"floor":47,"key":"Frozen Egg 2"},{"floor":48,"key":"Akabeko"},{"floor":54,"key":"Pen Nib"}],"event_choices":[{"damage_healed":0,"gold_gain":75,"player_choice":"Gather Gold","damage_taken":11,"max_hp_gain":0,"max_hp_loss":0,"event_name":"World of Goop","floor":2,"gold_loss":0},{"cards_removed":["hermit:Strike_Hermit"],"damage_healed":0,"gold_gain":0,"player_choice":"Card Removal","damage_taken":0,"max_hp_gain":0,"max_hp_loss":0,"event_name":"The Cleric","floor":4,"gold_loss":50},{"damage_healed":0,"gold_gain":0,"cards_transformed":["hermit:Strike_Hermit","hermit:Strike_Hermit"],"player_choice":"Became Test Subject","damage_taken":0,"max_hp_gain":0,"max_hp_loss":0,"event_name":"Drug Dealer","floor":19,"gold_loss":0,"cards_obtained":["hermit:DeadMansHand","hermit:Dissolve"]},{"damage_healed":0,"gold_gain":0,"player_choice":"Ignored","damage_taken":0,"max_hp_gain":0,"max_hp_loss":0,"event_name":"Vampires","floor":21,"gold_loss":0},{"damage_healed":0,"gold_gain":0,"player_choice":"Opened","damage_taken":0,"relics_obtained":["Juzu Bracelet"],"max_hp_gain":0,"max_hp_loss":0,"event_name":"The Mausoleum","floor":24,"gold_loss":0,"cards_obtained":["Writhe"]},{"damage_healed":0,"gold_gain":0,"player_choice":"0 cards matched","damage_taken":0,"max_hp_gain":0,"max_hp_loss":0,"event_name":"Match and Keep!","floor":27,"gold_loss":0,"cards_obtained":[]},{"damage_healed":0,"gold_gain":0,"player_choice":"Stole Relic","damage_taken":0,"relics_obtained":["Peace Pipe"],"max_hp_gain":0,"max_hp_loss":0,"event_name":"Addict","floor":30,"gold_loss":0,"cards_obtained":["Shame"]},{"damage_healed":0,"gold_gain":999,"player_choice":"Gold","damage_taken":0,"max_hp_gain":0,"max_hp_loss":0,"event_name":"MindBloom","floor":36,"gold_loss":0,"cards_obtained":["Normality","Normality"]}],"is_beta":false,"boss_relics":[{"not_picked":["Snecko Eye","Astrolabe"],"picked":"SlaversCollar"},{"not_picked":["Velvet Choker","Tiny House"],"picked":"SacredBark"}],"items_purged_floors":[5,20,28,38],"is_endless":false,"potions_floor_spawned":[3,10,11,16,18,23,40,42,47,54],"ascension_level":1}}