{"host":"56mvygynx9suy49g","time":1613251475,"event":{"mods":["BaseMod","Downfall","Hermit","Minty Spire (QoL Compilation)","StSLib"],"gold_per_floor":[112,125,125,125,12,43,43,118,188,217,228,263,275,307,319,435,447,372,372,372,20,20,20,20,20,20,20,20,20,20,20,20],"floor_reached":31,"language":"ENG","playtime":1650,"items_purged":["Strike_P","Strike_P"],"score":376,"play_id":"e6dab13f-39b8-490f-bbe0-a9b61b5678d1","local_time":"20210213152435","is_ascension_mode":true,"campfire_choices":[{"data":"Wallop","floor":7,"key":"SMITH"},{"floor":13,"key":"REST"},{"data":"SpiritShield","floor":15,"key":"SMITH"},{"data":"Ragnarok","floor":23,"key":"SMITH"},{"data":"Halt","floor":27,"key":"SMITH"}],"circlet_count":0,"master_deck":["Strike_P","Defend_P","Defend_P+1","Defend_P","Defend_P","Eruption+1","Vigilance","Crescendo","Wallop+1","Pray","Halt+1","Sanctity","Worship","Halt","SpiritShield+1","Ragnarok+1","WheelKick+1","Swivel+1","SashWhip+1","Prostrate+1","Scrawl+1"],"relics":["PureWater","NeowsBlessing","Bronze Scales","Matryoshka","Pen Nib","MawBank","Ectoplasm","Bag of Marbles","Toxic Egg 2","Shuriken","Old Coin","Kunai","Frozen Egg 2"],"acts_visited":["Exordium","TheCity"],"potions_floor_usage":[12,16,18,18,24],"damage_taken":[{"damage":0,"enemies":"Small Slimes","floor":1,"turns":1},{"damage":0,"enemies":"2 Louse","floor":2,"turns":1},{"damage":0,"enemies":"3 Sentries","floor":6,"turns":2},{"damage":20,"enemies":"Gremlin Nob","floor":10,"turns":4},{"damage":0,"enemies":"Cultist","floor":11,"turns":2},{"damage":8,"enemies":"Lagavulin","floor":12,"turns":6},{"damage":6,"enemies":"Red Slaver","floor":14,"turns":4},{"damage":8,"enemies":"Hexaghost","floor":16,"turns":6},{"damage":0,"enemies":"2 Thieves","floor":18,"turns":4},{"damage":6,"enemies":"3 Byrds","floor":20,"turns":2},{"damage":20,"enemies":"Cultist and Chosen","floor":22,"turns":6},{"damage":18,"enemies":"Slavers","floor":24,"turns":5},{"damage":0,"enemies":"Centurion and Healer","floor":25,"turns":2},{"damage":0,"enemies":"3 Cultists","floor":28,"turns":3},{"damage":0,"enemies":"Snake Plant","floor":29,"turns":2},{"damage":0,"enemies":"Cultist and Chosen","floor":30,"turns":3},{"damage":55,"enemies":"Gremlin Leader","floor":31,"turns":3}],"seed_played":"-5930625183351954387","potions_obtained":[{"floor":10,"key":"FearPotion"},{"floor":11,"key":"Weak Potion"},{"floor":12,"key":"Block Potion"},{"floor":14,"key":"StancePotion"},{"floor":22,"key":"Regen Potion"},{"floor":28,"key":"hexamod:SoulburnPotion"},{"floor":30,"key":"SpeedPotion"}],"is_trial":false,"path_per_floor":["M","M","?","?","$","E","R","?","T","E","M","E","R","M","R","B",null,"M","T","M","$","M","R","E","M","T","R","M","M","M","E"],"character_chosen":"WATCHER","items_purchased":["Pray","Shuriken"],"campfire_rested":1,"item_purchase_floors":[5,21],"current_hp_per_floor":[72,72,72,58,58,58,58,51,51,31,31,23,44,38,38,30,72,72,72,66,66,46,46,42,42,42,42,42,42,42,0,0],"gold":20,"neow_bonus":"THREE_ENEMY_KILL","is_daily":false,"chose_seed":false,"campfire_upgraded":4,"win_rate":0.0,"timestamp":1613251475,"path_taken":["M","M","?","?","$","E","R","?","T","E","?","E","R","M","R","BOSS","M","?","M","$","M","R","E","M","T","R","?","M","M","E"],"items_purchased_type":["Card","Relic"],"build_version":"2020-12-22","purchased_purges":2,"victory":false,"max_hp_per_floor":[72,72,72,72,72,72,72,72,72,72,72,72,72,72,72,72,72,72,72,72,72,72,72,72,72,72,72,72,72,72,72,72],"card_choices":[{"not_picked":["CrushJoints","Swivel"],"picked":"Crescendo","floor":1},{"not_picked":["BowlingBash","CrushJoints"],"picked":"Wallop","floor":2},{"not_picked":["ThirdEye","DeceiveReality"],"picked":"Halt","floor":6},{"not_picked":["ForeignInfluence","PathToVictory"],"picked":"Sanctity","floor":10},{"not_picked":["ConjureBlade","BowlingBash"],"picked":"Worship","floor":11},{"not_picked":["MentalFortress","Protect"],"picked":"Halt","floor":12},{"not_picked":["TalkToTheHand","Vengeance"],"picked":"SpiritShield","floor":14},{"not_picked":["Omniscience","Vault"],"picked":"Ragnarok","floor":16},{"not_picked":["Nirvana","Indignation+1"],"picked":"WheelKick+1","floor":18},{"not_picked":["SashWhip+1","CutThroughFate"],"picked":"Swivel+1","floor":20},{"not_picked":["Evaluate+1","PathToVictory+1"],"picked":"SashWhip+1","floor":22},{"not_picked":["TalkToTheHand","Consecrate","PathToVictory+1"],"picked":"SKIP","floor":24},{"not_picked":["JustLucky","LessonLearned"],"picked":"Prostrate+1","floor":25},{"not_picked":["Crescendo+1","PathToVictory+1","Fasting2+1"],"picked":"SKIP","floor":28},{"not_picked":["Crescendo+1","CutThroughFate"],"picked":"Scrawl+1","floor":29},{"not_picked":["Protect+1","Evaluate+1","Sanctity+1"],"picked":"SKIP","floor":30}],"player_experience":392276,"relics_obtained":[{"floor":6,"key":"Bronze Scales"},{"floor":9,"key":"Matryoshka"},{"floor":10,"key":"Pen Nib"},{"floor":12,"key":"MawBank"},{"floor":19,"key":"Bag of Marbles"},{"floor":19,"key":"Toxic Egg 2"},{"floor":24,"key":"Old Coin"},{"floor":26,"key":"Kunai"},{"floor":26,"key":"Frozen Egg 2"}],"event_choices":[{"cards_removed":["Strike_P"],"damage_healed":0,"gold_gain":0,"player_choice":"Forget","damage_taken":0,"max_hp_gain":0,"max_hp_loss":0,"event_name":"Living Wall","floor":3,"gold_loss":0},{"damage_healed":0,"gold_gain":0,"player_choice":"Entered Light","damage_taken":14,"max_hp_gain":0,"max_hp_loss":0,"event_name":"Shining Light","floor":4,"gold_loss":0,"cards_upgraded":["Defend_P","Eruption"]},{"damage_healed":0,"gold_gain":75,"player_choice":"Touch","damage_taken":7,"max_hp_gain":0,"max_hp_loss":0,"event_name":"FaceTrader","floor":8,"gold_loss":0}],"is_beta":false,"boss_relics":[{"not_picked":["VioletLotus","Calling Bell"],"picked":"Ectoplasm"}],"items_purged_floors":[5,21],"is_endless":false,"potions_floor_spawned":[10,11,12,14,22,28,30],"killed_by":"Gremlin Leader","ascension_level":3}}