{"host":"qxeepl7ydvsgmfdb","time":1613230466,"event":{"mods":["AchievementEnabler","BaseMod","Colored Powertips","Minty Spire (QoL Compilation)","Quick Restart","slay the spire mod where everything is the same but ironclad has a cowboy hat"],"gold_per_floor":[118,118,65,92,106,136,136,147,147,62,94,169,444,463,463,463,463],"floor_reached":16,"language":"ENG","playtime":334,"items_purged":[],"score":239,"play_id":"2f6afb26-cb7c-46b7-a420-51a0efa395e0","local_time":"20210213103426","is_ascension_mode":true,"campfire_choices":[{"data":"Venomology","floor":7.0,"key":"SMITH"},{"floor":15.0,"key":"REST"}],"circlet_count":0,"master_deck":["AscendersBane","Strike_G","Strike_G","Strike_G","Strike_G","Strike_G","Defend_G","Defend_G","Defend_G","Defend_G","Defend_G","Survivor","Neutralize","Deadly Poison","Deadly Poison","Venomology+1","All Out Attack","Regret"],"relics":["Ring of the Snake","NeowsBlessing","Nunchaku","Blue Candle","Centennial Puzzle","Ancient Tea Set"],"acts_visited":["Exordium"],"potions_floor_usage":[16,16],"damage_taken":[{"damage":0.0,"enemies":"Cultist","floor":1.0,"turns":1.0},{"damage":0.0,"enemies":"Jaw Worm","floor":5.0,"turns":1.0},{"damage":0.0,"enemies":"Gremlin Nob","floor":6.0,"turns":1.0},{"damage":8.0,"enemies":"Small Slimes","floor":8.0,"turns":4.0},{"damage":15.0,"enemies":"3 Sentries","floor":11.0,"turns":6.0},{"damage":0.0,"enemies":"3 Louse","floor":14.0,"turns":3.0},{"damage":59,"enemies":"Slime Boss","floor":16,"turns":6}],"seed_played":"-6492246908108224357","potions_obtained":[{"floor":6.0,"key":"DistilledChaos"}],"is_trial":false,"path_per_floor":["M","?","$","T","M","E","R","M","T","$","E","?","?","M","R","B"],"character_chosen":"THE_SILENT","items_purchased":["Deadly Poison","All Out Attack"],"campfire_rested":1,"item_purchase_floors":[3,10],"current_hp_per_floor":[59,66,66,66,66,66,66,58,58,58,43,32,32,32,51,0,0],"gold":463,"neow_bonus":"THREE_ENEMY_KILL","is_daily":false,"chose_seed":false,"campfire_upgraded":1,"win_rate":0.0,"timestamp":1613230466,"path_taken":["M","?","$","?","M","E","R","M","T","?","E","?","?","M","R","BOSS"],"items_purchased_type":["Card","Card"],"build_version":"2020-12-22","purchased_purges":0,"victory":false,"max_hp_per_floor":[66,66,66,66,66,66,66,66,66,66,66,66,66,66,66,66,66],"card_choices":[{"not_picked":["Underhanded Strike","Calculated Gamble","Choke"],"picked":"SKIP","floor":1.0},{"not_picked":["Dash","Blade Dance"],"picked":"Deadly Poison","floor":5.0},{"not_picked":["Concentrate","Prepared"],"picked":"Venomology","floor":6.0},{"not_picked":["Skewer","Cloak And Dagger","Masterful Stab"],"picked":"SKIP","floor":8.0},{"not_picked":["Quick Slash","Venomology","Underhanded Strike"],"picked":"SKIP","floor":11.0},{"not_picked":["Sucker Punch","Blur","Outmaneuver"],"picked":"SKIP","floor":14.0}],"player_experience":139120,"relics_obtained":[{"floor":4.0,"key":"Nunchaku"},{"floor":6.0,"key":"Blue Candle"},{"floor":9.0,"key":"Centennial Puzzle"},{"floor":11.0,"key":"Ancient Tea Set"}],"event_choices":[{"damage_healed":7.0,"max_hp_gain":0.0,"max_hp_loss":0.0,"gold_gain":0.0,"event_name":"Wheel of Change","player_choice":"Full Heal","floor":2.0,"gold_loss":0.0,"damage_taken":0.0},{"damage_healed":0.0,"max_hp_gain":0.0,"max_hp_loss":0.0,"gold_gain":75.0,"event_name":"World of Goop","player_choice":"Gather Gold","floor":12.0,"gold_loss":0.0,"damage_taken":11.0},{"damage_healed":0.0,"max_hp_gain":0.0,"max_hp_loss":0.0,"gold_gain":275.0,"event_name":"Golden Shrine","player_choice":"Desecrate","floor":13.0,"gold_loss":0.0,"damage_taken":0.0,"cards_obtained":["Regret"]}],"is_beta":false,"boss_relics":[],"items_purged_floors":[],"is_endless":false,"potions_floor_spawned":[6,11,14],"killed_by":"Slime Boss","ascension_level":16}}