{"host":"yecadp3kwkksam5a","time":1613235471,"event":{"mods":["BaseMod","Koishi","Minty Spire (QoL Compilation)","StSLib","SuperFastMode","The Bug Knight","The Cursed"],"gold_per_floor":[109,128,140,157,169,169,194,194,194,194,212,244,90,150,150,247,247,258,268,37,50,61,87,186,111,111,124,158,73,73,84,84,179,179,189,189,189,202,202,232,75,75,75,100,115,115,129,179,179,179,179,179,79,111,111],"floor_reached":56,"language":"KOR","playtime":2767,"items_purged":["Koishi:BasicStrike","Koishi:BasicDefend"],"score":1282,"play_id":"1846008f-209e-411f-8afa-83cec2291e96","local_time":"20210214015751","is_ascension_mode":false,"campfire_choices":[{"data":"Koishi:StingingMind","floor":6.0,"key":"SMITH"},{"data":"Koishi:HauntingSlash","floor":8.0,"key":"SMITH"},{"floor":10.0,"key":"REST"},{"data":"Koishi:TraumaticStroke","floor":15.0,"key":"SMITH"},{"floor":32,"key":"RECALL"},{"data":"Koishi:FidgetySnatcher","floor":46,"key":"SMITH"},{"data":"Koishi:MindStellarRelief","floor":49,"key":"SMITH"},{"data":"Koishi:TraumaticStroke","floor":52,"key":"SMITH"}],"circlet_count":0,"master_deck":["Koishi:BasicStrike+1","Koishi:BasicStrike","Koishi:BasicDefend","Koishi:BasicDefend","Koishi:Provoke","Koishi:HauntingSlash+1","Koishi:PredatoryInstincts","Koishi:StingingMind+1","Koishi:PhantomStrike","Koishi:FidgetySnatcher+1","Koishi:StingingMind+1","Koishi:TraumaticStroke+1","Koishi:TremblingHands","Koishi:MindStellarRelief+1","Koishi:FleetingPhantom","Koishi:Catatonia","Koishi:FleetingPhantom+1","Koishi:HeartStoppingHorror","Koishi:StingingMind+1","Koishi:TraumaticStroke+1","Koishi:FleetingPhantom+1","Koishi:UnseenTerror+1","Koishi:TerrifyingSpectre","Koishi:PerfectMindControl"],"relics":["Koishi:ImaginaryFriend","Whetstone","Lantern","Akabeko","Snecko Eye","Orrery","Regal Pillow","Mango","Nunchaku","FaceOfCleric","Koishi:ColorfulDays","Ancient Tea Set","OrangePellets","Juzu Bracelet","Bag of Marbles","CaptainsWheel","Anchor"],"acts_visited":["Exordium","TheCity","TheBeyond","TheEnding"],"potions_floor_usage":[28],"damage_taken":[{"damage":0.0,"enemies":"Small Slimes","floor":1.0,"turns":4.0},{"damage":8.0,"enemies":"2 Louse","floor":2.0,"turns":4.0},{"damage":11.0,"enemies":"Jaw Worm","floor":3.0,"turns":3.0},{"damage":2.0,"enemies":"Large Slime","floor":4.0,"turns":5.0},{"damage":33.0,"enemies":"Exordium Thugs","floor":5.0,"turns":8.0},{"damage":27.0,"enemies":"Gremlin Nob","floor":7.0,"turns":4.0},{"damage":5.0,"enemies":"Looter","floor":11.0,"turns":2.0},{"damage":39.0,"enemies":"3 Sentries","floor":12.0,"turns":7.0},{"damage":13.0,"enemies":"Gremlin Nob","floor":14.0,"turns":4.0},{"damage":27.0,"enemies":"Hexaghost","floor":16.0,"turns":11.0},{"damage":12.0,"enemies":"Shell Parasite","floor":18.0,"turns":3.0},{"damage":0.0,"enemies":"Spheric Guardian","floor":19.0,"turns":2.0},{"damage":18.0,"enemies":"3 Cultists","floor":21.0,"turns":4.0},{"damage":13.0,"enemies":"Sentry and Sphere","floor":22.0,"turns":4.0},{"damage":2.0,"enemies":"Book of Stabbing","floor":23.0,"turns":4.0},{"damage":17,"enemies":"Shelled Parasite and Fungi","floor":27,"turns":4},{"damage":0,"enemies":"Gremlin Leader","floor":28,"turns":4},{"damage":0,"enemies":"Centurion and Healer","floor":31,"turns":3},{"damage":27,"enemies":"Collector","floor":33,"turns":6},{"damage":0,"enemies":"Orb Walker","floor":35,"turns":2},{"damage":21,"enemies":"3 Darklings","floor":38,"turns":3},{"damage":40,"enemies":"Giant Head","floor":40,"turns":8},{"damage":15,"enemies":"Reptomancer","floor":44,"turns":5},{"damage":15,"enemies":"Maw","floor":45,"turns":5},{"damage":30,"enemies":"Transient","floor":47,"turns":5},{"damage":19,"enemies":"Mind Bloom Boss Battle","floor":48,"turns":4},{"damage":73,"enemies":"Time Eater","floor":50,"turns":10},{"damage":46,"enemies":"Shield and Spear","floor":54,"turns":5},{"damage":31,"enemies":"The Heart","floor":55,"turns":11}],"seed_played":"-2350074849882150915","potions_obtained":[{"floor":1.0,"key":"DistilledChaos"},{"floor":2.0,"key":"FairyPotion"},{"floor":3.0,"key":"Energy Potion"},{"floor":18.0,"key":"BlessingOfTheForge"},{"floor":22.0,"key":"Ancient Potion"},{"floor":28,"key":"Block Potion"},{"floor":54,"key":"DuplicationPotion"}],"is_trial":false,"path_per_floor":["M","M","M","M","M","R","E","R","T","R","M","E","$","?","R","B",null,"M","M","$","M","M","E","?","?","T","M","E","?","?","M","R","B",null,"M","?","?","M","?","E","$","?","T","E","M","R","M","?","R","B",null,"R","$","E","B",null],"character_chosen":"KOISHI","items_purchased":["Koishi:TremblingHands","Koishi:Catatonia","Orrery","OrangePellets"],"campfire_rested":1,"item_purchase_floors":[13,20,20,41],"current_hp_per_floor":[66,66,65,66,52,52,34,34,34,53,58,29,29,22,22,31,66,58,62,62,66,55,66,66,66,66,59,80,80,80,81,81,82,82,83,83,83,84,84,79,79,79,79,82,83,83,78,76,76,23,86,86,86,75,81],"gold":111,"neow_bonus":"TEN_PERCENT_HP_BONUS","is_daily":false,"chose_seed":false,"campfire_upgraded":6,"win_rate":0.0,"timestamp":1613235471,"path_taken":["M","M","M","M","M","R","E","R","T","R","M","E","$","?","R","BOSS","M","M","$","M","M","E","?","?","T","M","E","?","?","M","R","BOSS","M","?","?","?","?","E","?","?","T","E","M","R","M","?","R","BOSS","R","$","E","BOSS"],"items_purchased_type":["Card","Card","Relic","Relic"],"build_version":"2020-12-22","purchased_purges":2,"victory":true,"max_hp_per_floor":[66,66,66,66,66,66,66,66,66,66,66,66,66,66,66,66,66,66,66,66,66,66,66,66,66,66,66,80,80,80,81,81,82,82,83,83,83,84,84,85,85,81,81,82,83,83,84,85,85,86,86,86,86,87,88],"card_choices":[{"not_picked":["Koishi:UnconsciousUprising","Koishi:PhilosophyOfTheDespised"],"picked":"Koishi:PredatoryInstincts","floor":1.0},{"not_picked":["Koishi:Vanish","Koishi:SprinkleStarAndHeart"],"picked":"Koishi:StingingMind","floor":2.0},{"not_picked":["Koishi:Vanish","Koishi:UnansweredLove"],"picked":"Koishi:PhantomStrike","floor":3.0},{"not_picked":["Koishi:FreudianInstinct","Koishi:PhantomStrike"],"picked":"Koishi:FidgetySnatcher","floor":4.0},{"not_picked":["Koishi:BramblyRoseGarden","Koishi:HeartAttack"],"picked":"Koishi:StingingMind","floor":5.0},{"not_picked":["Koishi:BloodcurdlingScream","Koishi:Prune"],"picked":"Koishi:ConditionedTeleport","floor":7.0},{"not_picked":["Koishi:HeartfeltFancy","Koishi:UnconsciousUprising","Koishi:PhantomStrike"],"picked":"SKIP","floor":11.0},{"not_picked":["Koishi:ReleaseOfTheId","Koishi:BloodcurdlingScream"],"picked":"Koishi:TraumaticStroke","floor":12.0},{"not_picked":["Koishi:MentalBreakdown","Koishi:Heartbroken"],"picked":"Koishi:MindStellarRelief","floor":16.0},{"not_picked":["Koishi:PhantomStrike","Koishi:IdleWhim","Koishi:ReflexRadar+1"],"picked":"SKIP","floor":18.0},{"not_picked":["Koishi:JumpScare","Koishi:Possession"],"picked":"Koishi:FleetingPhantom","floor":19.0},{"not_picked":["Koishi:Jaunt+1","Koishi:ParalyzingFear"],"picked":"Koishi:FleetingPhantom+1","floor":20.0},{"not_picked":["Koishi:Catatonia","Koishi:DNAsFlaw"],"picked":"Koishi:HeartStoppingHorror","floor":20.0},{"not_picked":["Koishi:StingingMind","Koishi:LastRemote","Koishi:DreadfulBlow+1"],"picked":"SKIP","floor":21.0},{"not_picked":["Koishi:StingingMind","Koishi:ReflexRadar","Koishi:TremblingHands+1"],"picked":"SKIP","floor":22.0},{"not_picked":["Koishi:SilentAndRestless","Koishi:ReleaseOfTheId","Koishi:EmbryosDream"],"picked":"SKIP","floor":23.0},{"not_picked":["Koishi:ParalyzingFear+1","Koishi:Jaunt"],"picked":"Koishi:StingingMind+1","floor":27},{"not_picked":["Koishi:BramblyRoseGarden","Koishi:EmbersOfLove"],"picked":"Koishi:TraumaticStroke","floor":28},{"not_picked":["Koishi:DNAsFlaw","Koishi:MassHysteria","Koishi:GhostParty"],"picked":"SKIP","floor":31},{"not_picked":["Koishi:ReflexRadar","Koishi:UnansweredLove+1"],"picked":"Koishi:FleetingPhantom+1","floor":35},{"not_picked":["Koishi:PhantomStrike+1","Koishi:ReleaseOfTheId","Koishi:CatchAndRose+1"],"picked":"SKIP","floor":38},{"not_picked":["Koishi:FourthEye","Koishi:SprinkleStarAndHeart","Koishi:UnansweredLove"],"picked":"SKIP","floor":40},{"not_picked":["Koishi:LastRemote","Koishi:ApparitionsStalkTheNight+1"],"picked":"Koishi:UnseenTerror+1","floor":44},{"not_picked":["Koishi:UnconsciousUrges+1","Koishi:DNAsFlaw","Koishi:EmbryosDream"],"picked":"SKIP","floor":45},{"not_picked":["Koishi:TremblingHands","Koishi:UnconsciousUprising"],"picked":"Koishi:TerrifyingSpectre","floor":47},{"not_picked":["Koishi:PhantomStrike","Koishi:SubconsciousSweep+1"],"picked":"Koishi:PerfectMindControl","floor":54}],"player_experience":630983,"relics_obtained":[{"floor":7.0,"key":"Whetstone"},{"floor":9.0,"key":"Lantern"},{"floor":12.0,"key":"Akabeko"},{"floor":23.0,"key":"Regal Pillow"},{"floor":28,"key":"Mango"},{"floor":40,"key":"Ancient Tea Set"},{"floor":43,"key":"Juzu Bracelet"},{"floor":44,"key":"Bag of Marbles"},{"floor":48,"key":"CaptainsWheel"},{"floor":54,"key":"Anchor"}],"event_choices":[{"damage_healed":0.0,"max_hp_gain":0.0,"max_hp_loss":0.0,"gold_gain":0.0,"event_name":"Dead Adventurer","player_choice":"Searched \u00271\u0027 times","floor":14.0,"gold_loss":0.0,"damage_taken":0.0},{"damage_healed":0.0,"max_hp_gain":0.0,"max_hp_loss":0.0,"gold_gain":99.0,"event_name":"Nest","player_choice":"Stole From Cult","floor":24.0,"gold_loss":0.0,"damage_taken":0.0},{"cards_removed":["Koishi:BasicStrike"],"damage_healed":0.0,"max_hp_gain":0.0,"max_hp_loss":0.0,"gold_gain":0.0,"event_name":"Beggar","player_choice":"Gave Gold","floor":25.0,"gold_loss":75.0,"damage_taken":0.0},{"damage_healed":0,"gold_gain":0,"player_choice":"Obtained Relic","damage_taken":0,"relics_obtained":["Nunchaku"],"max_hp_gain":0,"max_hp_loss":0,"event_name":"Addict","floor":29,"gold_loss":85},{"damage_healed":0,"gold_gain":0,"player_choice":"Trade","damage_taken":0,"relics_obtained":["FaceOfCleric"],"max_hp_gain":0,"max_hp_loss":0,"event_name":"FaceTrader","floor":30,"gold_loss":0},{"damage_healed":0,"gold_gain":0,"player_choice":"Ignored","damage_taken":0,"max_hp_gain":0,"max_hp_loss":0,"event_name":"Tomb of Lord Red Mask","floor":36,"gold_loss":0},{"cards_removed":["Koishi:BasicDefend"],"damage_healed":0,"gold_gain":0,"player_choice":"Purged","damage_taken":0,"max_hp_gain":0,"max_hp_loss":0,"event_name":"Purifier","floor":37,"gold_loss":0},{"damage_healed":0,"gold_gain":0,"player_choice":"Ignored","damage_taken":0,"max_hp_gain":0,"max_hp_loss":0,"event_name":"NoteForYourself","floor":39,"gold_loss":0},{"damage_healed":0,"gold_gain":0,"player_choice":"Max HP","damage_taken":0,"max_hp_gain":0,"max_hp_loss":4,"event_name":"Winding Halls","floor":42,"gold_loss":0},{"damage_healed":0,"gold_gain":0,"player_choice":"Fight","damage_taken":0,"max_hp_gain":0,"max_hp_loss":0,"event_name":"MindBloom","floor":48,"gold_loss":0}],"is_beta":false,"boss_relics":[{"not_picked":["Velvet Choker","Black Star"],"picked":"Snecko Eye"},{"not_picked":["Pandora\u0027s Box","Tiny House"],"picked":"Koishi:ColorfulDays"}],"items_purged_floors":[13,53],"is_endless":false,"potions_floor_spawned":[1,2,3,11,18,22,23,28,33,38,45,48,54],"ascension_level":0}}