{"host":"3zmssa4s99zhxek5","time":1613205311,"event":{"mods":["AchievementEnabler","BaseMod","Minty Spire (QoL Compilation)","Permanent Neow","Relic Stats"],"gold_per_floor":[112,187,187,207,16,16,45,45,45,77,107,119,119,119,119,193,193,210,135,35,35,46,46,73,73,125,125,125,125,125,3,3,80,80,93,108,134,20,45,45,45,45,45,45,79,79,128,140,140,140,140,140],"floor_reached":51,"language":"KOR","playtime":4861,"items_purged":["Defend_R"],"score":1432,"play_id":"f6a1ebfe-c637-480a-ac9b-94c17a221d8e","local_time":"20210213173511","is_ascension_mode":true,"campfire_choices":[{"data":"Bash","floor":6.0,"key":"SMITH"},{"data":"Demon Form","floor":8.0,"key":"SMITH"},{"data":"Defend_R","floor":13.0,"key":"PURGE"},{"data":"Strike_R","floor":15.0,"key":"PURGE"},{"data":"Strike_R","floor":23.0,"key":"PURGE"},{"data":"Strike_R","floor":27.0,"key":"PURGE"},{"data":"Heavy Blade","floor":29.0,"key":"SMITH"},{"data":"Disarm","floor":30.0,"key":"SMITH"},{"data":"Dual Wield","floor":32.0,"key":"SMITH"},{"data":"Cleave","floor":40.0,"key":"PURGE"},{"data":"Metallicize","floor":44.0,"key":"SMITH"},{"data":"Shrug It Off","floor":46.0,"key":"SMITH"},{"data":"Sword Boomerang","floor":49.0,"key":"SMITH"}],"circlet_count":0,"master_deck":["AscendersBane","Defend_R","Sword Boomerang+1","Ghostly Armor","Shrug It Off+1","Demon Form+1","Disarm+1","Reaper","Dark Shackles","Heavy Blade+1","Dual Wield+1","Ghostly Armor","Feed","Metallicize+1"],"relics":["Burning Blood","NeowsBlessing","Bag of Marbles","Pantograph","Sundial","Peace Pipe","Tiny Chest","Busted Crown","Anchor","WingedGreaves","Strawberry","SlaversCollar","Regal Pillow","Calipers","Du-Vu Doll","MealTicket","Boot"],"acts_visited":["Exordium","TheCity","TheBeyond"],"potions_floor_usage":[51],"damage_taken":[{"damage":0.0,"enemies":"Jaw Worm","floor":1.0,"turns":1.0},{"damage":0.0,"enemies":"2 Louse","floor":4.0,"turns":1.0},{"damage":0.0,"enemies":"3 Sentries","floor":7.0,"turns":2.0},{"damage":8.0,"enemies":"Gremlin Nob","floor":10.0,"turns":3.0},{"damage":9.0,"enemies":"Small Slimes","floor":12.0,"turns":5.0},{"damage":32.0,"enemies":"Hexaghost","floor":16.0,"turns":9.0},{"damage":58.0,"enemies":"3 Byrds","floor":18.0,"turns":8.0},{"damage":27.0,"enemies":"2 Thieves","floor":22.0,"turns":4.0},{"damage":38.0,"enemies":"Gremlin Leader","floor":24.0,"turns":7.0},{"damage":73.0,"enemies":"Automaton","floor":33.0,"turns":8.0},{"damage":2.0,"enemies":"3 Shapes","floor":35.0,"turns":8.0},{"damage":74.0,"enemies":"3 Darklings","floor":36.0,"turns":9.0},{"damage":26.0,"enemies":"Mind Bloom Boss Battle","floor":39.0,"turns":7.0},{"damage":110.0,"enemies":"Nemesis","floor":45.0,"turns":11.0},{"damage":85.0,"enemies":"Jaw Worm Horde","floor":48.0,"turns":7.0},{"damage":114.0,"enemies":"Donu and Deca","floor":50.0,"turns":8.0},{"damage":78,"enemies":"Time Eater","floor":51,"turns":7}],"seed_played":"4955310004941323688","potions_obtained":[{"floor":10.0,"key":"ColorlessPotion"},{"floor":12.0,"key":"SmokeBomb"},{"floor":16.0,"key":"SpeedPotion"},{"floor":18.0,"key":"BlessingOfTheForge"},{"floor":24.0,"key":"FearPotion"},{"floor":35.0,"key":"Strength Potion"},{"floor":36.0,"key":"ElixirPotion"},{"floor":45.0,"key":"SteroidPotion"}],"is_trial":false,"path_per_floor":["M","?","?","M","$","R","E","R","T","E","?","M","R","?","R","B",null,"M","?","$","?","M","R","E","T","T","R","?","R","R","$","R","B",null,"M","M","T","$","?","R","?","$","T","R","E","R","T","M","R","B","B"],"character_chosen":"IRONCLAD","items_purchased":["Bag of Marbles","Shrug It Off","Dark Shackles","Dual Wield","Ghostly Armor","Metallicize"],"campfire_rested":0,"item_purchase_floors":[5,5,20,31,31,38],"current_hp_per_floor":[74,63,56,62,62,62,68,68,68,66,66,63,63,63,63,49,69,34,34,34,34,45,45,67,67,74,74,74,74,74,74,74,48,74,85,55,55,55,88,88,88,88,88,88,71,71,71,88,88,14,0,0],"gold":140,"neow_bonus":"THREE_ENEMY_KILL","is_daily":false,"chose_seed":false,"campfire_upgraded":8,"win_rate":0.0,"timestamp":1613205311,"path_taken":["M","?","?","?","$","R","E","R","T","E","?","M","R","?","R","BOSS","M","?","$","?","M","R","E","?","T","R","?","R","R","?","R","BOSS","M","?","?","?","?","R","?","$","T","R","E","R","?","M","R","BOSS","BOSS"],"items_purchased_type":["Relic","Card","Card","Card","Card","Card"],"build_version":"2020-12-22","purchased_purges":1,"victory":false,"max_hp_per_floor":[75,75,75,75,75,75,75,75,75,75,75,75,75,75,75,75,75,75,75,75,75,75,75,75,75,82,82,82,82,82,82,82,82,82,85,88,88,88,88,88,88,88,88,88,91,91,91,94,94,97,97,97],"relic_stats":{"Peace Pipe":5,"Regal Pillow":0,"Busted Crown":18,"counters":[17,105],"Sundial":[26],"Pantograph":76,"Tiny Chest":3,"MealTicket":0,"Boot":[12],"obtain_stats":[{"Regal Pillow":37,"Calipers":39,"NeowsBlessing":0,"Boot":47,"Burning Blood":0,"Peace Pipe":10,"Du-Vu Doll":43,"SlaversCollar":34,"Anchor":24,"Busted Crown":17,"Sundial":9,"Pantograph":7,"Strawberry":26,"Tiny Chest":11,"MealTicket":45,"WingedGreaves":25,"Bag of Marbles":5},{"Regal Pillow":12,"Calipers":13,"NeowsBlessing":0,"Boot":14,"Burning Blood":0,"Peace Pipe":4,"Du-Vu Doll":13,"SlaversCollar":10,"Anchor":9,"Busted Crown":6,"Sundial":3,"Pantograph":3,"Strawberry":9,"Tiny Chest":4,"MealTicket":14,"WingedGreaves":9,"Bag of Marbles":2},{"Regal Pillow":65,"Calipers":72,"NeowsBlessing":0,"Boot":83,"Burning Blood":0,"Peace Pipe":7,"Du-Vu Doll":72,"SlaversCollar":48,"Anchor":40,"Busted Crown":21,"Sundial":4,"Pantograph":4,"Strawberry":40,"Tiny Chest":7,"MealTicket":83,"WingedGreaves":40,"Bag of Marbles":2}],"Burning Blood":88},"card_choices":[{"not_picked":["Clash","Havoc"],"picked":"Sword Boomerang","floor":1.0},{"not_picked":["Shockwave","Armaments"],"picked":"Ghostly Armor","floor":4.0},{"not_picked":["Flex","Inflame"],"picked":"Demon Form","floor":7.0},{"not_picked":["Sentinel","Seeing Red"],"picked":"Disarm","floor":10.0},{"not_picked":["Clash","Warcry","Anger"],"picked":"SKIP","floor":12.0},{"not_picked":["Bludgeon","Barricade"],"picked":"Reaper","floor":16.0},{"not_picked":["Armaments"],"picked":"SKIP","floor":18.0},{"not_picked":["Clash"],"picked":"SKIP","floor":22.0},{"not_picked":["Clash"],"picked":"SKIP","floor":22.0},{"not_picked":[],"picked":"Cleave","floor":24.0},{"not_picked":[],"picked":"Feed","floor":33.0},{"not_picked":["Body Slam"],"picked":"SKIP","floor":35.0},{"not_picked":["Flex"],"picked":"SKIP","floor":36.0},{"not_picked":["Anger+1"],"picked":"SKIP","floor":45.0},{"not_picked":["Power Through+1"],"picked":"SKIP","floor":48.0}],"player_experience":1630079,"relics_obtained":[{"floor":7.0,"key":"Pantograph"},{"floor":9.0,"key":"Sundial"},{"floor":10.0,"key":"Peace Pipe"},{"floor":24.0,"key":"Anchor"},{"floor":25.0,"key":"WingedGreaves"},{"floor":26.0,"key":"Strawberry"},{"floor":37.0,"key":"Regal Pillow"},{"floor":39.0,"key":"Calipers"},{"floor":43.0,"key":"Du-Vu Doll"},{"floor":45.0,"key":"MealTicket"},{"floor":47.0,"key":"Boot"}],"event_choices":[{"damage_healed":0.0,"max_hp_gain":0.0,"max_hp_loss":0.0,"gold_gain":75.0,"event_name":"World of Goop","player_choice":"Gather Gold","floor":2.0,"gold_loss":0.0,"damage_taken":11.0},{"cards_removed":["Strike_R"],"damage_healed":0.0,"max_hp_gain":0.0,"max_hp_loss":0.0,"gold_gain":0.0,"event_name":"Golden Wing","player_choice":"Card Removal","floor":3.0,"gold_loss":0.0,"damage_taken":7.0},{"damage_healed":0.0,"max_hp_gain":0.0,"max_hp_loss":0.0,"gold_gain":30.0,"event_name":"Dead Adventurer","player_choice":"Searched \u00272\u0027 times","floor":11.0,"gold_loss":0.0,"damage_taken":0.0,"relics_obtained":["Tiny Chest"]},{"damage_healed":0.0,"max_hp_gain":0.0,"max_hp_loss":0.0,"gold_gain":0.0,"event_name":"Liars Game","player_choice":"Ignored","floor":14.0,"gold_loss":0.0,"damage_taken":0.0},{"cards_removed":["Strike_R"],"damage_healed":0.0,"max_hp_gain":0.0,"max_hp_loss":0.0,"gold_gain":0.0,"event_name":"Beggar","player_choice":"Gave Gold","floor":19.0,"gold_loss":75.0,"damage_taken":0.0},{"cards_removed":["Defend_R"],"damage_healed":0.0,"max_hp_gain":0.0,"max_hp_loss":0.0,"gold_gain":0.0,"event_name":"Back to Basics","player_choice":"Elegance","floor":21.0,"gold_loss":0.0,"damage_taken":0.0},{"damage_healed":0.0,"max_hp_gain":0.0,"max_hp_loss":0.0,"gold_gain":0.0,"event_name":"The Library","player_choice":"Read","floor":28.0,"gold_loss":0.0,"damage_taken":0.0,"cards_obtained":["Heavy Blade"]},{"damage_healed":0.0,"max_hp_gain":0.0,"max_hp_loss":0.0,"gold_gain":0.0,"event_name":"MindBloom","player_choice":"Fight","floor":39.0,"gold_loss":0.0,"damage_taken":0.0},{"cards_removed":["Bash"],"damage_healed":0.0,"max_hp_gain":0.0,"max_hp_loss":0.0,"gold_gain":0.0,"event_name":"Falling","player_choice":"Removed Attack","floor":41.0,"gold_loss":0.0,"damage_taken":0.0}],"is_beta":false,"boss_relics":[{"not_picked":["Pandora\u0027s Box","Runic Cube"],"picked":"Busted Crown"},{"not_picked":["Cursed Key","Mark of Pain"],"picked":"SlaversCollar"}],"items_purged_floors":[38],"is_endless":false,"potions_floor_spawned":[10,12,16,18,24,35,36,45],"killed_by":"Time Eater","ascension_level":20}}