{"host":"81iaqqr1ryudmr11","time":1613211695,"event":{"mods":["BaseMod","Highlight Path","Minty Spire (QoL Compilation)","Relic Stats"],"gold_per_floor":[109,109,124,49,65,92,92,117,117,117,149,149,149,159,159,261,261,275,286,302,321,321,348,360,382,471,483,522,534,566,597,609,721,733,745,757,782,809,840,852,895,924,988,1029,1066,1106,1118,1145,1157,1169,1169],"floor_reached":50,"language":"ENG","playtime":3815,"items_purged":["Strike_R"],"score":907,"play_id":"ad9d8712-35f5-4ec4-b2d2-6d52e1e1365e","local_time":"20210213112135","is_ascension_mode":true,"campfire_choices":[{"data":"Bash","floor":7.0,"key":"SMITH"},{"floor":10.0,"key":"REST"},{"data":"Feed","floor":12.0,"key":"SMITH"},{"data":"Battle Trance","floor":15,"key":"SMITH"},{"floor":24,"key":"REST"},{"floor":32,"key":"REST"},{"floor":40,"key":"REST"},{"floor":47,"key":"REST"},{"floor":49,"key":"RECALL"}],"circlet_count":0,"master_deck":["Strike_R","Defend_R","Defend_R","Defend_R","Bash+1","Battle Trance+1","Feed+1","Clothesline","Inflame+1","Corruption+1","Feel No Pain+1","Intimidate+1","Demon Form+1","Fire Breathing+1","Battle Trance","Decay","Evolve+1","Sentinel+1","Shrug It Off+1","Exhume+1","Cleave+1","Warcry+1","Dual Wield+1"],"relics":["Mark of Pain","Lantern","Sundial","Tiny Chest","Frozen Egg 2","Astrolabe","TungstenRod","MawBank","Self Forming Clay","Toxic Egg 2","Black Star","Toy Ornithopter","Dream Catcher","Orichalcum","Turnip","Vajra","Mercury Hourglass","Bottled Flame"],"acts_visited":["Exordium","TheCity","TheBeyond"],"potions_floor_usage":[16,20,21,23,35,38,41,44,47],"damage_taken":[{"damage":0.0,"enemies":"2 Louse","floor":1.0,"turns":4.0},{"damage":6.0,"enemies":"Cultist","floor":3.0,"turns":3.0},{"damage":0.0,"enemies":"Small Slimes","floor":5.0,"turns":3.0},{"damage":26.0,"enemies":"Gremlin Nob","floor":6.0,"turns":4.0},{"damage":32.0,"enemies":"3 Sentries","floor":8.0,"turns":9.0},{"damage":23.0,"enemies":"Gremlin Nob","floor":11.0,"turns":4.0},{"damage":0,"enemies":"3 Louse","floor":14,"turns":2},{"damage":11,"enemies":"Hexaghost","floor":16,"turns":9},{"damage":0,"enemies":"3 Byrds","floor":18,"turns":6},{"damage":10,"enemies":"Spheric Guardian","floor":19,"turns":4},{"damage":3,"enemies":"Chosen and Byrds","floor":20,"turns":5},{"damage":14,"enemies":"Cultist and Chosen","floor":21,"turns":7},{"damage":38,"enemies":"Slavers","floor":23,"turns":4},{"damage":11,"enemies":"Snake Plant","floor":25,"turns":4},{"damage":10,"enemies":"Book of Stabbing","floor":28,"turns":5},{"damage":0,"enemies":"Snecko","floor":30,"turns":3},{"damage":5,"enemies":"Chosen and Byrds","floor":31,"turns":4},{"damage":20,"enemies":"Champ","floor":33,"turns":9},{"damage":0,"enemies":"3 Shapes","floor":35,"turns":1},{"damage":24,"enemies":"Orb Walker","floor":37,"turns":5},{"damage":2,"enemies":"4 Shapes","floor":38,"turns":4},{"damage":13,"enemies":"Spire Growth","floor":39,"turns":4},{"damage":42,"enemies":"Reptomancer","floor":41,"turns":5},{"damage":8,"enemies":"3 Darklings","floor":42,"turns":5},{"damage":12,"enemies":"Giant Head","floor":44,"turns":7},{"damage":22,"enemies":"Nemesis","floor":46,"turns":6},{"damage":0,"enemies":"Maw","floor":48,"turns":6},{"damage":77,"enemies":"Awakened One","floor":50,"turns":3}],"seed_played":"-4606589564519087835","potions_obtained":[{"floor":6.0,"key":"Swift Potion"},{"floor":11.0,"key":"Regen Potion"},{"floor":14,"key":"Explosive Potion"},{"floor":19,"key":"SneckoOil"},{"floor":20,"key":"CultistPotion"},{"floor":25,"key":"SpeedPotion"},{"floor":28,"key":"SteroidPotion"},{"floor":31,"key":"SmokeBomb"},{"floor":37,"key":"Block Potion"},{"floor":39,"key":"Weak Potion"},{"floor":46,"key":"Fruit Juice"}],"is_trial":false,"path_per_floor":["M","?","M","$","M","E","R","E","T","R","E","R","?","M","R","B",null,"M","M","M","M","T","E","R","M","T","?","E","?","M","M","R","B",null,"M","?","M","M","M","R","E","M","T","E","T","E","R","M","R","B"],"character_chosen":"IRONCLAD","items_purchased":[],"campfire_rested":5,"item_purchase_floors":[],"current_hp_per_floor":[72,80,74,74,74,48,48,19,19,43,20,20,20,24,24,28,72,76,66,63,53,53,15,43,32,32,32,22,22,26,25,55,35,86,86,86,62,68,59,93,55,47,47,40,40,22,70,74,74,0,0],"gold":1169,"neow_bonus":"BOSS_RELIC","is_daily":false,"chose_seed":false,"campfire_upgraded":3,"win_rate":0.0,"timestamp":1613211695,"path_taken":["M","?","M","?","?","E","R","E","T","R","E","R","?","M","R","BOSS","M","M","?","?","?","E","R","M","T","?","E","?","M","M","R","BOSS","M","?","M","M","M","R","E","M","T","E","?","E","R","M","R","BOSS"],"items_purchased_type":[],"build_version":"2020-12-22","purchased_purges":1,"victory":false,"max_hp_per_floor":[80,80,80,80,80,80,80,83,83,83,83,83,83,87,87,87,87,91,91,91,95,95,95,95,95,95,95,95,95,99,103,103,103,103,103,103,103,111,115,115,119,119,119,119,119,123,128,132,132,132,132],"relic_stats":{"counters":[28,135],"Self Forming Clay":[78],"Astrolabe":["Feel No Pain","Intimidate","Demon Form"],"Orichalcum":[12],"MawBank":324,"Mercury Hourglass":[45],"Dream Catcher":1,"Sundial":[30],"Tiny Chest":2,"Turnip":[3],"Black Star":3,"obtain_stats":[{"Lantern":6,"Self Forming Clay":26,"Astrolabe":17,"Vajra":45,"Frozen Egg 2":11,"Orichalcum":44,"MawBank":23,"Burning Blood":0,"Mercury Hourglass":46,"Dream Catcher":41,"Bottled Flame":46,"Sundial":8,"Tiny Chest":9,"Mark of Pain":0,"Turnip":44,"Black Star":34,"Toxic Egg 2":28,"TungstenRod":22,"Toy Ornithopter":41},{"Lantern":4,"Self Forming Clay":14,"Astrolabe":8,"Vajra":25,"Frozen Egg 2":6,"Orichalcum":25,"MawBank":13,"Burning Blood":0,"Mercury Hourglass":26,"Dream Catcher":23,"Bottled Flame":26,"Sundial":5,"Tiny Chest":5,"Mark of Pain":0,"Turnip":25,"Black Star":18,"Toxic Egg 2":15,"TungstenRod":12,"Toy Ornithopter":23},{"Lantern":14,"Self Forming Clay":68,"Astrolabe":38,"Vajra":120,"Frozen Egg 2":27,"Orichalcum":120,"MawBank":64,"Burning Blood":0,"Mercury Hourglass":126,"Dream Catcher":108,"Bottled Flame":126,"Sundial":23,"Tiny Chest":23,"Mark of Pain":0,"Turnip":120,"Black Star":89,"Toxic Egg 2":73,"TungstenRod":60,"Toy Ornithopter":108}],"TungstenRod":42,"Toy Ornithopter":10},"card_choices":[{"not_picked":["Sword Boomerang","True Grit"],"picked":"Battle Trance","floor":1.0},{"not_picked":["Thunderclap","Pummel","Headbutt"],"picked":"SKIP","floor":3.0},{"not_picked":["Infernal Blade","Thunderclap"],"picked":"Feed","floor":5.0},{"not_picked":["Armaments","Havoc"],"picked":"Clothesline","floor":6.0},{"not_picked":["Intimidate","Iron Wave","Rage"],"picked":"SKIP","floor":8.0},{"not_picked":["Thunderclap","Flame Barrier"],"picked":"Inflame+1","floor":11.0},{"not_picked":["Warcry","Sword Boomerang","Iron Wave"],"picked":"SKIP","floor":14},{"not_picked":["Immolate","Feed"],"picked":"Corruption+1","floor":16},{"not_picked":["Inflame+1","Headbutt+1","Combust+1"],"picked":"SKIP","floor":18},{"not_picked":["Armaments","Flex+1"],"picked":"Fire Breathing+1","floor":19},{"not_picked":["Body Slam","Dropkick","Bloodletting+1"],"picked":"SKIP","floor":20},{"not_picked":["Second Wind","Clash+1","Pommel Strike"],"picked":"SKIP","floor":21},{"not_picked":["Flex","Clothesline","Inflame+1"],"picked":"SKIP","floor":23},{"not_picked":["Pommel Strike","Shrug It Off"],"picked":"Battle Trance","floor":25},{"not_picked":["Fiend Fire","Perfected Strike"],"picked":"Evolve+1","floor":28},{"not_picked":["Thunderclap","Searing Blow"],"picked":"Shrug It Off+1","floor":30},{"not_picked":["Headbutt","Anger","Havoc+1"],"picked":"SKIP","floor":31},{"not_picked":["Double Tap+1","Feed"],"picked":"Exhume+1","floor":33},{"not_picked":["Twin Strike+1","Flex+1"],"picked":"Cleave+1","floor":37},{"not_picked":["Flex+1","True Grit+1","Thunderclap+1"],"picked":"SKIP","floor":38},{"not_picked":["Pommel Strike+1","Body Slam","Bloodletting+1"],"picked":"SKIP","floor":39},{"not_picked":["Armaments+1","Pommel Strike+1","Pummel"],"picked":"SKIP","floor":41},{"not_picked":["Anger+1","Clash+1","Wild Strike"],"picked":"SKIP","floor":42},{"not_picked":["Hemokinesis","Sword Boomerang+1","Carnage"],"picked":"SKIP","floor":44},{"not_picked":["Blood for Blood","Berserk+1","Twin Strike+1"],"picked":"SKIP","floor":46},{"not_picked":["Flex+1","Havoc+1"],"picked":"Warcry+1","floor":47},{"not_picked":["Feel No Pain+1","Intimidate+1"],"picked":"Dual Wield+1","floor":48}],"player_experience":190360,"relics_obtained":[{"floor":6.0,"key":"Lantern"},{"floor":8.0,"key":"Sundial"},{"floor":9.0,"key":"Tiny Chest"},{"floor":11.0,"key":"Frozen Egg 2"},{"floor":22,"key":"TungstenRod"},{"floor":23,"key":"MawBank"},{"floor":26,"key":"Self Forming Clay"},{"floor":28,"key":"Toxic Egg 2"},{"floor":41,"key":"Toy Ornithopter"},{"floor":41,"key":"Dream Catcher"},{"floor":44,"key":"Orichalcum"},{"floor":44,"key":"Turnip"},{"floor":45,"key":"Vajra"},{"floor":46,"key":"Mercury Hourglass"},{"floor":46,"key":"Bottled Flame"}],"event_choices":[{"damage_healed":8.0,"max_hp_gain":0.0,"max_hp_loss":0.0,"gold_gain":0.0,"event_name":"Wheel of Change","player_choice":"Full Heal","floor":2.0,"gold_loss":0.0,"damage_taken":0.0},{"cards_removed":["Strike_R"],"damage_healed":0.0,"max_hp_gain":0.0,"max_hp_loss":0.0,"gold_gain":0.0,"event_name":"Purifier","player_choice":"Purged","floor":13.0,"gold_loss":0.0,"damage_taken":0.0},{"damage_healed":0,"gold_gain":0,"player_choice":"Smashed Altar","damage_taken":0,"max_hp_gain":0,"max_hp_loss":0,"event_name":"Forgotten Altar","floor":27,"gold_loss":0,"cards_obtained":["Decay"]},{"damage_healed":0,"gold_gain":0,"player_choice":"Read","damage_taken":0,"max_hp_gain":0,"max_hp_loss":0,"event_name":"The Library","floor":29,"gold_loss":0,"cards_obtained":["Sentinel"]},{"damage_healed":0,"gold_gain":0,"player_choice":"Ignored","damage_taken":0,"max_hp_gain":0,"max_hp_loss":0,"event_name":"SecretPortal","floor":36,"gold_loss":0}],"is_beta":false,"boss_relics":[{"not_picked":["Tiny House","SlaversCollar"],"picked":"Astrolabe"},{"not_picked":["Empty Cage","Runic Dome"],"picked":"Black Star"}],"items_purged_floors":[4],"is_endless":false,"potions_floor_spawned":[6,11,14,19,20,25,28,31,35,37,39,46],"killed_by":"Awakened One","ascension_level":8}}