{"host":"d85gwtocd8go8gx0","time":1613243632,"event":{"mods":["AchievementEnabler","BaseMod","Better Altar","Better Skull","Better Third Choice","Block Reminder","Colored Powertips","Curses Come First","Dark Map","Filter the Spire","Highlight Path","Minty Spire (QoL Compilation)","Permanent Neow","Quick Restart","Shop Mod","StSLib","SuperFastMode","UnlockEverythingMod"],"gold_per_floor":[13,33,43,60,73,98,114,149,173,183,183,235,270,195,195,274,274,290,9,9,9,9,44,62,62,85,97,109,221,260,272,272],"floor_reached":31,"language":"ENG","playtime":1136,"items_purged":[],"score":596,"play_id":"c0686c30-ca0a-4674-998a-8fb289ffcac7","local_time":"20210213111352","is_ascension_mode":true,"campfire_choices":[{"data":"Eruption","floor":15.0,"key":"SMITH"},{"floor":28,"key":"REST"}],"circlet_count":0,"master_deck":["AscendersBane","Strike_P","Strike_P","Defend_P","Defend_P","Defend_P","Eruption+1","Vigilance","Conclude","Wallop","SashWhip","Vengeance","CutThroughFate","InnerPeace","FollowUp","Perseverance","DeceiveReality","FlurryOfBlows","EmptyFist","WheelKick","Brilliance","CrushJoints","Shame","FlurryOfBlows","BowlingBash","BattleHymn+1"],"relics":["PureWater","Juzu Bracelet","TungstenRod","Potion Belt","Orichalcum","Centennial Puzzle","VioletLotus","Yang","Akabeko","Smiling Mask","Blue Candle","Frozen Egg 2","MawBank","Nilry\u0027s Codex","Prayer Wheel","Kunai","Vajra"],"acts_visited":["Exordium","TheCity"],"potions_floor_usage":[18,23,23,29,29],"damage_taken":[{"damage":7.0,"enemies":"Small Slimes","floor":1.0,"turns":3.0},{"damage":0.0,"enemies":"Jaw Worm","floor":2.0,"turns":2.0},{"damage":0.0,"enemies":"Cultist","floor":3.0,"turns":3.0},{"damage":0.0,"enemies":"Looter","floor":4.0,"turns":2.0},{"damage":3.0,"enemies":"3 Louse","floor":5.0,"turns":3.0},{"damage":12.0,"enemies":"Gremlin Nob","floor":6.0,"turns":3.0},{"damage":0.0,"enemies":"Exordium Thugs","floor":7.0,"turns":2.0},{"damage":0.0,"enemies":"3 Sentries","floor":8.0,"turns":2.0},{"damage":2.0,"enemies":"Blue Slaver","floor":10.0,"turns":2.0},{"damage":1.0,"enemies":"Gremlin Nob","floor":13.0,"turns":3.0},{"damage":13.0,"enemies":"The Guardian","floor":16.0,"turns":9.0},{"damage":10,"enemies":"3 Byrds","floor":18,"turns":4},{"damage":19,"enemies":"Book of Stabbing","floor":23,"turns":6},{"damage":0,"enemies":"Spheric Guardian","floor":24,"turns":2},{"damage":19,"enemies":"Colosseum Slavers","floor":29,"turns":5},{"damage":0,"enemies":"Colosseum Nobs","floor":29,"turns":2},{"damage":34,"enemies":"Slavers","floor":31,"turns":1}],"seed_played":"1748580018135587418","potions_obtained":[{"floor":4.0,"key":"AttackPotion"},{"floor":5.0,"key":"BottledMiracle"},{"floor":6.0,"key":"Weak Potion"},{"floor":8.0,"key":"AttackPotion"},{"floor":13.0,"key":"DistilledChaos"},{"floor":16.0,"key":"BottledMiracle"},{"floor":18,"key":"Ambrosia"},{"floor":24,"key":"StancePotion"}],"is_trial":false,"path_per_floor":["M","M","M","M","M","E","M","E","T","M","?","T","E","?","R","B",null,"M","$","?","?","?","E","M","T","T","?","R","?","T","E"],"character_chosen":"WATCHER","items_purchased":["Yang"],"campfire_rested":1,"item_purchase_floors":[19],"current_hp_per_floor":[54,54,54,54,51,39,39,39,39,37,42,42,41,41,41,28,62,52,52,52,52,52,33,33,33,33,16,37,18,18,0,0],"gold":272,"neow_bonus":"TRANSFORM_TWO_CARDS","is_daily":false,"chose_seed":false,"campfire_upgraded":1,"win_rate":0.0,"timestamp":1613243632,"path_taken":["M","M","M","M","M","E","M","E","T","M","?","?","E","?","R","BOSS","M","$","?","?","?","E","M","?","T","?","R","?","?","E"],"items_purchased_type":["Relic"],"build_version":"2020-12-22","purchased_purges":0,"victory":false,"max_hp_per_floor":[68,68,68,68,68,68,68,68,68,68,73,73,73,73,73,73,73,73,73,73,73,73,73,73,73,73,73,73,73,73,73,73],"card_choices":[{"not_picked":["Halt","Weave"],"picked":"SashWhip","floor":1.0},{"not_picked":["Nirvana","ReachHeaven"],"picked":"Vengeance","floor":2.0},{"not_picked":["Consecrate","Nirvana"],"picked":"CutThroughFate","floor":3.0},{"not_picked":["Nirvana","Conclude"],"picked":"InnerPeace","floor":4.0},{"not_picked":["EmptyBody","WaveOfTheHand"],"picked":"FollowUp","floor":5.0},{"not_picked":["Prostrate","PathToVictory"],"picked":"Perseverance","floor":6.0},{"not_picked":["FollowUp","InnerPeace"],"picked":"DeceiveReality","floor":7.0},{"not_picked":["Tantrum","CrushJoints"],"picked":"FlurryOfBlows","floor":8.0},{"not_picked":["FlyingSleeves","Adaptation"],"picked":"EmptyFist","floor":10.0},{"not_picked":["Pray","EmptyBody"],"picked":"WheelKick","floor":13.0},{"not_picked":["DevaForm","SpiritShield"],"picked":"Brilliance","floor":16.0},{"not_picked":["Prostrate+1","Halt"],"picked":"CrushJoints","floor":18},{"not_picked":["FlyingSleeves","Tantrum"],"picked":"FlurryOfBlows","floor":23},{"not_picked":["Fasting2","Pray"],"picked":"BowlingBash","floor":24},{"not_picked":["Wallop","Swivel"],"picked":"BattleHymn+1","floor":29}],"player_experience":52675,"relics_obtained":[{"floor":6.0,"key":"Juzu Bracelet"},{"floor":8.0,"key":"TungstenRod"},{"floor":9.0,"key":"Potion Belt"},{"floor":12.0,"key":"Orichalcum"},{"floor":13.0,"key":"Centennial Puzzle"},{"floor":23,"key":"Blue Candle"},{"floor":25,"key":"Frozen Egg 2"},{"floor":26,"key":"MawBank"},{"floor":27,"key":"Nilry\u0027s Codex"},{"floor":29,"key":"Prayer Wheel"},{"floor":29,"key":"Kunai"},{"floor":30,"key":"Vajra"}],"event_choices":[{"damage_healed":0.0,"max_hp_gain":5.0,"max_hp_loss":0.0,"gold_gain":0.0,"event_name":"Big Fish","player_choice":"Donut","floor":11.0,"gold_loss":0.0,"damage_taken":0.0},{"cards_removed":["Strike_P"],"damage_healed":0.0,"max_hp_gain":0.0,"max_hp_loss":0.0,"gold_gain":0.0,"event_name":"The Cleric","player_choice":"Card Removal","floor":14.0,"gold_loss":75.0,"damage_taken":0.0},{"damage_healed":0,"gold_gain":0,"player_choice":"Stole Relic","damage_taken":0,"relics_obtained":["Akabeko"],"max_hp_gain":0,"max_hp_loss":0,"event_name":"Addict","floor":20,"gold_loss":0,"cards_obtained":["Shame"]},{"damage_healed":0,"gold_gain":0,"player_choice":"Opened","damage_taken":0,"relics_obtained":["Smiling Mask"],"max_hp_gain":0,"max_hp_loss":0,"event_name":"The Mausoleum","floor":21,"gold_loss":0,"cards_obtained":["Writhe"]},{"cards_removed":["Writhe"],"damage_healed":0,"gold_gain":0,"player_choice":"Elegance","damage_taken":0,"max_hp_gain":0,"max_hp_loss":0,"event_name":"betterThird:BetterWriting","floor":22,"gold_loss":0},{"damage_healed":0,"gold_gain":0,"player_choice":"Obtained Book","damage_taken":21,"max_hp_gain":0,"max_hp_loss":0,"event_name":"Cursed Tome","floor":27,"gold_loss":0},{"damage_healed":0,"gold_gain":0,"player_choice":"Fight","damage_taken":0,"max_hp_gain":0,"max_hp_loss":0,"event_name":"Colosseum","floor":29,"gold_loss":0},{"damage_healed":0,"gold_gain":0,"player_choice":"Fought Nobs","damage_taken":0,"max_hp_gain":0,"max_hp_loss":0,"event_name":"Colosseum","floor":29,"gold_loss":0}],"is_beta":false,"boss_relics":[{"not_picked":["Astrolabe","Snecko Eye"],"picked":"VioletLotus"}],"items_purged_floors":[],"is_endless":false,"potions_floor_spawned":[4,5,6,8,13,16,18,24],"killed_by":"Slavers","ascension_level":20}}