{"host":"iodx9wtiy6cq33np","time":1613198279,"event":{"mods":["2.2 Compatiblity","AchievementEnabler","Act Like it!","BaseMod","Colored Map","DeckTracker","Keyboard Shortcuts","Minty Spire (QoL Compilation)","Permanent Neow","Quick Restart","Rare Cards Sparkle","StSLib","SuperFastMode","The Dragon Tamer","everything is the same but u backflip on backflip"],"gold_per_floor":[12,12,87,87,87,87,103,103,157,107,122,297,356,356,356,477,477,490,490,589,607,163,163,163,163,163],"floor_reached":24,"language":"KOR","playtime":639,"items_purged":["DTMod:Strike"],"score":180,"play_id":"58e7a18d-1fa3-4cc2-8755-859a2f424d13","local_time":"20210213153759","is_ascension_mode":false,"metric_token":991,"campfire_choices":[{"data":"DTMod:TriAttack","floor":6.0,"key":"SMITH"},{"data":"DTMod:SwitchingTactic","floor":8.0,"key":"SMITH"},{"floor":15.0,"key":"REST"},{"data":"DTMod:RepeatStrike","floor":23,"key":"SMITH"}],"dtmod_dragon_data":[33,56,0,-1,0,0],"circlet_count":0,"master_deck":["DTMod:Strike","DTMod:DoubleHit","DTMod:TargetDefense","DTMod:TargetDefense","DTMod:TargetDefense","DTMod:SwitchingTactic+1","DTMod:TriAttack+1","DTMod:BizarreTactic","DTMod:Cover","DTMod:MagicField","DTMod:RepeatStrike+1","DTMod:QuickFly","DTMod:ShieldDrain","Violence"],"relics":["DTMod:PactStone","Regal Pillow","Happy Flower","Golden Idol","Philosopher\u0027s Stone","Membership Card","DTMod:TacticalNote"],"acts_visited":["Exordium","TheCity"],"potions_floor_usage":[],"damage_taken":[{"damage":0.0,"enemies":"2 Louse","floor":1.0,"turns":2.0},{"damage":0.0,"enemies":"Small Slimes","floor":7.0,"turns":3.0},{"damage":0.0,"enemies":"Jaw Worm","floor":11.0,"turns":2.0},{"damage":6.0,"enemies":"Lagavulin Event","floor":13.0,"turns":4.0},{"damage":10.0,"enemies":"Slime Boss","floor":16.0,"turns":15.0},{"damage":0.0,"enemies":"3 Byrds","floor":18.0,"turns":4.0},{"damage":0.0,"enemies":"2 Thieves","floor":21.0,"turns":3.0},{"damage":0,"enemies":"Book of Stabbing","floor":24,"turns":1}],"seed_played":"3916093525356941203","potions_obtained":[{"floor":7.0,"key":"AttackPotion"},{"floor":11.0,"key":"Energy Potion"},{"floor":13.0,"key":"Swift Potion"}],"is_trial":false,"path_per_floor":["M","?","?","?","?","R","M","R","T","?","M","?","?","?","R","B",null,"M","?","?","M","$","R","E"],"character_chosen":"THE_DT","items_purchased":["Membership Card","DTMod:ShieldDrain","Violence","DTMod:TacticalNote"],"campfire_rested":1,"item_purchase_floors":[22,22,22,22],"current_hp_per_floor":[45,45,34,27,32,32,32,32,32,32,32,32,26,14,44,34,50,50,50,50,50,50,50,50,50,50],"gold":163,"neow_bonus":"THREE_RARE_CARDS","is_daily":false,"chose_seed":false,"campfire_upgraded":3,"win_rate":0.0,"timestamp":1613198279,"path_taken":["M","?","?","?","?","R","M","R","T","?","?","?","?","?","R","BOSS","M","?","?","M","$","R","E"],"items_purchased_type":["Relic","Card","Card","Relic"],"build_version":"2020-12-22","purchased_purges":1,"victory":false,"max_hp_per_floor":[45,45,45,45,50,50,50,50,50,50,50,50,50,50,50,50,50,50,50,50,50,50,50,50,50,50],"card_choices":[{"not_picked":["DTMod:Harmonize","DTMod:Prediction"],"picked":"DTMod:TriAttack","floor":0.0},{"not_picked":["DTMod:Hide","DTMod:Punisher","DTMod:LastStand"],"picked":"SKIP","floor":1.0},{"not_picked":["DTMod:Dissolve","DTMod:BurningForce"],"picked":"DTMod:BizarreTactic","floor":7.0},{"not_picked":["DTMod:MasterPlan","DTMod:BreakAttack"],"picked":"DTMod:Cover","floor":11.0},{"not_picked":["DTMod:Threaten","DTMod:Haste"],"picked":"DTMod:MagicField","floor":13.0},{"not_picked":["DTMod:Inferno","DTMod:Harmonize"],"picked":"DTMod:RepeatStrike","floor":16.0},{"not_picked":["DTMod:Punisher+1","DTMod:BlueScale+1"],"picked":"DTMod:QuickFly","floor":18.0},{"not_picked":["DTMod:PurifyingFlame","DTMod:Dissolve","DTMod:Weaken"],"picked":"SKIP","floor":21.0}],"player_experience":916580,"relics_obtained":[{"floor":9.0,"key":"Regal Pillow"},{"floor":13.0,"key":"Happy Flower"}],"event_choices":[{"cards_removed":["DTMod:Strike"],"damage_healed":0.0,"max_hp_gain":0.0,"max_hp_loss":0.0,"gold_gain":0.0,"event_name":"Living Wall","player_choice":"Forget","floor":2.0,"gold_loss":0.0,"damage_taken":0.0},{"damage_healed":0.0,"max_hp_gain":0.0,"max_hp_loss":0.0,"gold_gain":75.0,"event_name":"World of Goop","player_choice":"Gather Gold","floor":3.0,"gold_loss":0.0,"damage_taken":11.0},{"cards_removed":["DTMod:TargetDefense"],"damage_healed":0.0,"max_hp_gain":0.0,"max_hp_loss":0.0,"gold_gain":0.0,"event_name":"Golden Wing","player_choice":"Card Removal","floor":4.0,"gold_loss":0.0,"damage_taken":7.0},{"damage_healed":0.0,"max_hp_gain":5.0,"max_hp_loss":0.0,"gold_gain":0.0,"event_name":"Big Fish","player_choice":"Donut","floor":5.0,"gold_loss":0.0,"damage_taken":0.0},{"cards_removed":["DTMod:Strike"],"damage_healed":0.0,"max_hp_gain":0.0,"max_hp_loss":0.0,"gold_gain":0.0,"event_name":"The Cleric","player_choice":"Card Removal","floor":10.0,"gold_loss":50.0,"damage_taken":0.0},{"damage_healed":0.0,"max_hp_gain":0.0,"max_hp_loss":0.0,"gold_gain":175.0,"event_name":"Liars Game","player_choice":"AGREE","floor":12.0,"gold_loss":0.0,"damage_taken":0.0,"cards_obtained":["Doubt"]},{"damage_healed":0.0,"max_hp_gain":0.0,"max_hp_loss":0.0,"gold_gain":0.0,"event_name":"Dead Adventurer","player_choice":"Searched \u00271\u0027 times","floor":13.0,"gold_loss":0.0,"damage_taken":0.0},{"damage_healed":0.0,"max_hp_gain":0.0,"max_hp_loss":0.0,"gold_gain":0.0,"event_name":"Golden Idol","player_choice":"Take Damage","floor":14.0,"gold_loss":0.0,"damage_taken":12.0,"relics_obtained":["Golden Idol"]},{"cards_removed":["Doubt"],"damage_healed":0.0,"max_hp_gain":0.0,"max_hp_loss":0.0,"gold_gain":0.0,"event_name":"Back to Basics","player_choice":"Elegance","floor":19.0,"gold_loss":0.0,"damage_taken":0.0},{"damage_healed":0.0,"max_hp_gain":0.0,"max_hp_loss":0.0,"gold_gain":99.0,"event_name":"Nest","player_choice":"Stole From Cult","floor":20.0,"gold_loss":0.0,"damage_taken":0.0}],"is_beta":false,"boss_relics":[{"not_picked":["Snecko Eye","Ectoplasm"],"picked":"Philosopher\u0027s Stone"}],"items_purged_floors":[22],"is_endless":false,"potions_floor_spawned":[7,11,13],"killed_by":"Book of Stabbing","ascension_level":0}}