{"host":"s21r9c1cdih2g0le","time":1613206259,"event":{"mods":["Aspiration","BaseMod","BetterRewards","Colored Map","Conspire","Downfall","Energized Spire","Friendly Minions","GifTheSpireLib","Infinite Spire","Ironclad Rager","Mimic Mod","Minty Spire (QoL Compilation)","StSLib","Stuff the Spire","SuperFastMode","The Mystic","Wandering Minibosses"],"gold_per_floor":[99,110,129,129,229,229,261,591,359,386,400,400,448,480,500,500,500,500],"floor_reached":16,"language":"ENG","playtime":774,"items_purged":["bronze:Strike"],"score":149,"play_id":"85441cdd-c2b6-4d80-906a-234c3e4675bf","local_time":"20210213095059","is_ascension_mode":true,"campfire_choices":[{"data":"bronze:Replicate","floor":1,"key":"SMITH"}],"circlet_count":0,"master_deck":["conspire:GhostlyStrike","conspire:GhostlyStrike","conspire:GhostlyDefend","conspire:GhostlyDefend","conspire:GhostlyDefend","conspire:GhostlyDefend","bronze:Return+1","bronze:Separator","bronze:ClassDefault","bronze:AlphaBuild","bronze:Terminator","bronze:Branch","bronze:FunctionCard","bronze:WhirlingStrike","bronze:Repulsor"],"relics":["bronze:BronzeCore","Darkstone Periapt","Old Coin","Anchor","Potion Belt","TungstenRod"],"acts_visited":["Exordium"],"potions_floor_usage":[5,10,14],"damage_taken":[{"damage":0,"enemies":"Small Slimes","floor":2,"turns":5},{"damage":0,"enemies":"2 Louse","floor":3,"turns":3},{"damage":23,"enemies":"downfall:Heads","floor":5,"turns":5},{"damage":1,"enemies":"conspire:RoseBush","floor":7,"turns":4},{"damage":13,"enemies":"3 Sentries","floor":8,"turns":5},{"damage":0,"enemies":"downfall:FleeingMerchant","floor":9,"turns":4},{"damage":23,"enemies":"Gremlin Nob","floor":10,"turns":4},{"damage":10,"enemies":"conspire:RoseBush","floor":11,"turns":3},{"damage":10,"enemies":"Lagavulin","floor":14,"turns":4},{"damage":0,"enemies":"Exordium Wildlife","floor":15,"turns":2},{"damage":15,"enemies":"DF_ARCHETYPE_STREAMLINE","floor":16,"turns":3}],"seed_played":"-1504835762861590589","potions_obtained":[{"floor":2,"key":"PowerPotion"},{"floor":8,"key":"EssenceOfSteel"},{"floor":10,"key":"conspire:TimeTravelPotion"},{"floor":11,"key":"GamblersBrew"}],"is_trial":false,"path_per_floor":["R","M","M","?","?","?","MIM","E","$","E","M","?","T","E","M","B"],"character_chosen":"THE_AUTOMATON","items_purchased":["bronze:Hardcode"],"campfire_rested":0,"item_purchase_floors":[9],"current_hp_per_floor":[77,77,77,83,60,60,59,46,46,23,13,13,13,13,13,0,0,0],"gold":500,"neow_bonus":"TEN_PERCENT_HP_BONUS","is_daily":false,"chose_seed":false,"campfire_upgraded":1,"win_rate":0.0,"timestamp":1613206259,"path_taken":["R","M","M","?","?","?","MIM","E","$","E","M","?","?","E","M","BOSS"],"items_purchased_type":["Card"],"build_version":"2020-12-22","purchased_purges":1,"victory":false,"max_hp_per_floor":[77,77,77,83,83,83,83,83,83,83,83,83,83,83,83,83,83,83],"card_choices":[{"not_picked":["bronze:Safeguard","bronze:BuggyMess"],"picked":"bronze:Return","floor":2},{"not_picked":["bronze:Overload","bronze:Constructor"],"picked":"bronze:Separator","floor":3},{"not_picked":["bronze:Philosophize","bronze:ChosenStrike"],"picked":"bronze:ClassDefault","floor":5},{"not_picked":["bronze:DelayedGuard","bronze:Iterate"],"picked":"bronze:InfiniteLoop","floor":7},{"not_picked":["bronze:ForLoop","bronze:BuggyMess"],"picked":"bronze:Terminator","floor":8},{"not_picked":["bronze:GetLatest","bronze:DarkDash","bronze:Constructor"],"picked":"SKIP","floor":9},{"not_picked":["bronze:Constructor","bronze:DelayedGuard"],"picked":"bronze:Branch","floor":10},{"not_picked":["bronze:ShipIt","bronze:Turbo"],"picked":"bronze:WhirlingStrike","floor":11},{"not_picked":["bronze:FineTuning","bronze:Optimize"],"picked":"bronze:Repulsor","floor":14},{"not_picked":["bronze:FineTuning","bronze:Allocate","bronze:Backtrace"],"picked":"SKIP","floor":15}],"player_experience":343278,"relics_obtained":[{"floor":8,"key":"Old Coin"},{"floor":10,"key":"Anchor"},{"floor":13,"key":"Potion Belt"},{"floor":14,"key":"TungstenRod"}],"event_choices":[{"damage_healed":0,"gold_gain":0,"player_choice":"Box","damage_taken":0,"relics_obtained":["Darkstone Periapt"],"max_hp_gain":0,"max_hp_loss":0,"event_name":"Big Fish","floor":4,"gold_loss":0,"cards_obtained":["Regret"]},{"cards_removed":["bronze:Strike"],"damage_healed":0,"gold_gain":0,"player_choice":"Card Removal","damage_taken":0,"max_hp_gain":0,"max_hp_loss":0,"event_name":"The Cleric","floor":6,"gold_loss":0},{"damage_healed":0,"gold_gain":0,"player_choice":"Agree","damage_taken":0,"max_hp_gain":0,"max_hp_loss":0,"event_name":"conspire:LoneGhost","floor":12,"gold_loss":0}],"is_beta":false,"boss_relics":[],"items_purged_floors":[9],"is_endless":false,"potions_floor_spawned":[2,8,10,11],"killed_by":"DF_ARCHETYPE_STREAMLINE","ascension_level":1}}