{"host":"Ringo","time":1613198500,"event":{"mods":["BaseMod","Colored Map","Conspire","Dota2Spire","Hubris","Minty Spire (QoL Compilation)","Replay The Spire","StSLib","The Construct","[IsaacMod]ÒÔÈö¼âËþ","¡¾ÒÅÎï¿¨ÅÆ¡¿REMEMod"],"gold_per_floor":[116,130,205,246,287,340,395,421,421,448,505,515,336,369,369,473,473,516,516,810,661,3,3,28,60,86,113,142,176,176,176],"floor_reached":30,"language":"ZHS","playtime":1029,"items_purged":[],"score":1273,"play_id":"fb6407c3-1f83-41ad-b06a-6d9a114b0b2c","local_time":"20210213144140","daily_mods":["SealedDeck","Vintage","Red Cards","Purple Cards","Colorless Cards","Heirloom","Time Dilation","Flight","DeadlyEvents","Elite Swarm","Lethality","Binary"],"is_ascension_mode":true,"campfire_choices":[{"data":"Wish","floor":15,"key":"SMITH"},{"data":"CrushJoints","floor":23,"key":"SMITH"},{"data":"Replay:ManipulateFuture","floor":23,"key":"SMITH"}],"circlet_count":0,"master_deck":["AscendersBane","ThirdEye+1","Uppercut+1","Replay:Hum+1","Replay:ManipulateFuture+1","Evaluate+1","CrushJoints+1","Pommel Strike","Twin Strike","BattleHymn","Anger","Wish+1","Replay:Cycle","Panacea","Iron Wave","ReplayTheSpireMod:Trickstab","Anger"],"relics":["PureWater","Busted Crown","HushsDoor","REME_ComplimentaryCards","replay:Trail_Library","Durian","DeadEye","Mercury Hourglass","conspire:DeflatedDodgeball","Lantern","YumHeart","War Paint","Orichalcum","Dota2Spire:ArcaneBoots","hubris:CrystalStatue","DeathBook","Replay:Rubber Ducky","MaYiHuaBei","TheBean","Replay:Arrowhead","BloodDonationMachine","Guide Book","HornCleat","Replay:Mystery Machine","BelialBook","Dota2Spire:EyeOfSkadi","Replay:Wax Seal","Question Card","Pocketwatch","Lizard Tail"],"acts_visited":["Exordium","TheCity"],"potions_floor_usage":[6,10,10,14,16,18],"damage_taken":[{"damage":0,"enemies":"2 Louse","floor":1,"turns":1},{"damage":0,"enemies":"Small Slimes","floor":2,"turns":1},{"damage":0,"enemies":"Cultist","floor":4,"turns":2},{"damage":0,"enemies":"Blue Slaver","floor":5,"turns":2},{"damage":2,"enemies":"3 Sentries","floor":6,"turns":4},{"damage":0,"enemies":"Gremlin Nob","floor":7,"turns":2},{"damage":3,"enemies":"Replay:BlueRogue","floor":8,"turns":2},{"damage":3,"enemies":"3 Sentries","floor":10,"turns":3},{"damage":0,"enemies":"Gremlin Nob","floor":11,"turns":2},{"damage":0,"enemies":"3 Louse","floor":12,"turns":2},{"damage":2,"enemies":"3 Sentries","floor":14,"turns":3},{"damage":0,"enemies":"The Guardian","floor":16,"turns":3},{"damage":0,"enemies":"conspire:FuzzyDice","floor":18,"turns":3},{"damage":0,"enemies":"Chosen","floor":20,"turns":2},{"damage":0,"enemies":"Replay:Snechameleon","floor":24,"turns":2},{"damage":0,"enemies":"Book of Stabbing","floor":25,"turns":3},{"damage":0,"enemies":"conspire:Head Lice","floor":27,"turns":2},{"damage":0,"enemies":"Replay:Snechameleon","floor":28,"turns":3},{"damage":0,"enemies":"Book of Stabbing","floor":29,"turns":2},{"damage":0,"enemies":"Gremlin Leader","floor":30,"turns":1}],"seed_played":"-3306829790706159635","potions_obtained":[{"floor":1,"key":"SkillPotion"},{"floor":2,"key":"FearPotion"},{"floor":8,"key":"GamblersBrew"},{"floor":12,"key":"Fire Potion"},{"floor":14,"key":"REME_GoldPotion"},{"floor":16,"key":"REME_GoldPotion"},{"floor":24,"key":"Toxic Potion"},{"floor":25,"key":"Cursed Concoction"}],"is_trial":true,"path_per_floor":["M","M","?","M","M","E","E","E","T","E","E","M","$","E","R","B",null,"M","?","M","$","$","R","E","E","T","E","E","E","E"],"character_chosen":"WATCHER","items_purchased":["Replay:Cycle","Panacea","Iron Wave","ReplayTheSpireMod:Trickstab","Guide Book","HornCleat","Replay:Mystery Machine","Anger"],"campfire_rested":0,"item_purchase_floors":[13,13,21,21,22,22,22,22],"current_hp_per_floor":[66,66,55,55,55,53,53,73,73,70,70,70,70,72,72,72,73,73,52,15,15,15,15,15,45,45,45,45,45,45,45],"gold":176,"neow_bonus":"","is_daily":false,"chose_seed":false,"campfire_upgraded":3,"win_rate":0.0,"timestamp":1613198500,"path_taken":["M","M","?","?","M","E","E","E","T","E","E","?","$","E","R","BOSS","M","?","?","?","$","R","E","E","T","E","E","E","E"],"items_purchased_type":["Card","Card","Card","Card","Relic","Relic","Relic","Card"],"build_version":"2020-12-18","purchased_purges":0,"victory":false,"max_hp_per_floor":[73,73,73,73,73,73,73,73,73,73,73,73,73,73,73,73,73,73,78,78,78,78,78,78,83,83,83,83,83,83,83],"card_choices":[{"not_picked":["Crow Ritual"],"picked":"SKIP","floor":28},{"not_picked":["Bludgeon"],"picked":"SKIP","floor":29}],"player_experience":684124,"relics_obtained":[{"floor":1,"key":"Mercury Hourglass"},{"floor":2,"key":"conspire:DeflatedDodgeball"},{"floor":4,"key":"Lantern"},{"floor":5,"key":"YumHeart"},{"floor":6,"key":"War Paint"},{"floor":7,"key":"Orichalcum"},{"floor":8,"key":"Dota2Spire:ArcaneBoots"},{"floor":9,"key":"hubris:CrystalStatue"},{"floor":10,"key":"DeathBook"},{"floor":11,"key":"Replay:Rubber Ducky"},{"floor":12,"key":"MaYiHuaBei"},{"floor":14,"key":"TheBean"},{"floor":18,"key":"Replay:Arrowhead"},{"floor":20,"key":"BloodDonationMachine"},{"floor":24,"key":"BelialBook"},{"floor":25,"key":"Dota2Spire:EyeOfSkadi"},{"floor":26,"key":"Replay:Wax Seal"},{"floor":27,"key":"Question Card"},{"floor":28,"key":"Pocketwatch"},{"floor":29,"key":"Lizard Tail"}],"event_choices":[{"damage_healed":0,"gold_gain":75,"player_choice":"Gather Gold","damage_taken":11,"max_hp_gain":0,"max_hp_loss":0,"event_name":"World of Goop","floor":3,"gold_loss":0},{"damage_healed":0,"gold_gain":0,"player_choice":"Shed Blood","damage_taken":26,"max_hp_gain":5,"max_hp_loss":0,"event_name":"Forgotten Altar","floor":19,"gold_loss":0}],"is_beta":true,"boss_relics":[{"not_picked":["hubris:GrandSneckoEye","ChewingGum","Replay:Grab Bag"]}],"items_purged_floors":[],"is_endless":false,"potions_floor_spawned":[1,2,8,12,14,16,24,25],"killed_by":"Gremlin Leader","ascension_level":20}}