{"host":"5dhwd44u3dydylwe","time":1613216742,"event":{"mods":["AchievementEnabler","BaseMod","BetterRewards","Dota2Spire","Downfall","Hubris","Minty Spire (QoL Compilation)","Shop Mod","StSLib","Wandering Minibosses"],"gold_per_floor":[99,111,411,424,444,458,458,483,483,512,512,543,523,323,352,352,364,465,465,365,385,65,265,280,280,280,297,326,54,87,87,103,103,161,188,202,305,305,305,318,218,238,249,21,21,38,55,55,84,84,84,116,127,127,127,152,27,27,27,27],"floor_reached":61,"language":"ENG","playtime":5628,"items_purged":["downfall:Icky","Doubt","downfall:Icky","bronze:Strike"],"score":1713,"play_id":"86e5334f-c0cd-4673-896c-ee3fc12783b4","local_time":"20210213194542","is_ascension_mode":true,"campfire_choices":[{"data":"bronze:Goto","floor":1,"key":"SMITH"},{"data":"bronze:FollowUp","floor":11,"key":"SMITH"},{"floor":14,"key":"RECALL"},{"data":"bronze:RecursiveStrike","floor":20,"key":"SMITH"},{"data":"bronze:Defend","floor":25,"key":"SMITH"},{"data":"bronze:TinkerersToolbox","floor":31,"key":"SMITH"},{"floor":33,"key":"REST"},{"floor":39,"key":"REST"},{"floor":51,"key":"REST"},{"floor":58,"key":"REST"}],"circlet_count":0,"master_deck":["bronze:Strike","bronze:Strike","bronze:Defend","bronze:Defend+1","bronze:Defend","bronze:Replicate+1","bronze:Goto+1","bronze:FollowUp+1","bronze:Terminator+1","bronze:RecursiveStrike+1","bronze:Shell+1","bronze:TinkerersToolbox+1","bronze:Constructor","bronze:Format","bronze:FineTuning+1","bronze:Repulsor+1","bronze:FineTuning"],"relics":["Dota2Spire:LotusOrb","hubris:OldNail","Turnip","downfall:HeartBlessingBlue","downfall:HeartBlessingGreen","hubris:PeanutButter","hubris:Towel","Cursed Key","downfall:HeartBlessingRed","wanderingMiniBosses:ThiefScarf","bronze:BronzeCore","hubris:Metronome","Blue Candle","Dead Branch","Omamori","Blood Vial","Medical Kit","Happy Flower","Fusion Hammer","Membership Card","hubris:BottledRain","hubris:SlimyHat","War Paint","Pantograph","Anchor"],"acts_visited":["Exordium","TheCity","TheBeyond","TheEnding"],"potions_floor_usage":[15,37,56,56,60,60],"damage_taken":[{"damage":0,"enemies":"2 Louse","floor":2,"turns":4},{"damage":2,"enemies":"Jaw Worm","floor":4,"turns":5},{"damage":0,"enemies":"Cultist","floor":5,"turns":3},{"damage":0,"enemies":"Large Slime","floor":6,"turns":4},{"damage":18,"enemies":"Lagavulin","floor":10,"turns":6},{"damage":16,"enemies":"Gremlin Nob","floor":12,"turns":4},{"damage":2,"enemies":"2 Fungi Beasts","floor":13,"turns":6},{"damage":12,"enemies":"3 Sentries","floor":15,"turns":7},{"damage":5,"enemies":"Exordium Thugs","floor":17,"turns":5},{"damage":4,"enemies":"WA_ARCHETYPE_RETAIN","floor":18,"turns":6},{"damage":0,"enemies":"Spheric Guardian","floor":21,"turns":3},{"damage":1,"enemies":"downfall:FleeingMerchant","floor":22,"turns":4},{"damage":0,"enemies":"Chosen and Byrds","floor":24,"turns":2},{"damage":0,"enemies":"Sentry and Sphere","floor":27,"turns":4},{"damage":34,"enemies":"Book of Stabbing","floor":28,"turns":6},{"damage":1,"enemies":"downfall:FleeingMerchant","floor":29,"turns":4},{"damage":0,"enemies":"Gremlin Leader","floor":30,"turns":4},{"damage":10,"enemies":"Snake Plant","floor":32,"turns":2},{"damage":0,"enemies":"downfall:FleeingMerchant","floor":34,"turns":4},{"damage":0,"enemies":"Book of Stabbing","floor":35,"turns":4},{"damage":0,"enemies":"Centurion and Healer","floor":36,"turns":4},{"damage":10,"enemies":"DF_ARCHETYPE_CLAW","floor":37,"turns":7},{"damage":0,"enemies":"3 Shapes","floor":40,"turns":4},{"damage":0,"enemies":"3 Darklings","floor":42,"turns":2},{"damage":0,"enemies":"4 Shapes","floor":43,"turns":4},{"damage":0,"enemies":"Sphere and 2 Shapes","floor":46,"turns":3},{"damage":0,"enemies":"Spire Growth","floor":47,"turns":2},{"damage":0,"enemies":"Nemesis","floor":49,"turns":1},{"damage":0,"enemies":"Giant Head","floor":52,"turns":4},{"damage":0,"enemies":"Transient","floor":53,"turns":4},{"damage":0,"enemies":"SI_POISON_ARCHETYPE","floor":54,"turns":7},{"damage":0,"enemies":"downfall:CharBossMerchant","floor":56,"turns":4},{"damage":0,"enemies":"downfall:NeowBoss","floor":59,"turns":6},{"damage":0,"enemies":"downfall:NeowBossFinal","floor":60,"turns":7}],"seed_played":"-6987823931485494806","potions_obtained":[{"floor":5,"key":"SpeedPotion"},{"floor":10,"key":"Block Potion"},{"floor":13,"key":"Explosive Potion"},{"floor":15,"key":"GamblersBrew"},{"floor":21,"key":"DuplicationPotion"},{"floor":53,"key":"Weak Potion"}],"is_trial":false,"path_per_floor":["R","M","?","M","M","M","T","T","?","E","R","E","M","R","E","?","M","B",null,"R","M","$","?","M","R","T","M","E","$","E","R","M","R","$","E","M","B",null,"R","M","NS","M","M","$","T","M","M","?","E","$","R","E","M","B",null,"E","$","R","B","B",null],"character_chosen":"THE_AUTOMATON","items_purchased":["hubris:Metronome","Omamori","Medical Kit","Membership Card","Anchor","bronze:FineTuning","PowerPotion"],"campfire_rested":4,"item_purchase_floors":[22,29,34,44,57,57,57],"current_hp_per_floor":[77,77,77,75,75,75,75,75,75,57,57,41,39,49,37,37,32,28,87,87,87,86,86,86,86,86,86,52,51,51,51,55,81,83,85,87,77,87,87,87,87,87,87,87,87,87,87,87,87,87,87,87,87,87,87,87,87,87,87,87],"gold":27,"neow_bonus":"TEN_PERCENT_HP_BONUS","is_daily":false,"chose_seed":false,"campfire_upgraded":5,"win_rate":0.0,"timestamp":1613216742,"path_taken":["R","M","?","M","M","M","T","T","?","E","R","E","?","R","E","?","M","BOSS","R","M","$","?","M","R","T","M","E","$","E","R","M","R","?","E","M","BOSS","R","M","NS","?","M","$","T","M","M","?","E","?","R","E","M","BOSS","E","$","R","BOSS","BOSS"],"items_purchased_type":["Relic","Relic","Relic","Relic","Relic","Card","Potion"],"build_version":"2020-12-22","purchased_purges":4,"victory":true,"max_hp_per_floor":[77,77,77,77,77,77,77,77,77,77,77,77,77,87,87,87,87,87,87,87,87,87,87,87,87,87,87,87,87,87,87,87,87,87,87,87,87,87,87,87,87,87,87,87,87,87,87,87,87,87,87,87,87,87,87,87,87,87,87,87],"card_choices":[{"not_picked":["bronze:DelayedSlice","bronze:DelayedGuard"],"picked":"bronze:FollowUp","floor":2},{"not_picked":["bronze:MaxOutput","bronze:Overheat"],"picked":"bronze:WhirlingStrike","floor":4},{"not_picked":["bronze:Invalidate","bronze:BitShift"],"picked":"bronze:Terminator","floor":5},{"not_picked":["bronze:DelayedSlice","bronze:Turbo","bronze:DelayedGuard"],"picked":"SKIP","floor":6},{"not_picked":["bronze:Separator","bronze:Allocate","bronze:WhirlingStrike"],"picked":"SKIP","floor":10},{"not_picked":["bronze:ForceShield","bronze:Overheat","bronze:ClassDefault"],"picked":"SKIP","floor":12},{"not_picked":["bronze:Optimize","bronze:BitShift","bronze:ClassDefault"],"picked":"SKIP","floor":13},{"not_picked":["bronze:Turbo","bronze:FollowUp","bronze:ClassDefault"],"picked":"SKIP","floor":15},{"not_picked":["bronze:Shield","bronze:BuggyMess","bronze:OilSpill"],"picked":"SKIP","floor":17},{"not_picked":["bronze:Break","bronze:Hardcode"],"picked":"bronze:RecursiveStrike","floor":18},{"not_picked":["bronze:Frontload","bronze:AlphaBuild","bronze:BuggyMess"],"picked":"SKIP","floor":21},{"not_picked":["bronze:ChildClass","bronze:OilSpill","bronze:Deprecate+1"],"picked":"SKIP","floor":22},{"not_picked":["bronze:OilSpill+1","bronze:Frontload+1","bronze:BitShift"],"picked":"SKIP","floor":24},{"not_picked":["bronze:Optimize","bronze:BitShift"],"picked":"bronze:Shell","floor":27},{"not_picked":["bronze:MaxOutput","bronze:BronzeOrb"],"picked":"bronze:TinkerersToolbox","floor":28},{"not_picked":["bronze:WhirlingStrike+1","bronze:ChosenStrike+1","bronze:Iterate"],"picked":"SKIP","floor":29},{"not_picked":["bronze:Constructor","bronze:WildBeam+1","bronze:ThunderWave"],"picked":"SKIP","floor":30},{"not_picked":["bronze:WildBeam+1","bronze:ThunderWave"],"picked":"bronze:Constructor","floor":30},{"not_picked":["bronze:Branch","bronze:DelayedGuard+1","bronze:Flail"],"picked":"SKIP","floor":32},{"not_picked":["bronze:WildBeam+1","bronze:BuggyMess+1","bronze:Allocate"],"picked":"SKIP","floor":34},{"not_picked":["bronze:BitShift","bronze:Deprecate","bronze:BronzeOrb"],"picked":"SKIP","floor":35},{"not_picked":["bronze:BugBarrage+1","bronze:Safeguard","bronze:Refactor"],"picked":"SKIP","floor":36},{"not_picked":["bronze:InfiniteBeams+1","bronze:Allocate","bronze:Deprecate+1"],"picked":"SKIP","floor":40},{"not_picked":["bronze:Shield","bronze:BuggyMess","bronze:DigitalCarnage+1"],"picked":"SKIP","floor":42},{"not_picked":["bronze:Constructor+1","bronze:NullPointer+1","bronze:FollowUp"],"picked":"SKIP","floor":43},{"not_picked":["bronze:Shield","bronze:CutThrough+1"],"picked":"bronze:Format","floor":46},{"not_picked":["bronze:Constructor+1","bronze:Separator+1"],"picked":"bronze:FineTuning+1","floor":47},{"not_picked":["bronze:Branch+1","bronze:Shell","bronze:Separator"],"picked":"SKIP","floor":49},{"not_picked":["bronze:Mutator","bronze:CloningBeam","bronze:ItsAFeature"],"picked":"SKIP","floor":52},{"not_picked":["bronze:MaxOutput","bronze:Deprecate+1"],"picked":"bronze:Repulsor+1","floor":53},{"not_picked":["bronze:Deprecate","bronze:DelayedSlice+1","bronze:Flail+1"],"picked":"SKIP","floor":56}],"player_experience":252334,"relics_obtained":[{"floor":8,"key":"Dota2Spire:LotusOrb"},{"floor":10,"key":"hubris:OldNail"},{"floor":12,"key":"Turnip"},{"floor":15,"key":"hubris:PeanutButter"},{"floor":22,"key":"wanderingMiniBosses:ThiefScarf"},{"floor":22,"key":"bronze:BronzeCore"},{"floor":26,"key":"Blue Candle"},{"floor":28,"key":"Dead Branch"},{"floor":30,"key":"Blood Vial"},{"floor":35,"key":"Happy Flower"},{"floor":45,"key":"hubris:BottledRain"},{"floor":49,"key":"hubris:SlimyHat"},{"floor":52,"key":"War Paint"},{"floor":56,"key":"Pantograph"}],"event_choices":[{"cards_removed":["bronze:Strike"],"damage_healed":0,"gold_gain":0,"player_choice":"Offered Basic","damage_taken":0,"max_hp_gain":0,"max_hp_loss":0,"event_name":"Bonfire Elementals","floor":48,"gold_loss":0}],"is_beta":false,"boss_relics":[{"not_picked":["Tiny House","expansioncontent:StudyCardRelic"],"picked":"Cursed Key"},{"not_picked":["Runic Dome","hubris:GrandSneckoEye"],"picked":"Fusion Hammer"}],"items_purged_floors":[22,29,34,44],"is_endless":false,"potions_floor_spawned":[5,10,13,15,17,21,27,28,35,36,47,49,53],"ascension_level":2}}