{"host":"7l2t4psy44vpcd9q","time":1613216534,"event":{"mods":["AchievementEnabler","BaseMod","DeckTracker","Minty Spire (QoL Compilation)","SuperFastMode"],"gold_per_floor":[112,126,139,189,204,238,238,256,256,267,267,301,315,331,331,410,410,430,23,23,23,41,72,72,92,92,92,105,105,105],"floor_reached":29,"language":"KOR","playtime":967,"items_purged":["Strike_R"],"score":518,"play_id":"742e5bad-cacc-4b6e-bcb8-7bd4ce3fca9d","local_time":"20210213204214","is_ascension_mode":true,"campfire_choices":[{"floor":7.0,"key":"REST"},{"data":"Heavy Blade","floor":11.0,"key":"SMITH"},{"data":"Feel No Pain","floor":15.0,"key":"SMITH"},{"floor":24,"key":"REST"},{"data":"Entrench","floor":27,"key":"SMITH"}],"circlet_count":0,"master_deck":["AscendersBane","Strike_R","Strike_R","Strike_R","Defend_R","Defend_R","Defend_R","Defend_R","Bash","Spot Weakness","Anger","Heavy Blade+1","Evolve","Ghostly Armor","Double Tap","Feel No Pain+1","Impervious","Uppercut","Entrench+1"],"relics":["Burning Blood","Singing Bowl","Gremlin Horn","StrikeDummy","Mark of Pain","PreservedInsect","Medical Kit","InkBottle","The Courier"],"acts_visited":["Exordium","TheCity"],"potions_floor_usage":[16,16,18,28],"damage_taken":[{"damage":7.0,"enemies":"Jaw Worm","floor":1.0,"turns":3.0},{"damage":6.0,"enemies":"Cultist","floor":2.0,"turns":3.0},{"damage":4.0,"enemies":"2 Louse","floor":3.0,"turns":3.0},{"damage":32.0,"enemies":"Exordium Thugs","floor":5.0,"turns":4.0},{"damage":32.0,"enemies":"Gremlin Nob","floor":6.0,"turns":4.0},{"damage":12.0,"enemies":"Looter","floor":8.0,"turns":3.0},{"damage":6.0,"enemies":"3 Louse","floor":10.0,"turns":3.0},{"damage":4.0,"enemies":"3 Sentries","floor":12.0,"turns":5.0},{"damage":0.0,"enemies":"Exordium Wildlife","floor":13.0,"turns":3.0},{"damage":13.0,"enemies":"Large Slime","floor":14.0,"turns":5.0},{"damage":24,"enemies":"Slime Boss","floor":16,"turns":7},{"damage":20,"enemies":"3 Byrds","floor":18,"turns":7},{"damage":16,"enemies":"Spheric Guardian","floor":22,"turns":5},{"damage":38,"enemies":"Gremlin Leader","floor":23,"turns":5},{"damage":4,"enemies":"Centurion and Healer","floor":25,"turns":5},{"damage":65,"enemies":"Shelled Parasite and Fungi","floor":28,"turns":7},{"damage":27,"enemies":"Cultist and Chosen","floor":29,"turns":4}],"seed_played":"8522192962667577216","potions_obtained":[{"floor":2.0,"key":"Ancient Potion"},{"floor":8.0,"key":"ColorlessPotion"},{"floor":10.0,"key":"HeartOfIron"},{"floor":14.0,"key":"BloodPotion"},{"floor":16,"key":"Dexterity Potion"},{"floor":23,"key":"Regen Potion"}],"is_trial":false,"path_per_floor":["M","M","M","?","M","E","R","M","T","M","R","E","M","M","R","B",null,"M","$","?","?","M","E","R","M","T","R","M","M"],"character_chosen":"IRONCLAD","items_purchased":["PreservedInsect","Medical Kit"],"campfire_rested":2,"item_purchase_floors":[19,19],"current_hp_per_floor":[67,67,69,69,43,17,39,33,33,35,35,37,43,38,38,35,68,56,56,56,72,64,32,56,58,58,58,16,0,0],"gold":105,"neow_bonus":"REMOVE_CARD","is_daily":false,"chose_seed":false,"campfire_upgraded":3,"win_rate":0.0,"timestamp":1613216534,"path_taken":["M","M","M","?","M","E","R","M","T","M","R","E","M","?","R","BOSS","M","$","?","?","M","E","R","M","T","R","?","M"],"items_purchased_type":["Relic","Relic"],"build_version":"2020-12-22","purchased_purges":1,"victory":false,"max_hp_per_floor":[75,75,75,75,75,75,75,75,75,77,77,77,77,79,79,79,79,81,81,81,81,83,83,83,83,83,83,85,85,85],"card_choices":[{"not_picked":["Heavy Blade","Headbutt"],"picked":"Spot Weakness","floor":1.0},{"not_picked":["Sentinel","Feel No Pain"],"picked":"Anger","floor":2.0},{"not_picked":["Warcry","Clash","Metallicize"],"picked":"SKIP","floor":3.0},{"not_picked":["True Grit","Sentinel"],"picked":"Heavy Blade","floor":5.0},{"not_picked":["Warcry","Flex"],"picked":"Evolve","floor":6.0},{"not_picked":["Infernal Blade","Twin Strike"],"picked":"Ghostly Armor","floor":8.0},{"not_picked":["Infernal Blade","Sever Soul","Clothesline"],"picked":"Singing Bowl","floor":10.0},{"not_picked":["Pommel Strike","Bludgeon"],"picked":"Double Tap","floor":12.0},{"not_picked":["Iron Wave","Pummel"],"picked":"Feel No Pain","floor":13.0},{"not_picked":["Cleave","Spot Weakness","Clothesline"],"picked":"Singing Bowl","floor":14.0},{"not_picked":["Exhume","Barricade"],"picked":"Impervious","floor":16},{"not_picked":["Clash+1","Perfected Strike","Anger"],"picked":"Singing Bowl","floor":18},{"not_picked":["Rage","Seeing Red","Combust"],"picked":"Singing Bowl","floor":22},{"not_picked":["Combust+1","Armaments"],"picked":"Uppercut","floor":23},{"not_picked":["Twin Strike","Heavy Blade"],"picked":"Entrench","floor":25},{"not_picked":["Clash","Anger","Thunderclap"],"picked":"Singing Bowl","floor":28}],"player_experience":1292458,"relics_obtained":[{"floor":6.0,"key":"Singing Bowl"},{"floor":9.0,"key":"Gremlin Horn"},{"floor":12.0,"key":"StrikeDummy"},{"floor":23,"key":"InkBottle"},{"floor":26,"key":"The Courier"}],"event_choices":[{"damage_healed":0.0,"max_hp_gain":0.0,"max_hp_loss":0.0,"gold_gain":50.0,"event_name":"Golden Shrine","player_choice":"Pray","floor":4.0,"gold_loss":0.0,"damage_taken":0.0},{"damage_healed":0,"gold_gain":0,"player_choice":"Ignored","damage_taken":0,"max_hp_gain":0,"max_hp_loss":0,"event_name":"The Mausoleum","floor":20,"gold_loss":0},{"damage_healed":16,"gold_gain":0,"player_choice":"Heal","damage_taken":0,"max_hp_gain":0,"max_hp_loss":0,"event_name":"The Library","floor":21,"gold_loss":0}],"is_beta":false,"boss_relics":[{"not_picked":["Empty Cage","Philosopher\u0027s Stone"],"picked":"Mark of Pain"}],"items_purged_floors":[19],"is_endless":false,"potions_floor_spawned":[2,8,10,14,16,23],"killed_by":"Cultist and Chosen","ascension_level":20}}