{"host":"dug4t5o3sl9ppgxq","time":1613221121,"event":{"mods":["ATMod(∞¢Ë™Mod)","Act Like it!","Arknights","Aspiration","BaseMod","BetterRewards","Card Forge","Colored Map","Colored Powertips","DNKmod","Downfall","FoggyMod","Friendly Minions","Gensokyo","Grow up Mod","Hallownest","Highlight Path","Lobotomy","LobotomyExtend","Marisa£®ÏF”Í°°ƒß¿Ì…≥£©","Minty Spire (QoL Compilation)","Reimu£®≤©¿ˆ¡È√Œ£©","Relic Filter Mod","Remilia£®¿Ÿ√◊¿Ú—«£©","Replay The Spire","Spicy Shops","StSLib","The Bug Knight","The Saiyan","Uncapped","Warlord Emblem","noobMod","°æπ¶ƒ‹Mod°øªÏ„Á÷Æª∑–ﬁ∏¥≤π∂°","°æπ¶ƒ‹Mod°ø¥œ√˜µƒ◊Ó÷’Boss","°æ“≈ŒÔø®≈∆°øREMEMod"],"gold_per_floor":[115,115,115,125,141,141,172,191,218,218,249,262,281,309,309,408,408,422,422,45,55,74,74,101,136,136,163,196,212,247,247,247,348,348,367,367,417,270,293,326,337,371,371,387,387,387,387],"floor_reached":46,"language":"ZHS","playtime":1932,"items_purged":[],"score":1043,"play_id":"da93ea15-1896-4f4b-994c-f81428655e17","local_time":"20210213205841","is_ascension_mode":true,"campfire_choices":[{"floor":6.0,"key":"RECALL"},{"data":"Expertise","floor":10.0,"key":"SMITH"},{"data":"Choke","floor":15.0,"key":"SMITH"},{"data":"Acrobatics","floor":23.0,"key":"SMITH"},{"data":"A Thousand Cuts","floor":32.0,"key":"SMITH"}],"circlet_count":0,"master_deck":["Strike_G","Strike_G","Strike_G","Strike_G","Strike_G","Defend_G","Defend_G","Defend_G","Defend_G","Survivor","Neutralize+1","Backflip","Reflex","Quick Slash","Expertise+1","Backflip","Dash","Backflip","Choke+1","A Thousand Cuts+1","Terror+1","Acrobatics+1","Prepared","Noxious Fumes","Bouncing Flask+1","Footwork","Quick Slash","Acrobatics+1","Dagger Throw+1","Reflex+1"],"relics":["Ring of the Serpent","Happy Flower","Lantern","Bag of Marbles","Gremlin Horn","Black Star","MawBank","WingedGreaves","Juzu Bracelet","Tough Bandages","Sundial","Bottled Tornado","HornCleat","Pen Nib","Strawberry","White Beast Statue","FossilizedHelix","Toxic Egg 2","Tiny Chest","Gambling Chip","Vajra","Bronze Scales","Potion Belt","Oddly Smooth Stone","Shovel","TungstenRod","Toy Ornithopter"],"acts_visited":[],"potions_floor_usage":[],"damage_taken":[{"damage":0.0,"enemies":"2 Louse","floor":1.0,"turns":3.0},{"damage":7.0,"enemies":"Small Slimes","floor":4.0,"turns":5.0},{"damage":0.0,"enemies":"Cultist","floor":5.0,"turns":5.0},{"damage":21.0,"enemies":"Gremlin Nob","floor":7.0,"turns":6.0},{"damage":0.0,"enemies":"Looter","floor":8.0,"turns":3.0},{"damage":0.0,"enemies":"Lagavulin","floor":11.0,"turns":5.0},{"damage":0.0,"enemies":"Lots of Slimes","floor":12.0,"turns":4.0},{"damage":0.0,"enemies":"3 Louse","floor":13.0,"turns":3.0},{"damage":0.0,"enemies":"3 Sentries","floor":14.0,"turns":4.0},{"damage":0.0,"enemies":"Hexaghost","floor":16.0,"turns":3.0},{"damage":0.0,"enemies":"Shell Parasite","floor":18.0,"turns":3.0},{"damage":2.0,"enemies":"2 Thieves","floor":21.0,"turns":5.0},{"damage":0.0,"enemies":"3 Cultists","floor":22.0,"turns":4.0},{"damage":0.0,"enemies":"Slavers","floor":24.0,"turns":1.0},{"damage":0.0,"enemies":"Book of Stabbing","floor":25.0,"turns":3.0},{"damage":0.0,"enemies":"Gremlin Leader","floor":27.0,"turns":4.0},{"damage":0.0,"enemies":"Book of Stabbing","floor":28.0,"turns":4.0},{"damage":0.0,"enemies":"Snake Plant","floor":29.0,"turns":3.0},{"damage":0.0,"enemies":"Gremlin Leader","floor":30.0,"turns":4.0},{"damage":0.0,"enemies":"Automaton","floor":33.0,"turns":3.0},{"damage":0.0,"enemies":"Orb Walker","floor":35.0,"turns":3.0},{"damage":0.0,"enemies":"Mind Bloom Boss Battle","floor":37.0,"turns":4.0},{"damage":0.0,"enemies":"Reptomancer","floor":40.0,"turns":3.0},{"damage":0.0,"enemies":"3 Darklings","floor":41.0,"turns":3.0},{"damage":0.0,"enemies":"Nemesis","floor":42.0,"turns":3.0},{"damage":8.0,"enemies":"Maw","floor":44.0,"turns":7.0},{"damage":0,"enemies":"Reptomancer","floor":46,"turns":2}],"seed_played":"-9175597250150294446","potions_obtained":[{"floor":1.0,"key":"Fruit Juice"},{"floor":5.0,"key":"PowerPotion"},{"floor":8.0,"key":"SmokeBomb"},{"floor":14.0,"key":"Explosive Potion"},{"floor":21.0,"key":"CultistPotion"},{"floor":22.0,"key":"CultistPotion"},{"floor":27.0,"key":"Strength Potion"},{"floor":37.0,"key":"Fruit Juice"},{"floor":40.0,"key":"Regen Potion"},{"floor":41.0,"key":"GhostInAJar"},{"floor":44.0,"key":"PowerPotion"}],"is_trial":false,"path_per_floor":["M","?","?","M","M","R","E","M","T","R","E","M","M","E","R","B",null,"M","?","$","M","M","R","E","E","T","E","E","M","E","?","R","B",null,"M","?","?","$","T","E","M","E","T","M","?","E"],"character_chosen":"THE_SILENT","items_purchased":["Acrobatics","Prepared","WingedGreaves","Vajra"],"campfire_rested":0,"item_purchase_floors":[20,20,20,38],"current_hp_per_floor":[75,75,75,68,68,68,75,75,75,75,75,75,75,75,75,75,75,75,75,75,75,75,75,75,75,75,82,82,82,82,82,82,82,82,82,82,87,87,87,87,87,87,87,87,83,83,83],"gold":387,"neow_bonus":"RANDOM_COMMON_RELIC","is_daily":false,"chose_seed":false,"campfire_upgraded":4,"win_rate":0.0,"timestamp":1613221121,"path_taken":["M","?","?","M","?","R","E","M","T","R","E","M","M","E","R","BOSS","M","?","$","M","M","R","E","E","T","E","E","M","E","?","R","BOSS","M","?","?","$","?","E","M","E","T","M","?","E"],"items_purchased_type":["Card","Card","Relic","Relic"],"build_version":"2020-12-22","purchased_purges":0,"victory":false,"max_hp_per_floor":[75,75,75,75,75,75,75,75,75,75,75,75,75,75,75,75,75,75,75,75,75,75,75,75,75,75,82,82,82,82,82,82,82,82,82,82,87,87,87,87,87,87,87,87,83,83,83],"card_choices":[{"not_picked":["Footwork","Deadly Poison"],"picked":"Backflip","floor":1.0},{"not_picked":["Flying Knee","Blur"],"picked":"Reflex","floor":4.0},{"not_picked":["Noxious Fumes","Dodge and Roll"],"picked":"Quick Slash","floor":5.0},{"not_picked":["Night Terror","Backflip"],"picked":"Expertise","floor":7.0},{"not_picked":["Flying Knee","Predator"],"picked":"Backflip","floor":8.0},{"not_picked":["Underhanded Strike","Slice","Catalyst"],"picked":"SKIP","floor":11.0},{"not_picked":["Reflex","Finisher"],"picked":"Dash","floor":12.0},{"not_picked":["Outmaneuver","Dagger Throw"],"picked":"Backflip","floor":13.0},{"not_picked":["Dodge and Roll","Deflect"],"picked":"Choke","floor":14.0},{"not_picked":["Wraith Form v2","Tools of the Trade"],"picked":"A Thousand Cuts","floor":16.0},{"not_picked":["Deflect+1","PiercingWail"],"picked":"Terror+1","floor":18.0},{"not_picked":["Bane+1","Deflect"],"picked":"Noxious Fumes","floor":21.0},{"not_picked":["Crippling Poison+1","Blade Dance","Bane"],"picked":"SKIP","floor":22.0},{"not_picked":["Riddle With Holes","Crippling Poison"],"picked":"Bouncing Flask+1","floor":24.0},{"not_picked":["Leg Sweep","Dagger Spray"],"picked":"Footwork","floor":25.0},{"not_picked":["Bane","Cloak And Dagger","Flying Knee"],"picked":"SKIP","floor":27.0},{"not_picked":["Riddle With Holes","Heel Hook"],"picked":"Quick Slash","floor":28.0},{"not_picked":["Tactician","Accuracy","Terror"],"picked":"SKIP","floor":29.0},{"not_picked":["Heel Hook+1","Reflex+1"],"picked":"Acrobatics+1","floor":30.0},{"not_picked":["Deflect+1","Well Laid Plans+1","Dash"],"picked":"SKIP","floor":35.0},{"not_picked":["Prepared+1","Bane"],"picked":"Dagger Throw+1","floor":37.0},{"not_picked":["Dagger Throw","Deadly Poison+1","Wraith Form v2"],"picked":"SKIP","floor":40.0},{"not_picked":["Caltrops","PiercingWail+1"],"picked":"Reflex+1","floor":41.0},{"not_picked":["Cloak And Dagger+1","Accuracy","Dodge and Roll+1"],"picked":"SKIP","floor":42.0},{"not_picked":["Leg Sweep+1","Deflect+1","Heel Hook"],"picked":"SKIP","floor":44.0}],"player_experience":131564,"relics_obtained":[{"floor":7.0,"key":"Lantern"},{"floor":11.0,"key":"Bag of Marbles"},{"floor":14.0,"key":"Gremlin Horn"},{"floor":24.0,"key":"Juzu Bracelet"},{"floor":24.0,"key":"Tough Bandages"},{"floor":25.0,"key":"Sundial"},{"floor":25.0,"key":"Bottled Tornado"},{"floor":26.0,"key":"HornCleat"},{"floor":27.0,"key":"Pen Nib"},{"floor":27.0,"key":"Strawberry"},{"floor":28.0,"key":"White Beast Statue"},{"floor":28.0,"key":"FossilizedHelix"},{"floor":30.0,"key":"Toxic Egg 2"},{"floor":30.0,"key":"Tiny Chest"},{"floor":37.0,"key":"Gambling Chip"},{"floor":39.0,"key":"Bronze Scales"},{"floor":40.0,"key":"Potion Belt"},{"floor":40.0,"key":"Oddly Smooth Stone"},{"floor":42.0,"key":"Shovel"},{"floor":42.0,"key":"TungstenRod"},{"floor":43.0,"key":"Toy Ornithopter"}],"event_choices":[{"damage_healed":0.0,"max_hp_gain":0.0,"max_hp_loss":0.0,"gold_gain":0.0,"event_name":"Living Wall","player_choice":"Grow","floor":2.0,"gold_loss":0.0,"damage_taken":0.0,"cards_upgraded":["Neutralize"]},{"cards_removed":["Defend_G"],"damage_healed":0.0,"max_hp_gain":0.0,"max_hp_loss":0.0,"gold_gain":0.0,"event_name":"Bonfire Elementals","player_choice":"Offered Basic","floor":3.0,"gold_loss":0.0,"damage_taken":0.0},{"damage_healed":0.0,"max_hp_gain":0.0,"max_hp_loss":0.0,"gold_gain":0.0,"event_name":"WeMeetAgain","player_choice":"Gave Potion","floor":19.0,"gold_loss":0.0,"damage_taken":0.0,"relics_obtained":["MawBank"]},{"damage_healed":0.0,"max_hp_gain":0.0,"max_hp_loss":0.0,"gold_gain":0.0,"event_name":"Cursed Tome","player_choice":"Obtained Book","floor":31.0,"gold_loss":0.0,"damage_taken":16.0},{"damage_healed":0.0,"max_hp_gain":0.0,"max_hp_loss":0.0,"gold_gain":0.0,"event_name":"The Woman in Blue","player_choice":"Bought 0 Potions","floor":36.0,"gold_loss":0.0,"damage_taken":0.0},{"damage_healed":0.0,"max_hp_gain":0.0,"max_hp_loss":0.0,"gold_gain":0.0,"event_name":"MindBloom","player_choice":"Fight","floor":37.0,"gold_loss":0.0,"damage_taken":0.0},{"damage_healed":0.0,"max_hp_gain":0.0,"max_hp_loss":4.0,"gold_gain":0.0,"event_name":"Winding Halls","player_choice":"Max HP","floor":45.0,"gold_loss":0.0,"damage_taken":0.0}],"is_beta":false,"boss_relics":[{"not_picked":["Philosopher\u0027s Stone","Astrolabe"],"picked":"Black Star"},{"not_picked":["SacredBark","WristBlade"],"picked":"Ring of the Serpent"}],"items_purged_floors":[],"is_endless":false,"potions_floor_spawned":[1,5,8,14,21,22,27,29,30,33,35,37,40,41,44],"killed_by":"Reptomancer","ascension_level":1}}