{"host":"vyjryxuuuxkt43k4","time":1613215175,"event":{"mods":["AchievementEnabler","BaseMod","Colored Map","DeckTracker","Keyboard Shortcuts","Minty Spire (QoL Compilation)","Permanent Neow","Quick Restart","Rare Cards Sparkle","StSLib","SuperFastMode","everything is the same but u backflip on backflip"],"gold_per_floor":[365,365,384,403,65,85,99,99,122,197,229,112,124,154,166,178,178],"floor_reached":16,"language":"KOR","playtime":566,"items_purged":[],"score":204,"play_id":"1ef6b9e9-5f75-47b6-8073-d98b2385eced","local_time":"20210213201935","is_ascension_mode":true,"campfire_choices":[{"floor":8,"key":"REST"},{"floor":13,"key":"REST"},{"data":"Concentrate","floor":15,"key":"SMITH"}],"circlet_count":0,"master_deck":["AscendersBane","Strike_G","Strike_G","Strike_G","Strike_G","Strike_G","Defend_G","Defend_G","Defend_G","Defend_G","Defend_G","Survivor","Neutralize","Injury","Backstab","Dagger Throw","Noxious Fumes","Expertise","Bane","Backflip","Concentrate+1"],"relics":["Ring of the Snake","Dead Branch","Happy Flower","MawBank","Omamori"],"acts_visited":["Exordium"],"potions_floor_usage":[3,7,11,16],"damage_taken":[{"damage":8,"enemies":"Small Slimes","floor":1,"turns":6},{"damage":8,"enemies":"Cultist","floor":3,"turns":5},{"damage":8,"enemies":"Jaw Worm","floor":4,"turns":4},{"damage":17,"enemies":"Large Slime","floor":6,"turns":6},{"damage":7,"enemies":"Red Slaver","floor":7,"turns":4},{"damage":12,"enemies":"3 Sentries","floor":11,"turns":7},{"damage":8,"enemies":"Blue Slaver","floor":14,"turns":3},{"damage":19,"enemies":"Hexaghost","floor":16,"turns":8}],"seed_played":"-1436305357927473431","potions_obtained":[{"floor":1,"key":"ColorlessPotion"},{"floor":3,"key":"Weak Potion"},{"floor":6,"key":"Explosive Potion"},{"floor":14,"key":"Poison Potion"}],"is_trial":false,"path_per_floor":["M","?","M","M","$","M","M","R","T","?","E","?","R","M","R","B"],"character_chosen":"THE_SILENT","items_purchased":["Dead Branch"],"campfire_rested":2,"item_purchase_floors":[5],"current_hp_per_floor":[51,51,43,35,35,18,11,30,30,19,7,7,26,18,18,0,0],"gold":178,"neow_bonus":"TWO_FIFTY_GOLD","is_daily":false,"chose_seed":false,"campfire_upgraded":1,"win_rate":0.0,"timestamp":1613215175,"path_taken":["M","?","M","M","$","M","M","R","T","?","E","?","R","M","R","BOSS"],"items_purchased_type":["Relic"],"build_version":"2020-12-22","purchased_purges":0,"victory":false,"max_hp_per_floor":[66,66,66,66,66,66,66,66,66,66,66,66,66,66,66,66,66],"card_choices":[{"not_picked":["Reflex","Poisoned Stab"],"picked":"Backstab","floor":1},{"not_picked":["Blade Dance","Caltrops"],"picked":"Dagger Throw","floor":3},{"not_picked":["Dagger Spray","Eviscerate"],"picked":"Noxious Fumes","floor":4},{"not_picked":["Dagger Throw","Blur"],"picked":"Expertise","floor":6},{"not_picked":["Expertise","PiercingWail"],"picked":"Bane","floor":7},{"not_picked":["Sucker Punch","Corpse Explosion"],"picked":"Backflip","floor":11},{"not_picked":["Flying Knee","Prepared"],"picked":"Concentrate","floor":14}],"player_experience":977154,"relics_obtained":[{"floor":9,"key":"Happy Flower"},{"floor":11,"key":"MawBank"}],"event_choices":[{"damage_healed":0,"gold_gain":0,"player_choice":"Ignored","damage_taken":0,"max_hp_gain":0,"max_hp_loss":0,"event_name":"Liars Game","floor":2,"gold_loss":0},{"damage_healed":0,"gold_gain":75,"player_choice":"Gather Gold","damage_taken":11,"max_hp_gain":0,"max_hp_loss":0,"event_name":"World of Goop","floor":10,"gold_loss":0},{"damage_healed":0,"gold_gain":0,"player_choice":"Paid Gold","damage_taken":0,"relics_obtained":["Omamori"],"max_hp_gain":0,"max_hp_loss":0,"event_name":"WeMeetAgain","floor":12,"gold_loss":129}],"is_beta":false,"boss_relics":[],"items_purged_floors":[],"is_endless":false,"potions_floor_spawned":[1,3,6,14],"killed_by":"Hexaghost","ascension_level":20}}