{"host":"bgyhjzqafgkxdxsh","time":1613189397,"event":{"mods":["BaseMod","Colored Map","Minty Spire (QoL Compilation)","Relic Stats","StSLib","everything is the same but u backflip on backflip"],"gold_per_floor":[113,127,137,87,9,42,42,42,42,69,80,80,5,39,39,114,114,132,149,149,159,159,193,193,227,279,279,81,101,101,133,133,207,207,219,231,7,7,7,42,42,68,68,97,97,107,125,143,143,143,143,143,30,64,64],"floor_reached":56,"language":"ENG","playtime":3839,"items_purged":["Strike_G","Strike_G"],"score":2065,"play_id":"3c220b76-07fb-43b8-9120-5ba8c281c605","local_time":"20210213140957","is_ascension_mode":true,"campfire_choices":[{"data":"Phantasmal Killer","floor":8.0,"key":"SMITH"},{"floor":12.0,"key":"REST"},{"data":"Prepared","floor":15.0,"key":"SMITH"},{"floor":24.0,"key":"REST"},{"data":"Calculated Gamble","floor":27,"key":"SMITH"},{"data":"Glass Knife","floor":32,"key":"SMITH"},{"data":"Survivor","floor":41,"key":"SMITH"},{"floor":49,"key":"RECALL"},{"data":"Blade Dance","floor":52,"key":"SMITH"}],"circlet_count":0,"master_deck":["AscendersBane","Defend_G","Defend_G","Defend_G","Survivor+1","Phantasmal Killer+1","PiercingWail","Blade Dance+1","Calculated Gamble+1","Dash+1","Dagger Spray+1","Prepared+1","Glass Knife+1","Acrobatics+1","Bouncing Flask+1","Acrobatics+1","Finisher","Footwork+1","Venomology","Decay","Writhe"],"relics":["Ring of the Snake","Kunai","FaceOfCleric","Tingsha","Singing Bowl","Torii","Astrolabe","Du-Vu Doll","Ninja Scroll","MealTicket","Membership Card","Incense Burner","SlaversCollar","Lizard Tail","Juzu Bracelet","Unceasing Top","Blue Candle","Happy Flower","Whetstone","InkBottle"],"acts_visited":["Exordium","TheCity","TheBeyond","TheEnding"],"potions_floor_usage":[25,29,31,31,33,33,40,42,44,46,50,50,54,54,55,55],"damage_taken":[{"damage":2.0,"enemies":"2 Louse","floor":1.0,"turns":4.0},{"damage":1.0,"enemies":"Jaw Worm","floor":2.0,"turns":3.0},{"damage":0.0,"enemies":"Cultist","floor":3.0,"turns":3.0},{"damage":30.0,"enemies":"3 Sentries","floor":6.0,"turns":9.0},{"damage":6.0,"enemies":"Gremlin Nob","floor":10.0,"turns":3.0},{"damage":0.0,"enemies":"Red Slaver","floor":11.0,"turns":3.0},{"damage":4.0,"enemies":"3 Sentries","floor":14.0,"turns":6.0},{"damage":17.0,"enemies":"Hexaghost","floor":16.0,"turns":12.0},{"damage":0.0,"enemies":"3 Byrds","floor":18.0,"turns":3.0},{"damage":10.0,"enemies":"Shell Parasite","floor":19.0,"turns":4.0},{"damage":7.0,"enemies":"3 Cultists","floor":21.0,"turns":4.0},{"damage":17.0,"enemies":"Snake Plant","floor":22.0,"turns":4.0},{"damage":58.0,"enemies":"Book of Stabbing","floor":23.0,"turns":8.0},{"damage":0,"enemies":"Gremlin Leader","floor":25,"turns":6},{"damage":1,"enemies":"Chosen and Byrds","floor":29,"turns":3},{"damage":0,"enemies":"Book of Stabbing","floor":31,"turns":2},{"damage":33,"enemies":"Automaton","floor":33,"turns":5},{"damage":0,"enemies":"Orb Walker","floor":35,"turns":2},{"damage":12,"enemies":"3 Darklings","floor":36,"turns":2},{"damage":14,"enemies":"Nemesis","floor":40,"turns":3},{"damage":7,"enemies":"Giant Head","floor":42,"turns":3},{"damage":12,"enemies":"Reptomancer","floor":44,"turns":7},{"damage":0,"enemies":"Spire Growth","floor":46,"turns":3},{"damage":2,"enemies":"4 Shapes","floor":47,"turns":5},{"damage":25,"enemies":"Maw","floor":48,"turns":5},{"damage":44,"enemies":"Time Eater","floor":50,"turns":8},{"damage":86,"enemies":"Shield and Spear","floor":54,"turns":8},{"damage":93,"enemies":"The Heart","floor":55,"turns":11}],"seed_played":"6487557904096111104","potions_obtained":[{"floor":1.0,"key":"GamblersBrew"},{"floor":2.0,"key":"SmokeBomb"},{"floor":11.0,"key":"FairyPotion"},{"floor":29,"key":"ColorlessPotion"},{"floor":31,"key":"FearPotion"},{"floor":33,"key":"FearPotion"},{"floor":35,"key":"CultistPotion"},{"floor":46,"key":"CultistPotion"}],"is_trial":false,"path_per_floor":["M","M","M","?","$","E","?","R","T","E","M","R","$","E","R","B",null,"M","M","?","M","M","E","R","E","T","R","$","M","?","E","R","B",null,"M","M","$","?","?","E","R","E","T","E","?","M","M","M","R","B",null,"R","$","E","B",null],"character_chosen":"THE_SILENT","items_purchased":["Dash","Membership Card","Lizard Tail","Juzu Bracelet","Whetstone","LiquidBronze"],"campfire_rested":2,"item_purchase_floors":[5,28,37,37,53,53],"current_hp_per_floor":[57,56,56,56,56,26,26,26,26,21,24,45,45,44,44,28,63,66,57,57,51,35,3,27,30,30,30,45,47,47,50,50,20,75,78,69,84,84,84,73,73,69,69,75,102,105,106,84,84,41,99,99,114,31,8],"gold":64,"neow_bonus":"ONE_RANDOM_RARE_CARD","is_daily":false,"chose_seed":false,"campfire_upgraded":6,"win_rate":0.0,"timestamp":1613189397,"path_taken":["M","M","M","?","$","E","?","R","T","E","?","R","?","E","R","BOSS","M","M","?","M","?","E","R","E","T","R","$","M","?","E","R","BOSS","M","M","$","?","?","E","R","E","T","E","?","M","M","M","R","BOSS","R","$","E","BOSS"],"items_purchased_type":["Card","Relic","Relic","Relic","Relic","Potion"],"build_version":"2020-12-22","purchased_purges":2,"victory":true,"max_hp_per_floor":[66,66,66,66,66,66,66,66,66,67,70,70,70,73,73,74,74,77,78,78,79,80,81,81,84,84,84,84,87,87,90,90,93,93,96,99,99,99,99,102,102,105,105,108,108,111,114,117,117,118,118,118,118,121,122],"relic_stats":{"Singing Bowl":32,"Torii":115,"Happy Flower":[13],"counters":[28,139],"Astrolabe":["Acrobatics","Bouncing Flask","Acrobatics"],"Blue Candle":[5],"Tingsha":[897],"Juzu Bracelet":1,"Whetstone":["Dash","Dagger Spray"],"Lizard Tail":60,"FaceOfCleric":24,"MealTicket":45,"Kunai":[67],"obtain_stats":[{"Singing Bowl":10,"Torii":14,"Happy Flower":44,"Astrolabe":17,"Blue Candle":42,"Tingsha":9,"Incense Burner":31,"Juzu Bracelet":37,"Whetstone":53,"Du-Vu Doll":23,"SlaversCollar":34,"Lizard Tail":37,"FaceOfCleric":7,"Ninja Scroll":25,"MealTicket":26,"Kunai":6,"Membership Card":28,"Unceasing Top":40,"InkBottle":54,"Ring of the Snake":0},{"Singing Bowl":5,"Torii":7,"Happy Flower":22,"Astrolabe":8,"Blue Candle":21,"Tingsha":4,"Incense Burner":16,"Juzu Bracelet":19,"Whetstone":26,"Du-Vu Doll":13,"SlaversCollar":17,"Lizard Tail":19,"FaceOfCleric":4,"Ninja Scroll":14,"MealTicket":14,"Kunai":4,"Membership Card":14,"Unceasing Top":20,"InkBottle":27,"Ring of the Snake":0},{"Singing Bowl":22,"Torii":31,"Happy Flower":99,"Astrolabe":43,"Blue Candle":92,"Tingsha":19,"Incense Burner":77,"Juzu Bracelet":86,"Whetstone":120,"Du-Vu Doll":66,"SlaversCollar":82,"Lizard Tail":86,"FaceOfCleric":19,"Ninja Scroll":72,"MealTicket":72,"Kunai":19,"Membership Card":72,"Unceasing Top":89,"InkBottle":128,"Ring of the Snake":0}],"Unceasing Top":[10],"InkBottle":[7],"Ring of the Snake":[56]},"card_choices":[{"not_picked":["Expertise","Acrobatics"],"picked":"PiercingWail","floor":1.0},{"not_picked":["Acrobatics","Dagger Throw"],"picked":"Blade Dance","floor":2.0},{"not_picked":["Quick Slash","Outmaneuver"],"picked":"Calculated Gamble","floor":3.0},{"not_picked":["Cloak And Dagger","Underhanded Strike"],"picked":"Dagger Spray","floor":6.0},{"not_picked":["Deadly Poison","PiercingWail"],"picked":"Prepared","floor":10.0},{"not_picked":["Flechettes","Deadly Poison","Backflip"],"picked":"Singing Bowl","floor":11.0},{"not_picked":["Night Terror","Grand Finale","Poisoned Stab"],"picked":"Singing Bowl","floor":14.0},{"not_picked":["Doppelganger","A Thousand Cuts"],"picked":"Glass Knife","floor":16.0},{"not_picked":["Caltrops","Acrobatics","Cloak And Dagger"],"picked":"Singing Bowl","floor":18.0},{"not_picked":["Slice","Blur"],"picked":"Finisher","floor":19.0},{"not_picked":["PiercingWail","Flechettes"],"picked":"Footwork+1","floor":21.0},{"not_picked":["Skewer","Acrobatics+1"],"picked":"Venomology","floor":23.0},{"not_picked":["Quick Slash","Prepared","Slice+1"],"picked":"Singing Bowl","floor":25},{"not_picked":["Dagger Throw","Choke","Skewer"],"picked":"Singing Bowl","floor":29},{"not_picked":["Slice","Concentrate","PiercingWail"],"picked":"Singing Bowl","floor":31},{"not_picked":["Venomology","A Thousand Cuts","Phantasmal Killer"],"picked":"Singing Bowl","floor":33},{"not_picked":["Deadly Poison+1","Dagger Throw","Skewer"],"picked":"Singing Bowl","floor":35},{"not_picked":["Bane","Infinite Blades","Concentrate"],"picked":"Singing Bowl","floor":36},{"not_picked":["PiercingWail+1","Slice","Backstab"],"picked":"Singing Bowl","floor":40},{"not_picked":["Footwork","Quick Slash","Prepared"],"picked":"Singing Bowl","floor":42},{"not_picked":["Flying Knee+1","Adrenaline","Deflect+1"],"picked":"Singing Bowl","floor":44},{"not_picked":["Outmaneuver","Sucker Punch","Dagger Throw+1"],"picked":"Singing Bowl","floor":46},{"not_picked":["Dagger Throw","Prepared","All Out Attack"],"picked":"Singing Bowl","floor":47},{"not_picked":["Slice","Quick Slash+1","Dodge and Roll"],"picked":"Singing Bowl","floor":48},{"not_picked":["Deflect+1","Dodge and Roll","Expertise"],"picked":"Singing Bowl","floor":54}],"player_experience":515031,"relics_obtained":[{"floor":6.0,"key":"Kunai"},{"floor":9.0,"key":"Tingsha"},{"floor":10.0,"key":"Singing Bowl"},{"floor":14.0,"key":"Torii"},{"floor":23.0,"key":"Du-Vu Doll"},{"floor":25,"key":"Ninja Scroll"},{"floor":26,"key":"MealTicket"},{"floor":31,"key":"Incense Burner"},{"floor":40,"key":"Unceasing Top"},{"floor":42,"key":"Blue Candle"},{"floor":44,"key":"Happy Flower"},{"floor":54,"key":"InkBottle"}],"event_choices":[{"cards_removed":["Defend_G"],"damage_healed":0.0,"max_hp_gain":0.0,"max_hp_loss":0.0,"gold_gain":0.0,"event_name":"The Cleric","player_choice":"Card Removal","floor":4.0,"gold_loss":50.0,"damage_taken":0.0},{"damage_healed":0.0,"max_hp_gain":0.0,"max_hp_loss":0.0,"gold_gain":0.0,"event_name":"FaceTrader","player_choice":"Trade","floor":7.0,"gold_loss":0.0,"damage_taken":0.0,"relics_obtained":["FaceOfCleric"]},{"damage_healed":0.0,"max_hp_gain":0.0,"max_hp_loss":0.0,"gold_gain":0.0,"event_name":"The Woman in Blue","player_choice":"Bought 0 Potions","floor":20.0,"gold_loss":0.0,"damage_taken":0.0},{"damage_healed":0,"gold_gain":0,"player_choice":"Smashed Altar","damage_taken":0,"max_hp_gain":0,"max_hp_loss":0,"event_name":"Forgotten Altar","floor":30,"gold_loss":0,"cards_obtained":["Decay"]},{"cards_removed":["Strike_G"],"damage_healed":0,"gold_gain":0,"player_choice":"Purged","damage_taken":0,"max_hp_gain":0,"max_hp_loss":0,"event_name":"Purifier","floor":38,"gold_loss":0},{"cards_removed":["Neutralize"],"damage_healed":0,"gold_gain":0,"player_choice":"Removed Attack","damage_taken":0,"max_hp_gain":0,"max_hp_loss":0,"event_name":"Falling","floor":39,"gold_loss":0},{"damage_healed":27,"gold_gain":0,"player_choice":"Writhe","damage_taken":0,"max_hp_gain":0,"max_hp_loss":0,"event_name":"Winding Halls","floor":45,"gold_loss":0,"cards_obtained":["Writhe"]}],"is_beta":false,"boss_relics":[{"not_picked":["Pandora\u0027s Box","Snecko Eye"],"picked":"Astrolabe"},{"not_picked":["Tiny House","Fusion Hammer"],"picked":"SlaversCollar"}],"items_purged_floors":[13,28],"is_endless":false,"potions_floor_spawned":[1,2,11,16,29,31,33,35,42,46,48],"ascension_level":14}}