{"host":"qc8gw3x1c8jlo9fx","time":1613194064,"event":{"mods":["AchievementEnabler","BaseMod","Better Note","BetterRewards","Conspire","Hubris","Infinite Spire","Jedi Mod","Minty Spire (QoL Compilation)","Reliquary","Replay The Spire","StSLib","The IronCluck"],"gold_per_floor":[114,114,114,114,129,159,159,174,199,229,229,259,274,304,304,404,404,419,419,269,284,284,314,314,314,314,64,94,94,109,124,124,124,124],"floor_reached":33,"language":"ENG","playtime":1646,"items_purged":[],"score":311,"play_id":"beefb864-c91a-47ed-942d-6840875ee8f7","local_time":"20210212222744","daily_mods":["SealedDeck","Colorless Cards","Elite Swarm"],"is_ascension_mode":false,"campfire_choices":[{"floor":7,"key":"REST"},{"floor":15,"key":"REST"},{"data":"Inflame","floor":15,"key":"SMITH"},{"floor":24,"key":"REST"},{"data":"jedi:fear","floor":24,"key":"SMITH"},{"floor":29,"key":"REST"},{"data":"Cleave","floor":29,"key":"SMITH"},{"floor":32,"key":"REST"},{"data":"Replay:Dark Deal","floor":32,"key":"SMITH"}],"circlet_count":0,"master_deck":["Cleave+1","Perfected Strike","Perfected Strike","Anger","Anger","Flex","Anger","Inflame+1","Armaments","jedi:fear+1","Rampage","Juggernaut","Shrug It Off","Replay:Dark Deal","The Bomb","Deep Breath","Juggernaut","Reaper","Shrug It Off","Blade Dance","Heavy Blade","Replay:Dark Deal+1","Decay","Double Tap","Clothesline"],"relics":["Burning Blood","hubris:Icosahedron","hubris:Zylophone","reliquary:SilkGlove","Bag of Preparation","hubris:CrystalStatue","Replay:Mystery Machine","infinitespire:Magic Flask","hubris:HollowSoul","Red Skull","hubris:64BitClover","Unceasing Top","ReplayFunnel","infinitespire:ShieldingShard","MealTicket"],"acts_visited":["Exordium","TheCity"],"potions_floor_usage":[16,28,31,33],"damage_taken":[{"damage":11,"enemies":"Jaw Worm","floor":1,"turns":2},{"damage":0,"enemies":"2 Louse","floor":5,"turns":1},{"damage":31,"enemies":"Lagavulin","floor":6,"turns":4},{"damage":0,"enemies":"Cultist","floor":8,"turns":2},{"damage":1,"enemies":"Replay:BlueRogue","floor":10,"turns":4},{"damage":18,"enemies":"Lagavulin","floor":12,"turns":3},{"damage":0,"enemies":"Exordium Wildlife","floor":13,"turns":2},{"damage":6,"enemies":"Gremlin Nob","floor":14,"turns":3},{"damage":42,"enemies":"Hexaghost","floor":16,"turns":4},{"damage":31,"enemies":"Chosen","floor":18,"turns":5},{"damage":0,"enemies":"Spheric Guardian","floor":21,"turns":2},{"damage":40,"enemies":"Gremlin Leader","floor":23,"turns":4},{"damage":39,"enemies":"conspire:Head Lice","floor":28,"turns":5},{"damage":39,"enemies":"Snake Plant","floor":30,"turns":4},{"damage":0,"enemies":"Sentry and Sphere","floor":31,"turns":3},{"damage":16,"enemies":"hubris:MusketHawk","floor":33,"turns":4}],"seed_played":"6099103822572544471","potions_obtained":[{"floor":1,"key":"SkillPotion"},{"floor":5,"key":"jedi:StrikingPotion"},{"floor":8,"key":"Swift Potion"},{"floor":10,"key":"ElixirPotion"},{"floor":14,"key":"BloodPotion"},{"floor":18,"key":"jedi:tentaclejuice"},{"floor":21,"key":"BlessingOfTheForge"},{"floor":31,"key":"PowerPotion"}],"is_trial":false,"path_per_floor":["M","?","$","?","M","E","R","M","T","E","T","E","M","E","R","B",null,"M","?","$","M","AVR","E","R","?","T","$","E","R","M","M","R","B"],"character_chosen":"IRONCLAD","items_purchased":["Red Skull","infinitespire:ShieldingShard"],"campfire_rested":5,"item_purchase_floors":[20,27],"current_hp_per_floor":[75,75,75,80,80,55,79,80,80,80,80,68,74,74,80,44,80,55,55,55,61,61,27,51,51,51,51,42,66,33,39,63,0,0],"gold":124,"neow_bonus":"","is_daily":true,"chose_seed":false,"campfire_upgraded":4,"win_rate":0.0,"timestamp":1613194064,"path_taken":["M","?","$","?","M","E","R","?","T","E","?","E","?","E","R","BOSS","M","?","?","?","AVR","E","R","?","T","$","E","R","?","M","R","BOSS"],"items_purchased_type":["Relic","Relic"],"build_version":"2020-12-22","purchased_purges":0,"victory":false,"max_hp_per_floor":[80,80,80,80,80,80,80,80,80,80,80,80,80,80,80,80,80,80,80,80,80,80,80,80,80,80,80,80,80,80,80,80,80,80],"card_choices":[{"not_picked":["Clash","Blood for Blood"],"picked":"Run Through","floor":1},{"not_picked":["Impatience","Replay:Undeath\u0027s Touch"],"picked":"Rampage","floor":5},{"not_picked":["Demon Form","Brutality"],"picked":"Juggernaut","floor":6},{"not_picked":["Reckless Charge","conspire:Charge"],"picked":"Shrug It Off","floor":8},{"not_picked":["Magnetism","Juggernaut"],"picked":"Replay:Dark Deal","floor":10},{"not_picked":["Transmutation","Juggernaut"],"picked":"The Bomb","floor":12},{"not_picked":["Havoc","Defy Death"],"picked":"Deep Breath","floor":13},{"not_picked":["ReplayTheSpireMod:Brewmster","Crow Ritual"],"picked":"Juggernaut","floor":14},{"not_picked":["conspire:Purge","Thinking Ahead"],"picked":"Reaper","floor":16},{"not_picked":["Clash+1","Swift Strike"],"picked":"Shrug It Off","floor":18},{"not_picked":["Body Slam","Bloodletting"],"picked":"Heavy Blade","floor":21},{"not_picked":["jedi:RedIncense","jedi:bloodyhammer"],"picked":"Replay:Dark Deal","floor":23},{"not_picked":["Demonic Infusion","Fiend Fire"],"picked":"Double Tap","floor":28},{"not_picked":["Carnage","Combust"],"picked":"Clothesline","floor":30},{"not_picked":["Body Slam","Sever Soul","Specialist"],"picked":"SKIP","floor":31}],"player_experience":212914,"relics_obtained":[{"floor":6,"key":"hubris:Zylophone"},{"floor":9,"key":"reliquary:SilkGlove"},{"floor":10,"key":"Bag of Preparation"},{"floor":11,"key":"hubris:CrystalStatue"},{"floor":12,"key":"Replay:Mystery Machine"},{"floor":14,"key":"infinitespire:Magic Flask"},{"floor":23,"key":"Unceasing Top"},{"floor":26,"key":"ReplayFunnel"},{"floor":28,"key":"MealTicket"}],"event_choices":[{"cards_removed":["Run Through"],"damage_healed":5,"gold_gain":0,"player_choice":"Offered Common","damage_taken":0,"max_hp_gain":0,"max_hp_loss":0,"event_name":"Bonfire Elementals","floor":4,"gold_loss":0},{"cards_removed":["Run Through"],"damage_healed":5,"gold_gain":0,"player_choice":"Offered Special","damage_taken":0,"max_hp_gain":0,"max_hp_loss":0,"event_name":"Bonfire Elementals","floor":4,"gold_loss":0},{"damage_healed":0,"gold_gain":0,"player_choice":"Read","damage_taken":0,"max_hp_gain":0,"max_hp_loss":0,"event_name":"The Library","floor":19,"gold_loss":0,"cards_obtained":["Blade Dance"]},{"damage_healed":0,"gold_gain":0,"player_choice":"Cursed","damage_taken":0,"max_hp_gain":0,"max_hp_loss":0,"event_name":"Wheel of Change","floor":25,"gold_loss":0,"cards_obtained":["Decay"]}],"is_beta":false,"boss_relics":[{"not_picked":["conspire:RoyalGoblet","jedi:battlestandard"],"picked":"hubris:HollowSoul"}],"items_purged_floors":[],"is_endless":false,"potions_floor_spawned":[1,5,8,10,14,18,21,31],"killed_by":"hubris:MusketHawk","ascension_level":0}}