{"host":"z8k0b1oqxoiri7b9","time":1613186134,"event":{"mods":["AchievementEnabler","BaseMod","Downfall","Minty Spire (QoL Compilation)","StSLib"],"gold_per_floor":[99,109,109,123,33,33,84,84,103,88,120,133,153,166,183,281,281,281,296,308,393,493,512,512,512,512,529,561,280,280,296,311,410,410,410,427,438,150,150,150,150,356,369,288,299,146,163,218,234,234],"floor_reached":51,"language":"ENG","playtime":2726,"items_purged":["Slimebound:Strike_Slimebound","Slimebound:Grow","Slimebound:Defend_Slimebound"],"score":763,"play_id":"24e174f5-b63d-4059-b6b0-0916ee6e17db","local_time":"20210213111534","is_ascension_mode":true,"campfire_choices":[{"data":"Slimebound:SlimeSlap","floor":1,"key":"SMITH"},{"data":"Slimebound:Split","floor":8,"key":"SMITH"},{"data":"Slimebound:CorrosiveSpit","floor":18,"key":"SMITH"},{"data":"Decay","floor":25,"key":"PURGE"},{"data":"Slimebound:Defend_Slimebound","floor":30,"key":"PURGE"},{"data":"Slimebound:Defend_Slimebound","floor":35,"key":"PURGE"},{"data":"Slimebound:DouseInSlime","floor":40,"key":"SMITH"}],"circlet_count":0,"master_deck":["Slimebound:Split+1","Slimebound:CorrosiveSpit+1","Slimebound:SlimeSlap+1","Slimebound:LeechingTouch+1","Slimebound:Schlurp","Slimebound:Schlurp","Slimebound:OozeBath","expansioncontent:QuickStudy","Slimebound:LeadByExample+1","Slimebound:DouseInSlime+1","Slimebound:FormOfPuddle","Slimebound:AcidTongue+1"],"relics":["Slimebound:AbsorbEndCombat","MealTicket","Pear","Runic Pyramid","Potion Belt","Peace Pipe","Pen Nib","Sozu","Anchor","Molten Egg 2","HandDrill","Whetstone","Bird Faced Urn"],"acts_visited":["Exordium","TheCity","TheBeyond"],"potions_floor_usage":[16,50,50],"damage_taken":[{"damage":4,"enemies":"Small Slimes","floor":2,"turns":4},{"damage":1,"enemies":"Cultist","floor":4,"turns":4},{"damage":10,"enemies":"downfall:FleeingMerchant","floor":5,"turns":4},{"damage":9,"enemies":"Jaw Worm","floor":9,"turns":3},{"damage":7,"enemies":"downfall:FleeingMerchant","floor":10,"turns":4},{"damage":38,"enemies":"Gremlin Nob","floor":11,"turns":5},{"damage":9,"enemies":"Large Slime","floor":12,"turns":6},{"damage":16,"enemies":"Lots of Slimes","floor":13,"turns":4},{"damage":2,"enemies":"3 Louse","floor":14,"turns":4},{"damage":7,"enemies":"Blue Slaver","floor":15,"turns":4},{"damage":22,"enemies":"IC_STATUS_ARCHETYPE","floor":16,"turns":9},{"damage":12,"enemies":"Spheric Guardian","floor":19,"turns":4},{"damage":2,"enemies":"Shell Parasite","floor":20,"turns":4},{"damage":2,"enemies":"downfall:LadyInBlue","floor":22,"turns":6},{"damage":45,"enemies":"Centurion and Healer","floor":23,"turns":6},{"damage":10,"enemies":"Snake Plant","floor":27,"turns":3},{"damage":11,"enemies":"Book of Stabbing","floor":28,"turns":5},{"damage":4,"enemies":"downfall:FleeingMerchant","floor":29,"turns":4},{"damage":9,"enemies":"Snecko","floor":31,"turns":5},{"damage":0,"enemies":"3 Cultists","floor":32,"turns":3},{"damage":16,"enemies":"WA_ARCHETYPE_CALM","floor":33,"turns":7},{"damage":11,"enemies":"3 Shapes","floor":36,"turns":4},{"damage":9,"enemies":"3 Darklings","floor":37,"turns":5},{"damage":0,"enemies":"downfall:FleeingMerchant","floor":38,"turns":4},{"damage":0,"enemies":"downfall:FleeingMerchant","floor":42,"turns":1},{"damage":11,"enemies":"Sphere and 2 Shapes","floor":43,"turns":4},{"damage":1,"enemies":"Spire Growth","floor":45,"turns":5},{"damage":38,"enemies":"Writhing Mass","floor":47,"turns":5},{"damage":10,"enemies":"2 Orb Walkers","floor":48,"turns":4},{"damage":29,"enemies":"3 Darklings","floor":49,"turns":4},{"damage":43,"enemies":"DF_ARCHETYPE_ORBS","floor":50,"turns":6}],"seed_played":"6363114952004743481","potions_obtained":[{"floor":2,"key":"champ:CounterPotion"},{"floor":11,"key":"SpeedPotion"},{"floor":12,"key":"SkillPotion"},{"floor":22,"key":"Weak Potion"},{"floor":22,"key":"FairyPotion"},{"floor":22,"key":"SneckoOil"},{"floor":22,"key":"SneckoOil"},{"floor":28,"key":"hexamod:SoulburnPotion"}],"is_trial":false,"path_per_floor":["R","M","?","M","$","?","T","R","M","$","E","M","M","M","M","B",null,"R","M","M","?","?","M","T","R","?","M","E","$","R","M","M","B",null,"R","M","M","?","?","R","T","$","M","$","M","$","M","?","M","B",null],"character_chosen":"SLIMEBOUND","items_purchased":["expansioncontent:QuickStudy","Anchor","HandDrill","Slimebound:FormOfPuddle","Whetstone"],"campfire_rested":0,"item_purchase_floors":[29,38,42,44,46],"current_hp_per_floor":[47,47,47,52,46,46,46,46,41,57,37,32,22,26,25,9,75,75,67,73,61,67,28,28,28,28,24,17,34,34,31,39,31,75,75,68,67,75,75,75,75,75,68,75,75,75,39,37,18,11],"gold":234,"neow_bonus":"THREE_RARE_CARDS","is_daily":false,"chose_seed":false,"campfire_upgraded":4,"win_rate":0.0,"timestamp":1613186134,"path_taken":["R","M","?","M","$","?","T","R","M","$","E","?","M","M","M","BOSS","R","M","M","?","?","?","T","R","?","M","E","$","R","M","M","BOSS","R","M","M","?","?","R","T","?","M","$","?","$","M","?","M","BOSS"],"items_purchased_type":["Card","Relic","Relic","Card","Relic"],"build_version":"2020-12-22","purchased_purges":3,"victory":true,"max_hp_per_floor":[65,65,65,65,65,65,65,65,65,65,75,75,75,75,75,75,75,75,75,75,75,75,75,75,75,75,75,75,75,75,75,75,75,75,75,75,75,75,75,75,75,75,75,75,75,75,75,75,75,75],"card_choices":[{"not_picked":["Slimebound:WasteNot","Slimebound:MassRepurpose"],"picked":"Slimebound:SlimeSlap","floor":0},{"not_picked":["Slimebound:Nibble","Slimebound:LeechEnergy"],"picked":"Slimebound:LeechingTouch","floor":2},{"not_picked":["Slimebound:SplitBruiser","Slimebound:GoopTackle"],"picked":"Slimebound:Grow","floor":4},{"not_picked":["Slimebound:PressTheAttack","Slimebound:FlameTackle","Slimebound:ComboTackle"],"picked":"SKIP","floor":5},{"not_picked":["Slimebound:Nibble","Slimebound:Grow","Slimebound:PressTheAttack"],"picked":"SKIP","floor":9},{"not_picked":["Slimebound:SlimeTap","Slimebound:LeechEnergy"],"picked":"Slimebound:Schlurp","floor":10},{"not_picked":["Slimebound:FinishingTackle","Slimebound:SplitAcid"],"picked":"Slimebound:Schlurp","floor":11},{"not_picked":["Slimebound:PressTheAttack","Slimebound:SlimeSpikes","Slimebound:GoopTackle"],"picked":"SKIP","floor":12},{"not_picked":["Slimebound:Repurpose","Slimebound:Chomp","Slimebound:SlimeBarrage"],"picked":"SKIP","floor":13},{"not_picked":["Slimebound:WasteNot","Slimebound:SplitBruiser","Slimebound:Nibble"],"picked":"SKIP","floor":14},{"not_picked":["Slimebound:GoopTackle","Slimebound:PressTheAttack","Slimebound:GoopSpray"],"picked":"SKIP","floor":15},{"not_picked":["Slimebound:SpikyOuterGoop+1","Slimebound:SplitBruiser","Slimebound:LevelUp"],"picked":"SKIP","floor":19},{"not_picked":["Slimebound:MegaLick+1","Slimebound:SplitLeeching","Slimebound:LeechingTouch"],"picked":"SKIP","floor":20},{"not_picked":["Slimebound:LeechingTouch+1","Slimebound:RollThrough"],"picked":"Slimebound:Schlurp","floor":22},{"not_picked":["Slimebound:SlimeSpikes+1","Slimebound:Chomp","Slimebound:SlimeBarrage"],"picked":"SKIP","floor":23},{"not_picked":["Slimebound:Prepare","Slimebound:SlimeTap","Slimebound:LeechEnergy"],"picked":"SKIP","floor":27},{"not_picked":["Slimebound:DivideAndConquer","Slimebound:GrowthPunch+1","Slimebound:RejuvenatingLick"],"picked":"SKIP","floor":28},{"not_picked":["Slimebound:SplitBruiser+1","Slimebound:ItLooksTasty"],"picked":"Slimebound:OozeBath","floor":29},{"not_picked":["Slimebound:SplitAcid","Slimebound:LeechEnergy+1","Slimebound:ComboTackle"],"picked":"SKIP","floor":31},{"not_picked":["Slimebound:SamplingLick","Slimebound:SlimeTap"],"picked":"Slimebound:LeadByExample+1","floor":32},{"not_picked":["Slimebound:MassFeed","Slimebound:Teamwork"],"picked":"Slimebound:DouseInSlime","floor":33},{"not_picked":["Slimebound:HauntingLick","Slimebound:RollThrough","Slimebound:SplitMire+1"],"picked":"SKIP","floor":36},{"not_picked":["Slimebound:PressTheAttack","Slimebound:LevelUp","Slimebound:SplitLeeching+1"],"picked":"SKIP","floor":37},{"not_picked":["Slimebound:ProtectTheBoss","Slimebound:Teamwork","Slimebound:Replication+1"],"picked":"SKIP","floor":38},{"not_picked":["Slimebound:SamplingLick","Slimebound:ProtectTheBoss+1","Slimebound:SplitLeeching"],"picked":"SKIP","floor":42},{"not_picked":["Slimebound:TongueLash+1","Slimebound:SplitAcid+1","Slimebound:Dissolve+1"],"picked":"SKIP","floor":43},{"not_picked":["Slimebound:PressTheAttack+1","Slimebound:ProtectTheBoss+1","Slimebound:SamplingLick+1"],"picked":"SKIP","floor":45},{"not_picked":["Slimebound:LivingWall+1","Slimebound:GoopSpray","Slimebound:Prepare+1"],"picked":"SKIP","floor":47},{"not_picked":["Slimebound:Repurpose+1","Slimebound:GoopSpray+1"],"picked":"Slimebound:AcidTongue+1","floor":49}],"player_experience":196245,"relics_obtained":[{"floor":7,"key":"MealTicket"},{"floor":11,"key":"Pear"},{"floor":22,"key":"Potion Belt"},{"floor":24,"key":"Peace Pipe"},{"floor":28,"key":"Pen Nib"},{"floor":41,"key":"Molten Egg 2"},{"floor":48,"key":"Bird Faced Urn"}],"event_choices":[{"cards_removed":["Slimebound:Schlurp"],"damage_healed":0,"gold_gain":0,"player_choice":"Removed Skill","damage_taken":0,"max_hp_gain":0,"max_hp_loss":0,"event_name":"Falling","floor":39,"gold_loss":0},{"damage_healed":0,"gold_gain":0,"player_choice":"Fight","damage_taken":0,"max_hp_gain":0,"max_hp_loss":0,"event_name":"Mysterious Sphere","floor":48,"gold_loss":0}],"is_beta":false,"boss_relics":[{"not_picked":["bronze:MakeshiftBattery","Snecko Eye"],"picked":"Runic Pyramid"},{"not_picked":["Calling Bell","Velvet Choker"],"picked":"Sozu"}],"items_purged_floors":[5,29,38],"is_endless":false,"potions_floor_spawned":[2,11,12,14,15,22,27,28,43,47,49],"ascension_level":2}}