{"host":"y0i0tbisecj7yjyn","time":1613242440,"event":{"mods":["AchievementEnabler","AlwaysNeverKeys","BaseMod","BetterRewards","Colored Map","Colored Powertips","Curses Come First","Disable Question Mark Monsters","Displayed Cursed Tome","Highlight Path","Keyboard Shortcuts","Minty Spire (QoL Compilation)","Quick Restart","Random Character Button","Rare Cards Sparkle","StSLib","SuperFastMode","Transform Curses","Weighted Paths"],"gold_per_floor":[111,129,129,149,2,2,38,38,38,38,38,38,62,237,237,360,360,378,303,303,303,318,318,339,357,357,357,370,370,395,395,395,395,395],"floor_reached":33,"language":"ENG","playtime":2014,"items_purged":[],"score":235,"play_id":"56267be0-1ed6-49eb-840e-fca06eb2c1f3","local_time":"20210213125400","is_ascension_mode":false,"campfire_choices":[{"floor":8.0,"key":"REST"},{"floor":12.0,"key":"REST"},{"data":"Eruption","floor":15.0,"key":"SMITH"},{"floor":23.0,"key":"REST"},{"floor":27,"key":"REST"},{"floor":29,"key":"REST"},{"data":"Collect","floor":32,"key":"SMITH"}],"circlet_count":0,"master_deck":["Strike_P","Strike_P","Strike_P","Strike_P","Defend_P","Defend_P+1","Defend_P","Defend_P","Eruption+1","Vigilance","Pray+1","EmptyBody","DeusExMachina","SignatureMove","MasterReality","EmptyFist","JustLucky","Devotion","FlurryOfBlows","Collect+1","DeceiveReality","Protect+1","Worship+1","Worship","Swivel"],"relics":["PureWater","Bronze Scales","Bloody Idol","Odd Mushroom","Boot","Darkstone Periapt","Black Star","Matryoshka"],"acts_visited":["Exordium","TheCity"],"potions_floor_usage":[25,28,30,30],"damage_taken":[{"damage":0.0,"enemies":"Small Slimes","floor":1.0,"turns":3.0},{"damage":2.0,"enemies":"Cultist","floor":2.0,"turns":3.0},{"damage":3.0,"enemies":"Jaw Worm","floor":4.0,"turns":4.0},{"damage":13.0,"enemies":"The Mushroom Lair","floor":7.0,"turns":5.0},{"damage":5.0,"enemies":"Large Slime","floor":13.0,"turns":6.0},{"damage":30.0,"enemies":"Slime Boss","floor":16.0,"turns":7.0},{"damage":40.0,"enemies":"2 Thieves","floor":18.0,"turns":5.0},{"damage":13.0,"enemies":"Shell Parasite","floor":22.0,"turns":5.0},{"damage":2,"enemies":"3 Cultists","floor":24,"turns":5},{"damage":17,"enemies":"Snake Plant","floor":25,"turns":4},{"damage":7,"enemies":"Chosen and Byrds","floor":28,"turns":3},{"damage":0,"enemies":"Sentry and Sphere","floor":30,"turns":3},{"damage":68,"enemies":"Collector","floor":33,"turns":7}],"seed_played":"8116079921175966374","potions_obtained":[{"floor":0.0,"key":"Ambrosia"},{"floor":0.0,"key":"Strength Potion"},{"floor":0.0,"key":"LiquidBronze"},{"floor":1.0,"key":"LiquidMemories"},{"floor":16.0,"key":"SkillPotion"},{"floor":18.0,"key":"Explosive Potion"},{"floor":28,"key":"PowerPotion"}],"is_trial":false,"path_per_floor":["M","M","?","M","$","?","?","R","T","?","?","R","M","?","R","B",null,"M","?","?","?","M","R","M","M","T","R","M","R","M","?","R","B"],"character_chosen":"WATCHER","items_purchased":["Bronze Scales"],"campfire_rested":5,"item_purchase_floors":[5],"current_hp_per_floor":[72,70,70,67,67,49,36,57,57,50,36,57,52,58,58,28,78,38,38,38,38,25,48,46,29,29,52,45,68,68,68,68,0,0],"gold":395,"neow_bonus":"THREE_SMALL_POTIONS","is_daily":false,"chose_seed":false,"campfire_upgraded":2,"win_rate":0.0,"timestamp":1613242440,"path_taken":["M","M","?","?","$","?","?","R","T","?","?","R","?","?","R","BOSS","M","?","?","?","?","R","M","M","T","R","M","R","M","?","R","BOSS"],"items_purchased_type":["Relic"],"build_version":"2020-12-22","purchased_purges":0,"victory":false,"max_hp_per_floor":[72,72,72,72,72,72,72,72,72,72,72,72,72,78,78,78,78,78,78,78,78,78,78,78,78,78,78,78,78,78,78,78,78,78],"card_choices":[{"not_picked":["Sanctity","SashWhip"],"picked":"Pray","floor":1.0},{"not_picked":["CrushJoints","ThirdEye"],"picked":"EmptyBody","floor":2.0},{"not_picked":["JustLucky","SignatureMove"],"picked":"MasterReality","floor":4.0},{"not_picked":["WindmillStrike","InnerPeace"],"picked":"EmptyFist","floor":7.0},{"not_picked":["ThirdEye","CarveReality"],"picked":"JustLucky","floor":13.0},{"not_picked":["MasterReality","Vault"],"picked":"Devotion","floor":16.0},{"not_picked":["WreathOfFlame","Evaluate"],"picked":"FlurryOfBlows","floor":18.0},{"not_picked":["Collect+1","SashWhip+1"],"picked":"DeceiveReality","floor":22.0},{"not_picked":["SignatureMove+1","TalkToTheHand+1"],"picked":"Protect+1","floor":24},{"not_picked":["WheelKick","CutThroughFate+1"],"picked":"Worship+1","floor":25},{"not_picked":["ClearTheMind+1","CarveReality+1"],"picked":"Worship","floor":28},{"not_picked":["Perseverance","Fasting2"],"picked":"Swivel","floor":30}],"player_experience":449392,"relics_obtained":[{"floor":7.0,"key":"Odd Mushroom"},{"floor":9.0,"key":"Boot"},{"floor":26,"key":"Matryoshka"}],"event_choices":[{"damage_healed":0.0,"max_hp_gain":0.0,"max_hp_loss":0.0,"gold_gain":0.0,"event_name":"Match and Keep!","player_choice":"2 cards matched","floor":3.0,"gold_loss":0.0,"damage_taken":0.0,"cards_obtained":["DeusExMachina","SignatureMove"]},{"damage_healed":0.0,"max_hp_gain":0.0,"max_hp_loss":0.0,"gold_gain":0.0,"event_name":"Golden Idol","player_choice":"Take Damage","floor":6.0,"gold_loss":0.0,"damage_taken":18.0,"relics_obtained":["Golden Idol"]},{"damage_healed":0.0,"max_hp_gain":0.0,"max_hp_loss":0.0,"gold_gain":0.0,"event_name":"Mushrooms","player_choice":"Fought Mushrooms","floor":7.0,"gold_loss":0.0,"damage_taken":0.0},{"damage_healed":0.0,"max_hp_gain":0.0,"max_hp_loss":0.0,"gold_gain":0.0,"event_name":"Scrap Ooze","player_choice":"Success","floor":10.0,"gold_loss":0.0,"damage_taken":7.0,"relics_obtained":["Darkstone Periapt"]},{"damage_healed":0.0,"max_hp_gain":0.0,"max_hp_loss":0.0,"gold_gain":0.0,"event_name":"Shining Light","player_choice":"Entered Light","floor":11.0,"gold_loss":0.0,"damage_taken":14.0,"cards_upgraded":["Pray","Defend_P"]},{"damage_healed":0.0,"max_hp_gain":0.0,"max_hp_loss":0.0,"gold_gain":175.0,"event_name":"Liars Game","player_choice":"AGREE","floor":14.0,"gold_loss":0.0,"damage_taken":0.0,"cards_obtained":["Doubt"]},{"cards_removed":["Doubt"],"damage_healed":0.0,"max_hp_gain":0.0,"max_hp_loss":0.0,"gold_gain":0.0,"event_name":"Beggar","player_choice":"Gave Gold","floor":19.0,"gold_loss":75.0,"damage_taken":0.0},{"damage_healed":0.0,"max_hp_gain":0.0,"max_hp_loss":0.0,"gold_gain":0.0,"event_name":"Vampires","player_choice":"Ignored","floor":20.0,"gold_loss":0.0,"damage_taken":0.0},{"damage_healed":0.0,"max_hp_gain":0.0,"max_hp_loss":0.0,"gold_gain":0.0,"event_name":"The Library","player_choice":"Read","floor":21.0,"gold_loss":0.0,"damage_taken":0.0,"cards_obtained":["Collect"]},{"damage_healed":0,"gold_gain":0,"player_choice":"Gave Idol","damage_taken":0,"relics_obtained":["Bloody Idol"],"max_hp_gain":0,"max_hp_loss":0,"event_name":"Forgotten Altar","floor":31,"relics_lost":["Golden Idol"],"gold_loss":0}],"is_beta":false,"boss_relics":[{"not_picked":["Pandora\u0027s Box","Tiny House"],"picked":"Black Star"}],"items_purged_floors":[],"is_endless":false,"potions_floor_spawned":[1,13,16,18,24,28],"killed_by":"Collector","ascension_level":0}}