{"host":"0kk91h4bq4kgfj0u","time":1613182485,"event":{"mods":["BaseMod","Bestiary","Block Reminder","Colored Map","Colored Powertips","Curses Come First","Downfall","Highlight Path","Minty Spire (QoL Compilation)","Relic Stats","StSLib"],"gold_per_floor":[99,110,110,128,11,11,56,74,103,3,31,31,31,48,62,162,162,162,172,182,201,32,50,50,65,83,83,103,103,103,88,108,108,108,108],"floor_reached":33,"language":"ENG","playtime":1583,"items_purged":[],"score":276,"play_id":"7f3d0c6e-79a7-4634-b548-f52a12d811ea","local_time":"20210212211445","is_ascension_mode":false,"campfire_choices":[{"floor":1,"key":"RECALL"},{"data":"bronze:DelayedSlice","floor":6,"key":"SMITH"},{"data":"bronze:Goto","floor":10,"key":"SMITH"},{"data":"bronze:Shield","floor":13,"key":"SMITH"},{"data":"bronze:Optimize","floor":18,"key":"SMITH"},{"floor":27,"key":"REST"},{"floor":30,"key":"REST"}],"circlet_count":0,"master_deck":["bronze:Strike","bronze:Strike","bronze:Strike","bronze:Defend","bronze:Defend","bronze:Defend","bronze:Defend","bronze:Replicate","bronze:Goto+1","bronze:DelayedSlice+1","bronze:OilSpill","bronze:Branch","bronze:Iterate","bronze:WhirlingStrike","bronze:Shield+1","bronze:Turbo","bronze:Terminator","bronze:Optimize+1","bronze:Fortify","bronze:GetLatest","bronze:SpaghettiCode","bronze:ClassDefault","bronze:FineTuning+1","bronze:Repulsor","bronze:Turbo+1","bronze:BuggyMess+1","bronze:HyperBeam","bronze:Constructor","bronze:BuggyMess","bronze:Flail+1","bronze:Frontload+1","bronze:Repair","bronze:Frontload+1","bronze:HardenedForm","bronze:CloningBeam+1","bronze:Boost"],"relics":["bronze:BronzeCore","Potion Belt","Odd Mushroom","downfall:HeartBlessingRed","Prayer Wheel","SlaversCollar","Ancient Tea Set","Lantern"],"acts_visited":["Exordium","TheCity"],"potions_floor_usage":[16,16,25,25,28,28,33,33,33],"damage_taken":[{"damage":0,"enemies":"2 Louse","floor":2,"turns":2},{"damage":0,"enemies":"Cultist","floor":4,"turns":2},{"damage":0,"enemies":"downfall:FleeingMerchant","floor":5,"turns":4},{"damage":1,"enemies":"Jaw Worm","floor":8,"turns":2},{"damage":6,"enemies":"The Mushroom Lair","floor":9,"turns":3},{"damage":8,"enemies":"3 Sentries","floor":11,"turns":3},{"damage":0,"enemies":"Gremlin Gang","floor":14,"turns":2},{"damage":1,"enemies":"3 Louse","floor":15,"turns":3},{"damage":24,"enemies":"DF_ARCHETYPE_STREAMLINE","floor":16,"turns":7},{"damage":11,"enemies":"Spheric Guardian","floor":19,"turns":4},{"damage":29,"enemies":"Snake Plant","floor":20,"turns":3},{"damage":20,"enemies":"Snecko","floor":21,"turns":5},{"damage":7,"enemies":"downfall:FleeingMerchant","floor":22,"turns":4},{"damage":5,"enemies":"Chosen and Byrds","floor":23,"turns":6},{"damage":0,"enemies":"Cultist and Chosen","floor":25,"turns":3},{"damage":3,"enemies":"Centurion and Healer","floor":26,"turns":5},{"damage":29,"enemies":"Snake Plant","floor":28,"turns":7},{"damage":0,"enemies":"downfall:FleeingMerchant","floor":31,"turns":4},{"damage":31,"enemies":"Shelled Parasite and Fungi","floor":32,"turns":4},{"damage":25,"enemies":"SI_MIRROR_ARCHETYPE","floor":33,"turns":4}],"seed_played":"2306074230462423960","potions_obtained":[{"floor":2,"key":"Explosive Potion"},{"floor":3,"key":"Fire Potion"},{"floor":3,"key":"EntropicBrew"},{"floor":11,"key":"LiquidMemories"},{"floor":15,"key":"bronze:CleanCodePotion"},{"floor":16,"key":"bronze:CleanCodePotion"},{"floor":19,"key":"Block Potion"},{"floor":21,"key":"Strength Potion"},{"floor":25,"key":"hexamod:SoulburnPotion"},{"floor":32,"key":"champ:CounterPotion"}],"is_trial":false,"path_per_floor":["R","M","?","M","$","R","T","M","?","R","E","?","R","M","M","B",null,"R","M","M","M","$","M","T","M","M","R","M","?","R","$","M","B"],"character_chosen":"THE_AUTOMATON","items_purchased":["FairyPotion","Ancient Tea Set"],"campfire_rested":2,"item_purchase_floors":[5,22],"current_hp_per_floor":[70,70,70,70,70,70,70,69,63,63,55,55,55,55,54,30,70,70,59,30,10,3,21,21,21,18,39,18,18,39,46,25,0,0,0],"gold":108,"neow_bonus":"THREE_CARDS","is_daily":false,"chose_seed":false,"campfire_upgraded":4,"win_rate":0.0,"timestamp":1613182485,"path_taken":["R","M","?","?","$","R","T","M","?","R","E","?","R","M","M","BOSS","R","M","M","M","$","M","T","M","?","R","M","?","R","?","M","BOSS"],"items_purchased_type":["Potion","Relic"],"build_version":"2020-12-22","purchased_purges":0,"victory":false,"max_hp_per_floor":[70,70,70,70,70,70,70,70,70,70,70,70,70,70,70,70,70,70,70,70,70,70,70,70,70,70,70,70,70,70,70,70,70,70,70],"relic_stats":{"counters":[20,77],"Prayer Wheel":10,"obtain_stats":[{"Potion Belt":7,"SlaversCollar":17,"Lantern":24,"bronze:BronzeCore":0,"downfall:HeartBlessingRed":10,"Prayer Wheel":11,"Odd Mushroom":9,"Ancient Tea Set":22},{"Potion Belt":3,"SlaversCollar":9,"Lantern":14,"bronze:BronzeCore":0,"downfall:HeartBlessingRed":5,"Prayer Wheel":6,"Odd Mushroom":5,"Ancient Tea Set":13},{"Potion Belt":8,"SlaversCollar":28,"Lantern":50,"bronze:BronzeCore":0,"downfall:HeartBlessingRed":13,"Prayer Wheel":16,"Odd Mushroom":13,"Ancient Tea Set":44}]},"card_choices":[{"not_picked":["bronze:Separator","bronze:Shield"],"picked":"bronze:DelayedSlice","floor":0},{"not_picked":["bronze:Repulsor","bronze:WildBeam"],"picked":"bronze:OilSpill","floor":2},{"not_picked":["bronze:DelayedSlice","bronze:Invalidate"],"picked":"bronze:Branch","floor":4},{"not_picked":["bronze:ForLoop","bronze:Safeguard"],"picked":"bronze:Iterate","floor":5},{"not_picked":["bronze:Shield","bronze:Iterate"],"picked":"bronze:WhirlingStrike","floor":8},{"not_picked":["bronze:BitShift","bronze:Backtrace"],"picked":"bronze:Shield","floor":9},{"not_picked":["bronze:RecursiveStrike","bronze:Invalidate"],"picked":"bronze:Turbo","floor":11},{"not_picked":["bronze:Safeguard","bronze:WildBeam"],"picked":"bronze:Terminator","floor":14},{"not_picked":["bronze:BronzeArmor","bronze:FineTuning"],"picked":"bronze:Optimize","floor":14},{"not_picked":["bronze:Backtrace","bronze:WildBeam"],"picked":"bronze:Fortify","floor":15},{"not_picked":["bronze:Terminator","bronze:Shield"],"picked":"bronze:GetLatest","floor":15},{"not_picked":["bronze:AlphaBuild","bronze:FindAndReplace"],"picked":"bronze:SpaghettiCode","floor":16},{"not_picked":["bronze:BitShift","bronze:DelayedSlice"],"picked":"bronze:ClassDefault","floor":19},{"not_picked":["bronze:Iterate","bronze:OilSpill"],"picked":"bronze:FineTuning+1","floor":19},{"not_picked":["bronze:WhirlingStrike+1","bronze:ChosenStrike"],"picked":"bronze:Repulsor","floor":20},{"not_picked":["bronze:WildBeam","bronze:DelayedSlice"],"picked":"bronze:Turbo+1","floor":20},{"not_picked":["bronze:Terminator","bronze:Deprecate"],"picked":"bronze:BuggyMess+1","floor":21},{"not_picked":["bronze:Branch","bronze:BuggyMess"],"picked":"bronze:HyperBeam","floor":21},{"not_picked":["bronze:BitShift+1","bronze:Iterate"],"picked":"bronze:Constructor","floor":22},{"not_picked":["bronze:DarkDash","bronze:FineTuning"],"picked":"bronze:BuggyMess","floor":23},{"not_picked":["bronze:WildBeam+1","bronze:Allocate"],"picked":"bronze:Flail+1","floor":23},{"not_picked":["bronze:DelayedGuard","bronze:Return"],"picked":"bronze:Frontload+1","floor":25},{"not_picked":["bronze:WhirlingStrike","bronze:GetLatest","bronze:DigitalCarnage+1"],"picked":"SKIP","floor":25},{"not_picked":["bronze:BronzeOrb","bronze:BronzeArmor"],"picked":"bronze:Repair","floor":26},{"not_picked":["bronze:Terminator+1","bronze:WildBeam+1"],"picked":"bronze:Frontload+1","floor":26},{"not_picked":["bronze:Overload","bronze:BitShift+1"],"picked":"bronze:HardenedForm","floor":28},{"not_picked":["bronze:Overload+1","bronze:WhirlingStrike+1","bronze:DelayedSlice"],"picked":"SKIP","floor":28},{"not_picked":["bronze:Constructor","bronze:FineTuning","bronze:OilSpill"],"picked":"SKIP","floor":31},{"not_picked":["bronze:Safeguard","bronze:Turbo"],"picked":"bronze:CloningBeam+1","floor":32},{"not_picked":["bronze:Constructor","bronze:Backtrace"],"picked":"bronze:Boost","floor":32}],"player_experience":929591,"relics_obtained":[{"floor":7,"key":"Potion Belt"},{"floor":9,"key":"Odd Mushroom"},{"floor":11,"key":"Prayer Wheel"},{"floor":24,"key":"Lantern"}],"event_choices":[{"damage_healed":0,"gold_gain":0,"player_choice":"Got Potions","damage_taken":0,"max_hp_gain":0,"max_hp_loss":0,"event_name":"Lab","floor":3,"gold_loss":0},{"damage_healed":0,"gold_gain":0,"player_choice":"Fought Mushrooms","damage_taken":0,"max_hp_gain":0,"max_hp_loss":0,"event_name":"Mushrooms","floor":9,"gold_loss":0}],"is_beta":false,"boss_relics":[{"not_picked":["Philosopher\u0027s Stone","Runic Pyramid"],"picked":"SlaversCollar"}],"items_purged_floors":[],"is_endless":false,"potions_floor_spawned":[2,11,15,16,19,21,25,32],"killed_by":"SI_MIRROR_ARCHETYPE","ascension_level":0}}