{"host":"my4gslufyvqsq7r2","time":1613221655,"event":{"mods":["BaseMod","Colored Powertips","Hubris","Infinite Spire","Minty Spire (QoL Compilation)","Replay The Spire","StSLib"],"gold_per_floor":[116,116,69,69,69,96,96,96,120,134,134,146,158,171,171,275,275,286,201,46,46,64,64,83,83,138,151,177,187,187,201,201,302,302,312,312,326,326,341,341,373,373,396,22,35,35,35,45,45,45,45],"floor_reached":50,"language":"ENG","playtime":63462,"items_purged":["Strike_B"],"score":567,"play_id":"88874b1c-440d-46f0-9cb6-c17cc5791a0b","local_time":"20210213080735","is_ascension_mode":true,"campfire_choices":[{"floor":7,"key":"REST"},{"floor":11,"key":"REST"},{"floor":15,"key":"REST"},{"floor":23,"key":"REST"},{"floor":25,"key":"REST"},{"floor":30,"key":"REST"},{"floor":32,"key":"REST"},{"floor":40,"key":"REST"},{"floor":46,"key":"REST"},{"floor":49,"key":"REST"}],"circlet_count":0,"master_deck":["Strike_B","Strike_B","Strike_B","Defend_B","Defend_B","Defend_B","Defend_B","Zap","Dualcast","Finesse","BasicCrystalCard","Compile Driver","Creative AI","Go for the Eyes","Static Discharge","Storm","Hello World","Beam Cell","Conserve Battery","Biased Cognition+1","Leap","hubris:Ukulele","ReplaySolidLightProjector+1","ReplayRNGCard","Streamline+1","Heatsinks","Auto Shields+1","Crystallizer","Reprogram+1","Creative AI+1","Echo Form","Heatsinks","Turbo+1","BootSequence+1","Beam Cell+1","Melter+1","Conserve Battery","Sweeping Beam","Cold Snap+1","Turbo+1"],"relics":["Cracked Core","hubris:Towel","Bird Faced Urn","Dream Catcher","Philosopher\u0027s Stone","Matryoshka","Bronze Scales","Anchor","Oddly Smooth Stone","hubris:CuriousFeather","Nuclear Battery","infinitespire:Bottled Soul","Replay:Ringing Soul","Golden Egg","Toy Ornithopter","Guide Book","infinitespire:Satchel","Girya"],"acts_visited":["Exordium","TheCity","TheBeyond"],"potions_floor_usage":[13,16,41,50,50,50],"damage_taken":[{"damage":1,"enemies":"Cultist","floor":1,"turns":3},{"damage":47,"enemies":"3 Sentries","floor":6,"turns":9},{"damage":20,"enemies":"Jaw Worm","floor":10,"turns":5},{"damage":1,"enemies":"2 Louse","floor":12,"turns":5},{"damage":3,"enemies":"2 Fungi Beasts","floor":13,"turns":3},{"damage":14,"enemies":"Exordium Thugs","floor":14,"turns":4},{"damage":36,"enemies":"Hexaghost","floor":16,"turns":9},{"damage":29,"enemies":"3 Byrds","floor":18,"turns":3},{"damage":3,"enemies":"Chosen","floor":22,"turns":4},{"damage":34,"enemies":"Sentry and Sphere","floor":24,"turns":4},{"damage":18,"enemies":"Snecko","floor":27,"turns":4},{"damage":17,"enemies":"Gremlin Leader","floor":28,"turns":6},{"damage":11,"enemies":"Centurion and Healer","floor":29,"turns":6},{"damage":12,"enemies":"Snake Plant","floor":31,"turns":3},{"damage":73,"enemies":"hubris:MusketHawk","floor":33,"turns":9},{"damage":32,"enemies":"Orb Walker","floor":35,"turns":4},{"damage":9,"enemies":"3 Shapes","floor":37,"turns":3},{"damage":9,"enemies":"Transient","floor":39,"turns":5},{"damage":83,"enemies":"Reptomancer","floor":41,"turns":7},{"damage":10,"enemies":"Sphere and 2 Shapes","floor":45,"turns":3},{"damage":27,"enemies":"Spire Growth","floor":48,"turns":4},{"damage":93,"enemies":"Awakened One","floor":50,"turns":6}],"seed_played":"1404327305122365482","potions_obtained":[{"floor":6,"key":"Venom Potion"},{"floor":12,"key":"Explosive Potion"},{"floor":13,"key":"BlessingOfTheForge"},{"floor":14,"key":"Strength Potion"},{"floor":18,"key":"ColorlessPotion"},{"floor":41,"key":"SteroidPotion"}],"is_trial":false,"path_per_floor":["M","?","$","?","?","E","R","?","T","M","R","M","M","M","R","B",null,"M","?","$","?","M","R","M","R","T","M","E","M","R","M","R","B",null,"M","?","M","T","M","R","E","?","T","$","M","R","AVR","M","R","B"],"character_chosen":"DEFECT","items_purchased":["Compile Driver","Bronze Scales","Guide Book","infinitespire:Satchel"],"campfire_rested":10,"item_purchase_floors":[3,20,44,44],"current_hp_per_floor":[74,74,74,74,74,27,49,49,49,37,59,62,61,53,75,43,75,50,50,50,50,55,75,43,65,65,51,42,39,61,59,75,16,75,45,45,46,46,54,80,15,15,15,15,14,43,43,31,61,0,0],"gold":45,"neow_bonus":"RANDOM_COLORLESS","is_daily":false,"chose_seed":false,"campfire_upgraded":0,"win_rate":0.0,"timestamp":1613221655,"path_taken":["M","?","$","?","?","E","R","?","T","M","R","M","M","?","R","BOSS","M","?","$","?","M","R","M","R","T","M","E","M","R","M","R","BOSS","M","?","M","?","?","R","E","?","T","?","M","R","AVR","?","R","BOSS"],"items_purchased_type":["Card","Relic","Relic","Relic"],"build_version":"2020-12-22","purchased_purges":1,"victory":false,"max_hp_per_floor":[75,75,75,75,75,75,75,75,75,75,75,75,75,75,75,75,75,75,75,75,75,75,75,75,75,75,75,75,75,75,75,75,75,75,75,75,75,75,78,81,84,84,84,84,87,90,90,93,96,96,96],"card_choices":[{"not_picked":["hubris:Insight","Enlightenment"],"picked":"Finesse","floor":0},{"not_picked":["Panic Button","Turbo"],"picked":"BasicCrystalCard","floor":1},{"not_picked":["Cold Snap","Turbo"],"picked":"Creative AI","floor":6},{"not_picked":["Stack","Turbo"],"picked":"Go for the Eyes","floor":10},{"not_picked":["Hello World","Redo"],"picked":"Static Discharge","floor":11},{"not_picked":["Fission","Barrage"],"picked":"Storm","floor":12},{"not_picked":["Reboot","Coolheaded"],"picked":"Hello World","floor":13},{"not_picked":["Compile Driver","Stack"],"picked":"Beam Cell","floor":14},{"not_picked":["Stack","Sweeping Beam"],"picked":"Conserve Battery","floor":15},{"not_picked":["Seek","ReplayTheSpireMod:Omega Cannon"],"picked":"Biased Cognition","floor":16},{"not_picked":["Rip and Tear+1","Compile Driver"],"picked":"Leap","floor":18},{"not_picked":["Conserve Battery","BasicCrystalCard"],"picked":"hubris:Ukulele","floor":22},{"not_picked":["Stack","Rebound"],"picked":"ReplaySolidLightProjector+1","floor":23},{"not_picked":["ReplayTheSpireMod:System Scan","Gash+1"],"picked":"ReplayRNGCard","floor":24},{"not_picked":["Steam","BasicCrystalCard"],"picked":"Streamline+1","floor":25},{"not_picked":["Beam Cell","Tempest"],"picked":"Heatsinks","floor":27},{"not_picked":["Lockon+1","Reprogram"],"picked":"Auto Shields+1","floor":28},{"not_picked":["Crystallizer","FTL+1","Stack"],"picked":"SKIP","floor":29},{"not_picked":["BasicCrystalCard","Turbo"],"picked":"Crystallizer","floor":30},{"not_picked":["Turbo","Capacitor"],"picked":"Reprogram+1","floor":31},{"not_picked":["Rip and Tear+1","Hologram"],"picked":"Creative AI","floor":32},{"not_picked":["ReplayTheSpireMod:Fabricate Wheel","Thunder Strike"],"picked":"Echo Form","floor":33},{"not_picked":["FTL+1","Aggregate+1"],"picked":"Heatsinks","floor":35},{"not_picked":["Ball Lightning+1","Streamline+1"],"picked":"Turbo+1","floor":37},{"not_picked":["Storm","Redo+1"],"picked":"BootSequence+1","floor":39},{"not_picked":["Cold Snap+1","ReplayTheSpireMod:Reroute Power"],"picked":"Beam Cell+1","floor":40},{"not_picked":["Reinforced Body+1","Rip and Tear+1"],"picked":"Melter+1","floor":41},{"not_picked":["Capacitor","Darkness"],"picked":"Conserve Battery","floor":45},{"not_picked":["Turbo","ReplayTheSpireMod:Reroute Power"],"picked":"Sweeping Beam","floor":46},{"not_picked":["Self Repair","Fusion"],"picked":"Cold Snap+1","floor":48},{"not_picked":["ReplayTheSpireMod:Reroute Power+1","Redo+1"],"picked":"Turbo+1","floor":49}],"player_experience":457721,"relics_obtained":[{"floor":6,"key":"Bird Faced Urn"},{"floor":9,"key":"Dream Catcher"},{"floor":26,"key":"Anchor"},{"floor":26,"key":"Oddly Smooth Stone"},{"floor":28,"key":"hubris:CuriousFeather"},{"floor":38,"key":"infinitespire:Bottled Soul"},{"floor":38,"key":"Replay:Ringing Soul"},{"floor":41,"key":"Golden Egg"},{"floor":43,"key":"Toy Ornithopter"}],"event_choices":[{"damage_healed":0,"gold_gain":0,"player_choice":"Ignored","damage_taken":0,"max_hp_gain":0,"max_hp_loss":0,"event_name":"Golden Idol","floor":4,"gold_loss":0},{"damage_healed":0,"gold_gain":0,"player_choice":"Bought 0 Potions","damage_taken":0,"max_hp_gain":0,"max_hp_loss":0,"event_name":"The Woman in Blue","floor":8,"gold_loss":0},{"damage_healed":0,"gold_gain":0,"player_choice":"Obtained Relic","damage_taken":0,"relics_obtained":["Matryoshka"],"max_hp_gain":0,"max_hp_loss":0,"event_name":"Addict","floor":19,"gold_loss":85},{"damage_healed":0,"gold_gain":0,"player_choice":"Ignored","damage_taken":0,"max_hp_gain":0,"max_hp_loss":0,"event_name":"Cursed Tome","floor":21,"gold_loss":0}],"is_beta":false,"boss_relics":[{"not_picked":["ChewingGum","Tiny House"],"picked":"Philosopher\u0027s Stone"},{"not_picked":["hubris:HollowSoul","Calling Bell"],"picked":"Nuclear Battery"}],"items_purged_floors":[44],"is_endless":false,"potions_floor_spawned":[6,12,13,14,18,28,37,41],"killed_by":"Awakened One","ascension_level":1}}