{"host":"4w9vompg42n13q24","time":1613215196,"event":{"mods":["Aspiration","BaseMod","Better Third Choice","Colored Map","Colored Powertips","DeckTracker","Downfall","GifTheSpireLib","Glutton Mod","Hermit","Highlight Path","Hubris","Minty Spire (QoL Compilation)","Relic Stats","StSLib","Stuff the Spire","The Druid","The Necromancer","Trackpad"],"gold_per_floor":[99,116,116,135,45,45,45,30,30,15,33,33,68,68,87,87,87,87],"floor_reached":16,"language":"ENG","playtime":1677,"items_purged":["bronze:Defend"],"score":98,"play_id":"b0f35e3b-bef2-4627-be9b-dd4a5e954bc7","local_time":"20210213121956","is_ascension_mode":false,"campfire_choices":[{"data":"bronze:Replicate","floor":1,"key":"SMITH"},{"data":"bronze:Constructor","floor":6,"key":"SMITH"},{"floor":9,"key":"RECALL"}],"circlet_count":0,"master_deck":["bronze:Strike","bronze:Strike","bronze:Strike","bronze:Defend","bronze:Defend","bronze:Defend","bronze:Replicate+1","bronze:Goto","bronze:Repair","bronze:Constructor+1","bronze:CleanCode","bronze:Format","bronze:Separator","bronze:ClassDefault","bronze:Spike","bronze:DazingPulse","bronze:Explode","bronze:Terminator","bronze:Repair","bronze:ItsAFeature"],"relics":["bronze:BronzeCore","Blood Vial"],"acts_visited":["Exordium"],"potions_floor_usage":[16],"damage_taken":[{"damage":1,"enemies":"Jaw Worm","floor":2,"turns":3},{"damage":0,"enemies":"Cultist","floor":4,"turns":3},{"damage":0,"enemies":"downfall:FleeingMerchant","floor":5,"turns":4},{"damage":0,"enemies":"downfall:FleeingMerchant","floor":8,"turns":4},{"damage":5,"enemies":"downfall:FleeingMerchant","floor":10,"turns":4},{"damage":0,"enemies":"Small Slimes","floor":11,"turns":3},{"damage":44,"enemies":"Small Slimes","floor":12,"turns":7},{"damage":39,"enemies":"Lagavulin","floor":13,"turns":9},{"damage":0,"enemies":"2 Fungi Beasts","floor":15,"turns":4},{"damage":27,"enemies":"IC_STATUS_ARCHETYPE","floor":16,"turns":10}],"seed_played":"4510357766816074519","potions_obtained":[{"floor":2,"key":"LiquidBronze"},{"floor":4,"key":"EssenceOfSteel"},{"floor":11,"key":"sneckomod:MuddlingPotion"}],"is_trial":false,"path_per_floor":["R","M","?","M","$","R","T","$","R","$","M","?","E","?","M","B"],"character_chosen":"THE_AUTOMATON","items_purchased":[],"campfire_rested":0,"item_purchase_floors":[],"current_hp_per_floor":[70,69,69,70,70,70,70,70,70,65,70,33,1,1,17,0,0,0],"gold":87,"neow_bonus":"REMOVE_CARD","is_daily":false,"chose_seed":false,"campfire_upgraded":2,"win_rate":0.0,"timestamp":1613215196,"path_taken":["R","M","?","M","$","R","T","?","R","$","M","?","E","?","M","BOSS"],"items_purchased_type":[],"build_version":"2020-12-22","purchased_purges":1,"victory":false,"max_hp_per_floor":[70,70,70,70,70,70,70,70,70,70,70,70,70,70,70,70,70,70],"relic_stats":{"Blood Vial":4,"counters":[10,51],"obtain_stats":[{"Blood Vial":13,"bronze:BronzeCore":0},{"Blood Vial":8,"bronze:BronzeCore":0},{"Blood Vial":37,"bronze:BronzeCore":0}]},"card_choices":[{"not_picked":["bronze:DelayedGuard","bronze:Branch"],"picked":"bronze:Repair","floor":2},{"not_picked":["bronze:FineTuning","bronze:ItsAFeature"],"picked":"bronze:Constructor","floor":4},{"not_picked":["bronze:Iterate","bronze:BronzeArmor"],"picked":"bronze:CleanCode","floor":5},{"not_picked":["bronze:Overload","bronze:OilSpill"],"picked":"bronze:Format","floor":8},{"not_picked":["bronze:BuggyMess","bronze:ItsAFeature"],"picked":"bronze:Separator","floor":10},{"not_picked":["bronze:Constructor","bronze:Deprecate"],"picked":"bronze:ClassDefault","floor":11},{"not_picked":[],"picked":"bronze:Spike","floor":12},{"not_picked":[],"picked":"bronze:DazingPulse","floor":12},{"not_picked":[],"picked":"bronze:Explode","floor":12},{"not_picked":["bronze:OilSpill","bronze:Overload"],"picked":"bronze:Terminator","floor":12},{"not_picked":["bronze:Shield","bronze:CutThrough"],"picked":"bronze:Repair","floor":13},{"not_picked":["bronze:WhirlingStrike","bronze:Constructor"],"picked":"bronze:ItsAFeature","floor":15}],"player_experience":671595,"relics_obtained":[{"floor":13,"key":"Blood Vial"}],"event_choices":[{"damage_healed":0,"gold_gain":0,"player_choice":"Ignored","damage_taken":0,"max_hp_gain":0,"max_hp_loss":0,"event_name":"NoteForYourself","floor":3,"gold_loss":0},{"damage_healed":0,"gold_gain":0,"player_choice":"LEAVE","damage_taken":0,"max_hp_gain":0,"max_hp_loss":0,"event_name":"betterThird:BetterScrap","floor":14,"gold_loss":0,"cards_obtained":["StuffTheSpire:ReptileScales"]}],"is_beta":false,"boss_relics":[],"items_purged_floors":[5],"is_endless":false,"potions_floor_spawned":[2,4,11,12,15],"killed_by":"IC_STATUS_ARCHETYPE","ascension_level":0}}