{"host":"8a72fthmlk1o8pdb","time":1613178596,"event":{"mods":["AchievementEnabler","Aspiration","Astrologer","Bard","BaseMod","Beaked The Cultist","Better Sensory Stone","Better Skull","Better Third Choice","ChefMod","Colored Map","Colored Powertips","Dark Map","Downfall","Friendly Minions","GifTheSpireLib","Googly Eyes","Gremlin Mod","Hermit","Hubris","JesterMod","Jorbs\u0027s Wanderer Trilogy","Marisa????????","Minty Spire (QoL Compilation)","Permanent Neow","Random Character Button","Rare Cards Sparkle","Relic Stats","Reliquary","Robot Space Explorer","Shade Mod","Shop Mod","Somnambulant","StSLib","The Animator","The Blue Laboratory","The Construct","The Cursed","The Disciple","The Hayseed","The Hierophant","The Jungle","The Marked","The Mystic","The Necromancer","The Poker Player","The Problem Sleuth","The Runesmith","thorton"],"gold_per_floor":[99,116,132,146,156,56,56,56,506,518,518,29,64,164,175,276,276,276,287,297,297,297],"floor_reached":20,"language":"ENG","playtime":1383,"items_purged":["bronze:Strike"],"score":210,"play_id":"820d6f35-888f-4761-83ce-37acf95948a7","local_time":"20210212170956","is_ascension_mode":true,"campfire_choices":[{"floor":1,"key":"RECALL"},{"data":"bronze:Invalidate","floor":6,"key":"SMITH"},{"data":"bronze:ChosenStrike","floor":8,"key":"SMITH"},{"data":"bronze:BugBarrage","floor":11,"key":"SMITH"},{"data":"bronze:SpaghettiCode","floor":18,"key":"SMITH"}],"circlet_count":0,"master_deck":["bronze:Strike","bronze:Strike","bronze:Strike","bronze:Defend","bronze:Defend","bronze:Defend","bronze:Defend","bronze:Replicate","bronze:Goto","bronze:Flail","bronze:Overheat","bronze:Invalidate+1","bronze:ChosenStrike+1","downfall:Icky","downfall:Icky","downfall:Icky","bronze:BugBarrage+1","bronze:Shield","bronze:Optimize","bronze:Overheat","bronze:DelayedGuard","bronze:Fortify","bronze:SpaghettiCode+1","bronze:BurnOut"],"relics":["bronze:BronzeCore","reliquary:TuningFork","downfall:HeartBlessingRed","Nunchaku","reliquary:HotPoker","Mango","White Beast Statue","hubris:Backtick","animator:WornHelmet"],"acts_visited":["Exordium","TheCity"],"potions_floor_usage":[13,14,14,16,16],"damage_taken":[{"damage":1,"enemies":"2 Louse","floor":2,"turns":4},{"damage":6,"enemies":"Cultist","floor":3,"turns":3},{"damage":2,"enemies":"Small Slimes","floor":4,"turns":4},{"damage":0,"enemies":"Large Slime","floor":5,"turns":4},{"damage":8,"enemies":"3 Louse","floor":10,"turns":2},{"damage":5,"enemies":"downfall:FleeingMerchant","floor":12,"turns":4},{"damage":22,"enemies":"Lagavulin","floor":13,"turns":5},{"damage":19,"enemies":"downfall:LadyInBlue","floor":14,"turns":9},{"damage":0,"enemies":"Blue Slaver","floor":15,"turns":1},{"damage":12,"enemies":"IC_STATUS_ARCHETYPE","floor":16,"turns":9},{"damage":0,"enemies":"Spheric Guardian","floor":19,"turns":2},{"damage":6,"enemies":"Chosen","floor":20,"turns":3}],"seed_played":"4166706331464987990","potions_obtained":[{"floor":4,"key":"Dexterity Potion"},{"floor":5,"key":"LiquidMemories"},{"floor":13,"key":"bronze:BuildAFunctionPotion"},{"floor":14,"key":"Explosive Potion"},{"floor":14,"key":"blueLaboratory:BottledHope"},{"floor":14,"key":"blueLaboratory:BottleOfRum"},{"floor":14,"key":"blueLaboratory:FruitPunch"},{"floor":15,"key":"blueLaboratory:TrueEctoplasm"},{"floor":16,"key":"Strength Potion"},{"floor":19,"key":"sneckomod:MuddlingPotion"},{"floor":20,"key":"bronze:CleanCodePotion"}],"is_trial":false,"path_per_floor":["R","M","M","M","M","R","T","R","?","M","R","$","E","?","M","B",null,"R","M","M"],"character_chosen":"THE_AUTOMATON","items_purchased":["reliquary:HotPoker","bronze:Optimize","bronze:Overheat","bronze:DelayedGuard"],"campfire_rested":0,"item_purchase_floors":[12,12,12,12],"current_hp_per_floor":[70,69,63,61,61,61,61,61,61,53,53,48,40,21,21,11,86,86,86,80,80,80],"gold":297,"neow_bonus":"RANDOM_COMMON_RELIC","is_daily":false,"chose_seed":false,"campfire_upgraded":4,"win_rate":0.0,"timestamp":1613178596,"path_taken":["R","M","M","M","M","R","T","R","?","M","R","$","E","?","M","BOSS","R","M","?"],"items_purchased_type":["Relic","Card","Card","Card"],"build_version":"2020-12-22","purchased_purges":1,"victory":false,"max_hp_per_floor":[70,70,70,70,70,70,70,70,70,70,70,70,84,84,84,86,86,86,86,86,86,86],"relic_stats":{"Nunchaku":[6],"counters":[12,50],"obtain_stats":[{"Nunchaku":7,"reliquary:HotPoker":12,"bronze:BronzeCore":0,"hubris:Backtick":17,"downfall:HeartBlessingRed":6,"Mango":13,"reliquary:TuningFork":0,"animator:WornHelmet":17,"White Beast Statue":14},{"Nunchaku":4,"reliquary:HotPoker":6,"bronze:BronzeCore":0,"hubris:Backtick":10,"downfall:HeartBlessingRed":4,"Mango":7,"reliquary:TuningFork":0,"animator:WornHelmet":10,"White Beast Statue":8},{"Nunchaku":15,"reliquary:HotPoker":21,"bronze:BronzeCore":0,"hubris:Backtick":45,"downfall:HeartBlessingRed":15,"Mango":26,"reliquary:TuningFork":0,"animator:WornHelmet":45,"White Beast Statue":35}]},"card_choices":[{"not_picked":["bronze:WhirlingStrike","bronze:BronzeArmor"],"picked":"bronze:Flail","floor":2},{"not_picked":["bronze:BronzeArmor","bronze:Overload"],"picked":"bronze:Overheat","floor":3},{"not_picked":["bronze:Turbo","bronze:CutThrough"],"picked":"bronze:Invalidate","floor":4},{"not_picked":["bronze:Shell","bronze:Virus"],"picked":"bronze:ChosenStrike","floor":5},{"not_picked":["bronze:Constructor","bronze:WildBeam"],"picked":"bronze:BugBarrage","floor":10},{"not_picked":["bronze:ChosenStrike","bronze:Separator"],"picked":"bronze:Shield","floor":12},{"not_picked":["bronze:Overload","bronze:Backtrace"],"picked":"bronze:Fortify","floor":13},{"not_picked":["bronze:Separator","bronze:Shell"],"picked":"bronze:SpaghettiCode","floor":15},{"not_picked":["bronze:CleanCode","bronze:Virus"],"picked":"bronze:BurnOut","floor":16},{"not_picked":["bronze:BronzeArmor+1","bronze:FineTuning","bronze:Deprecate"],"picked":"SKIP","floor":19}],"player_experience":193234,"relics_obtained":[{"floor":7,"key":"Nunchaku"},{"floor":13,"key":"Mango"},{"floor":14,"key":"White Beast Statue"}],"event_choices":[],"is_beta":false,"boss_relics":[{"not_picked":["Empty Cage","Snecko Eye"],"picked":"hubris:Backtick"}],"items_purged_floors":[12],"is_endless":false,"potions_floor_spawned":[4,5,13,14,15,16,19,20],"killed_by":"Chosen","ascension_level":1}}