{"host":"t1puqh5lxz8sp6fn","time":1613188991,"event":{"mods":["AchievementEnabler","BaseMod","Colored Powertips","Minty Spire (QoL Compilation)","Rare Cards Sparkle","Relic Stats","StSLib"],"gold_per_floor":[117,137,212,229,246,279,279,295,595,595,166,166,166,176,176,176,176],"floor_reached":16,"playtime":682,"items_purged":["Strike_G"],"score":179,"play_id":"6d34139a-35bd-47ef-845b-20f75d97b3c7","local_time":"20210213010311","is_ascension_mode":true,"campfire_choices":[{"data":"Envenom","floor":7.0,"key":"SMITH"},{"data":"Eviscerate","floor":10.0,"key":"SMITH"},{"floor":15.0,"key":"REST"}],"circlet_count":0,"master_deck":["AscendersBane","Strike_G","Strike_G","Strike_G","Defend_G","Defend_G","Defend_G","Defend_G","Defend_G","Survivor","Neutralize","Tools of the Trade+1","Eviscerate+1","Poisoned Stab","Deadly Poison","Backflip","Envenom+1"],"relics":["Ring of the Snake","WingedGreaves","Old Coin","Sling","Happy Flower"],"acts_visited":["Exordium"],"potions_floor_usage":[16],"damage_taken":[{"damage":0.0,"enemies":"Jaw Worm","floor":1.0,"turns":6.0},{"damage":0.0,"enemies":"2 Louse","floor":2.0,"turns":3.0},{"damage":1.0,"enemies":"Cultist","floor":4.0,"turns":4.0},{"damage":1.0,"enemies":"Looter","floor":5.0,"turns":4.0},{"damage":23.0,"enemies":"Gremlin Nob","floor":6.0,"turns":4.0},{"damage":0.0,"enemies":"Exordium Wildlife","floor":8.0,"turns":3.0},{"damage":14.0,"enemies":"Exordium Thugs","floor":14.0,"turns":4.0},{"damage":35,"enemies":"Slime Boss","floor":16,"turns":8}],"seed_played":"5363770500217494937","potions_obtained":[{"floor":1.0,"key":"Fire Potion"},{"floor":2.0,"key":"GamblersBrew"},{"floor":6.0,"key":"DistilledChaos"}],"is_trial":false,"path_per_floor":["M","M","?","M","M","E","R","M","T","R","$","?","?","M","R","B"],"character_chosen":"THE_SILENT","items_purchased":["Sling","Happy Flower","SteroidPotion"],"campfire_rested":1,"item_purchase_floors":[11,11,11],"current_hp_per_floor":[59,59,48,47,46,23,23,23,23,23,23,23,23,9,28,0,0],"gold":176,"neow_bonus":"TRANSFORM_CARD","is_daily":false,"chose_seed":false,"campfire_upgraded":2,"win_rate":0.0,"timestamp":1613188991,"path_taken":["M","M","?","M","M","E","R","M","T","R","$","?","?","M","R","BOSS"],"items_purchased_type":["Relic","Relic","Potion"],"build_version":"2020-12-13","purchased_purges":1,"victory":false,"max_hp_per_floor":[66,66,66,66,66,66,66,66,66,66,66,66,66,66,66,66,66],"relic_stats":{"Happy Flower":[4],"counters":[8,36],"obtain_stats":[{"Happy Flower":11,"WingedGreaves":6,"Sling":11,"Ring of the Snake":0,"Old Coin":9},{"Happy Flower":6,"WingedGreaves":5,"Sling":6,"Ring of the Snake":0,"Old Coin":6},{"Happy Flower":24,"WingedGreaves":21,"Sling":24,"Ring of the Snake":0,"Old Coin":24}],"Ring of the Snake":[16]},"card_choices":[{"not_picked":["Blur","Sucker Punch"],"picked":"Eviscerate","floor":1.0},{"not_picked":["Flying Knee","Concentrate"],"picked":"Poisoned Stab","floor":2.0},{"not_picked":["Outmaneuver","Predator"],"picked":"Deadly Poison","floor":4.0},{"not_picked":["Outmaneuver","Deadly Poison"],"picked":"Backflip","floor":5.0},{"not_picked":["Riddle With Holes","Finisher"],"picked":"Envenom","floor":6.0},{"not_picked":["Choke","Quick Slash","Eviscerate"],"picked":"SKIP","floor":8.0},{"not_picked":["Flechettes","Underhanded Strike","Poisoned Stab"],"picked":"SKIP","floor":14.0}],"player_experience":519805,"relics_obtained":[{"floor":6.0,"key":"WingedGreaves"},{"floor":9.0,"key":"Old Coin"}],"event_choices":[{"damage_healed":0.0,"max_hp_gain":0.0,"max_hp_loss":0.0,"gold_gain":75.0,"event_name":"World of Goop","player_choice":"Gather Gold","floor":3.0,"gold_loss":0.0,"damage_taken":11.0},{"damage_healed":0.0,"max_hp_gain":0.0,"max_hp_loss":0.0,"gold_gain":0.0,"event_name":"Liars Game","player_choice":"Ignored","floor":12.0,"gold_loss":0.0,"damage_taken":0.0},{"damage_healed":0.0,"max_hp_gain":0.0,"max_hp_loss":0.0,"gold_gain":0.0,"event_name":"Accursed Blacksmith","player_choice":"Forge","floor":13.0,"gold_loss":0.0,"damage_taken":0.0,"cards_upgraded":["Tools of the Trade"]}],"is_beta":false,"boss_relics":[],"items_purged_floors":[11],"is_endless":false,"potions_floor_spawned":[1,2,6],"killed_by":"Slime Boss","ascension_level":15}}