{"host":"rb2p2z6v6vieend5","time":1613182391,"event":{"mods":["BaseMod","Block Reminder","Colored Map","DeckTracker","Highlight Path","Minty Spire (QoL Compilation)","Random Character Button","Relic Stats"],"gold_per_floor":[119,134,149,149,168,168,199,199,199,212,212,246,261,274,274,347,347,366,383,240,258,275,275,295,295,318,318,334,334,351,363,363,437,437,452,452,479,496,48,48,48,48],"floor_reached":41,"language":"ENG","playtime":1968,"items_purged":["Barricade","Writhe"],"score":716,"play_id":"e3abd86c-d027-4a3c-9767-2436db52712d","local_time":"20210213031311","is_ascension_mode":true,"campfire_choices":[{"data":"Bludgeon","floor":6,"key":"SMITH"},{"data":"Intimidate","floor":8,"key":"SMITH"},{"data":"Shrug It Off","floor":11,"key":"SMITH"},{"data":"Carnage","floor":15,"key":"SMITH"},{"data":"Flame Barrier","floor":23,"key":"SMITH"},{"data":"Limit Break","floor":27,"key":"SMITH"},{"floor":29,"key":"REST"},{"floor":32,"key":"REST"},{"data":"True Grit","floor":40,"key":"SMITH"}],"circlet_count":0,"master_deck":["AscendersBane","Bash","Bludgeon+1","Intimidate+1","Shrug It Off+1","Pommel Strike","Reckless Charge","Carnage+1","Barricade","Limit Break+1","Offering","Pummel","Thunderclap","Whirlwind","Offering","Exhume","Battle Trance","Shrug It Off","Flame Barrier+1","Feel No Pain+1","Flex","Ghostly Armor","Shrug It Off","Bandage Up","Rampage+1","True Grit+1"],"relics":["Burning Blood","Centennial Puzzle","Sundial","Charon\u0027s Ashes","Pandora\u0027s Box","Gremlin Horn","Dream Catcher","SlaversCollar","PreservedInsect","Bag of Marbles","Lantern"],"acts_visited":["Exordium","TheCity","TheBeyond"],"potions_floor_usage":[5,16,33],"damage_taken":[{"damage":12,"enemies":"Jaw Worm","floor":1,"turns":2},{"damage":1,"enemies":"Cultist","floor":2,"turns":3},{"damage":5,"enemies":"2 Louse","floor":3,"turns":3},{"damage":1,"enemies":"Exordium Wildlife","floor":5,"turns":3},{"damage":20,"enemies":"Gremlin Nob","floor":7,"turns":4},{"damage":5,"enemies":"Red Slaver","floor":10,"turns":2},{"damage":15,"enemies":"3 Sentries","floor":12,"turns":6},{"damage":0,"enemies":"Exordium Thugs","floor":13,"turns":3},{"damage":6,"enemies":"Gremlin Gang","floor":14,"turns":2},{"damage":26,"enemies":"Hexaghost","floor":16,"turns":8},{"damage":12,"enemies":"2 Thieves","floor":18,"turns":2},{"damage":12,"enemies":"Chosen","floor":19,"turns":3},{"damage":7,"enemies":"Snecko","floor":21,"turns":4},{"damage":18,"enemies":"Centurion and Healer","floor":22,"turns":4},{"damage":12,"enemies":"Snake Plant","floor":24,"turns":1},{"damage":18,"enemies":"Chosen and Byrds","floor":28,"turns":4},{"damage":18,"enemies":"Snecko","floor":30,"turns":7},{"damage":11,"enemies":"Centurion and Healer","floor":31,"turns":6},{"damage":43,"enemies":"Automaton","floor":33,"turns":15},{"damage":30,"enemies":"Orb Walker","floor":35,"turns":5},{"damage":6,"enemies":"3 Shapes","floor":38,"turns":4},{"damage":83,"enemies":"Transient","floor":41,"turns":5}],"seed_played":"90008236779633502","potions_obtained":[{"floor":1,"key":"Fruit Juice"},{"floor":2,"key":"LiquidBronze"},{"floor":5,"key":"EssenceOfSteel"},{"floor":16,"key":"Ancient Potion"},{"floor":38,"key":"EssenceOfSteel"}],"is_trial":false,"path_per_floor":["M","M","M","?","M","R","E","R","T","M","R","E","M","M","R","B",null,"M","M","$","M","M","R","M","?","T","R","M","R","M","M","R","B",null,"M","?","T","M","$","R","M"],"character_chosen":"IRONCLAD","items_purchased":["Flame Barrier","True Grit","Bag of Marbles","Lantern"],"campfire_rested":2,"item_purchase_floors":[20,39,39,39],"current_hp_per_floor":[62,67,68,57,67,67,53,53,53,54,54,45,51,51,51,31,68,62,56,56,55,43,43,37,37,37,37,25,49,37,32,56,19,65,41,41,41,45,45,45,0,0],"gold":48,"neow_bonus":"TRANSFORM_CARD","is_daily":false,"chose_seed":false,"campfire_upgraded":7,"win_rate":0.0,"timestamp":1613182391,"path_taken":["M","M","M","?","M","R","E","R","T","M","R","E","?","M","R","BOSS","M","?","$","M","M","R","M","?","T","R","M","R","M","M","R","BOSS","M","?","?","?","?","R","M"],"items_purchased_type":["Card","Card","Relic","Relic"],"build_version":"2020-12-22","purchased_purges":2,"victory":false,"max_hp_per_floor":[75,75,75,75,80,80,80,80,80,80,80,80,80,80,80,80,80,80,80,80,80,80,80,80,80,80,80,80,80,80,80,80,80,80,80,80,80,80,80,80,80,80],"relic_stats":{"Centennial Puzzle":[45],"Dream Catcher":2,"Gremlin Horn":[6,6],"counters":[22,96],"Sundial":[14],"Pandora\u0027s Box":["Limit Break","Offering","Pummel","Thunderclap","Barricade","Whirlwind","Offering","Exhume"],"Charon\u0027s Ashes":[295],"PreservedInsect":0,"obtain_stats":[{"SlaversCollar":34,"Centennial Puzzle":7,"Dream Catcher":26,"Lantern":39,"Gremlin Horn":25,"Sundial":9,"Pandora\u0027s Box":17,"Charon\u0027s Ashes":12,"PreservedInsect":37,"Bag of Marbles":39,"Burning Blood":0},{"SlaversCollar":19,"Centennial Puzzle":5,"Dream Catcher":15,"Lantern":21,"Gremlin Horn":15,"Sundial":5,"Pandora\u0027s Box":10,"Charon\u0027s Ashes":7,"PreservedInsect":20,"Bag of Marbles":21,"Burning Blood":0},{"SlaversCollar":82,"Centennial Puzzle":15,"Dream Catcher":50,"Lantern":91,"Gremlin Horn":50,"Sundial":15,"Pandora\u0027s Box":36,"Charon\u0027s Ashes":23,"PreservedInsect":87,"Bag of Marbles":91,"Burning Blood":0}],"Burning Blood":126},"card_choices":[{"not_picked":["Armaments","Havoc"],"picked":"Intimidate","floor":1},{"not_picked":["Dropkick","Warcry"],"picked":"Shrug It Off","floor":2},{"not_picked":["Evolve","Dropkick","Havoc"],"picked":"SKIP","floor":3},{"not_picked":["Spot Weakness","Heavy Blade","Armaments"],"picked":"SKIP","floor":5},{"not_picked":["Dropkick","Perfected Strike","Blood for Blood"],"picked":"SKIP","floor":7},{"not_picked":["Havoc","Pummel"],"picked":"Pommel Strike","floor":10},{"not_picked":["Thunderclap","Twin Strike"],"picked":"Reckless Charge","floor":12},{"not_picked":["Evolve","Fiend Fire"],"picked":"Carnage","floor":13},{"not_picked":["Clash","Headbutt","Thunderclap"],"picked":"SKIP","floor":14},{"not_picked":["Brutality","Berserk"],"picked":"Barricade","floor":16},{"not_picked":["Sword Boomerang","Twin Strike"],"picked":"Battle Trance","floor":18},{"not_picked":["Rampage","Anger"],"picked":"Shrug It Off","floor":19},{"not_picked":["Clothesline","Blood for Blood","Limit Break"],"picked":"SKIP","floor":21},{"not_picked":["Spot Weakness","Flex"],"picked":"Feel No Pain+1","floor":22},{"not_picked":["Seeing Red","Sever Soul"],"picked":"Flex","floor":24},{"not_picked":["Sword Boomerang+1","Havoc","Heavy Blade"],"picked":"SKIP","floor":28},{"not_picked":["Armaments","Havoc"],"picked":"Ghostly Armor","floor":29},{"not_picked":["Body Slam","Clothesline","Cleave"],"picked":"SKIP","floor":30},{"not_picked":["Clothesline","Sword Boomerang","Rage"],"picked":"SKIP","floor":31},{"not_picked":["Warcry","Anger"],"picked":"Shrug It Off","floor":35},{"not_picked":["Panache","Forethought"],"picked":"Bandage Up","floor":36},{"not_picked":["Bloodletting","Sword Boomerang"],"picked":"Rampage+1","floor":38}],"player_experience":729208,"relics_obtained":[{"floor":7,"key":"Centennial Puzzle"},{"floor":9,"key":"Sundial"},{"floor":12,"key":"Charon\u0027s Ashes"},{"floor":26,"key":"Dream Catcher"},{"floor":37,"key":"PreservedInsect"}],"event_choices":[{"damage_healed":0,"gold_gain":0,"player_choice":"Damaged","damage_taken":11,"max_hp_gain":0,"max_hp_loss":0,"event_name":"Wheel of Change","floor":4,"gold_loss":0},{"damage_healed":0,"gold_gain":0,"player_choice":"Opened","damage_taken":0,"relics_obtained":["Gremlin Horn"],"max_hp_gain":0,"max_hp_loss":0,"event_name":"The Mausoleum","floor":25,"gold_loss":0,"cards_obtained":["Writhe"]},{"damage_healed":0,"gold_gain":0,"player_choice":"Memory 1","damage_taken":0,"max_hp_gain":0,"max_hp_loss":0,"event_name":"SensoryStone","floor":36,"gold_loss":0}],"is_beta":false,"boss_relics":[{"not_picked":["Busted Crown","Empty Cage"],"picked":"Pandora\u0027s Box"},{"not_picked":["Black Star","Coffee Dripper"],"picked":"SlaversCollar"}],"items_purged_floors":[20,39],"is_endless":false,"potions_floor_spawned":[1,2,5,13,16,21,22,24,30,38],"killed_by":"Transient","ascension_level":15}}