{"host":"og21o26alpnbwmz8","time":1613236550,"event":{"mods":["Act Like it!","Aspiration","Astrologer","BaseMod","Conspire","Downfall","Gensokyo","Halation","Hubris","Jedi Mod","Mimic Mod","Minty Spire (QoL Compilation)","Pale of the Ancients","Reliquary","Replay The Spire","Shop Mod","Spikes Relics","StSLib","The Alterego","The Blue Laboratory","The Poker Player","The Witch","Waifu the Spire","Yuri Mod"],"gold_per_floor":[99,110,40,40,40,50,75,9,27,27,12,12,46,46,59,154,154,54,64,118,195,213,225,225,225,242,275,175,55,55,52,72,167,167,167,177,195,195,195,72,72,72,72,91,107,126,26,61,73,73],"floor_reached":51,"language":"ENG","playtime":1929,"items_purged":["champ:Strike","champ:Strike","champ:Execute+1","champ:Strike+1"],"score":845,"play_id":"dade588c-acd5-47a0-beec-233a77608778","local_time":"20210213121550","is_ascension_mode":false,"campfire_choices":[{"data":"champ:Taunt","floor":1.0,"key":"SMITH"},{"floor":10.0,"key":"REST"},{"data":"champ:Duel","floor":12.0,"key":"SMITH"},{"floor":18.0,"key":"RECALL"},{"floor":28.0,"key":"REST"},{"floor":30.0,"key":"REST"},{"floor":35.0,"key":"REST"},{"floor":43.0,"key":"REST"},{"floor":47.0,"key":"REST"}],"circlet_count":0,"master_deck":["champ:Strike+1","champ:Defend","champ:Defend+1","champ:Defend","champ:Defend","champ:Taunt+1","champ:DefensiveStyle","champ:Duel+1","champ:FlashCut","champ:ShieldSigil","champ:FalseCounter","champ:HoldFirm+1","champ:BringItOn","champ:Endure","champ:DefensiveStyle+1","champ:Lariat","champ:PreemptiveStrike+1","Fluid Movement+1"],"relics":["champ:ChampionCrown","Pear","hubris:SphereOfDissonance","Juzu Bracelet","Whetstone","Regal Pillow","ReplayTheSpireMod:TigerMarble","halation:PinkSoulGem","Fusion Hammer","downfall:HeartBlessingGreen","reliquary:SharkskinSheath","Rawhide","Garlic","Ginger","downfall:HeartBlessingRed","Gensokyo:LionMask","Membership Card","Incense Burner","aspiration:SilentSkillbook","jedi:crownofsimplicity","downfall:HeartBlessingBlue","aspiration:HiddenCompartment"],"acts_visited":["Exordium","Gensokyo:Gensokyo","Gensokyo:Gensokyoer"],"potions_floor_usage":[],"damage_taken":[{"damage":33.0,"enemies":"Gensokyo:Gryphon","floor":2.0,"turns":7.0},{"damage":23.0,"enemies":"Gensokyo:3_Fairies","floor":6.0,"turns":4.0},{"damage":20.0,"enemies":"downfall:FleeingMerchant","floor":8.0,"turns":4.0},{"damage":0.0,"enemies":"Gensokyo:2_Kodama","floor":9.0,"turns":3.0},{"damage":10.0,"enemies":"downfall:FleeingMerchant","floor":11.0,"turns":4.0},{"damage":9.0,"enemies":"Gensokyo:Cirno","floor":13.0,"turns":8.0},{"damage":0.0,"enemies":"Gensokyo:CorruptedTreant","floor":15.0,"turns":2.0},{"damage":21.0,"enemies":"WA_ARCHETYPE_RETAIN","floor":16.0,"turns":7.0},{"damage":0.0,"enemies":"Gensokyo:3_Dogs","floor":19.0,"turns":6.0},{"damage":0.0,"enemies":"Gensokyo:Chomper","floor":22.0,"turns":3.0},{"damage":0.0,"enemies":"Gensokyo:Wraith","floor":23.0,"turns":2.0},{"damage":0.0,"enemies":"Gensokyo:Slime_Group","floor":26.0,"turns":4.0},{"damage":15.0,"enemies":"Gensokyo:Tenshi","floor":27.0,"turns":5.0},{"damage":0.0,"enemies":"downfall:FleeingMerchant","floor":31.0,"turns":3.0},{"damage":0.0,"enemies":"Gensokyo:Chomper_and_Gloop","floor":32.0,"turns":5.0},{"damage":5.0,"enemies":"DF_ARCHETYPE_CLAW","floor":33.0,"turns":9.0},{"damage":0.0,"enemies":"Gensokyo:3_Bats","floor":36.0,"turns":1.0},{"damage":0.0,"enemies":"Gensokyo:AncientGuardian","floor":37.0,"turns":3.0},{"damage":2.0,"enemies":"Gensokyo:Sharpion","floor":44.0,"turns":4.0},{"damage":0.0,"enemies":"Gensokyo:Dusk_and_Dawn","floor":45.0,"turns":3.0},{"damage":0.0,"enemies":"Gensokyo:SeedOfUnknown","floor":46.0,"turns":3.0},{"damage":0.0,"enemies":"Gensokyo:Doremy","floor":48.0,"turns":5.0},{"damage":0.0,"enemies":"Gensokyo:4_Bats","floor":49.0,"turns":2.0},{"damage":4.0,"enemies":"SI_POISON_ARCHETYPE","floor":50.0,"turns":11.0}],"seed_played":"-6895652132048726998","potions_obtained":[{"floor":6.0,"key":"blueLaboratory:AbyssPotion"},{"floor":13.0,"key":"jedi:hoardpotion"},{"floor":16.0,"key":"Elixir"},{"floor":22.0,"key":"jedi:StrikingPotion"},{"floor":44.0,"key":"blueLaboratory:FruitPunch"},{"floor":45.0,"key":"Adrenaline Potion"}],"is_trial":false,"path_per_floor":["R","M","?","?","$","M","T","$","M","R","$","R","E","?","M","B",null,"R","M","?","T","M","M","T","COS","M","E","R","?","R","$","M","B",null,"R","M","M","?","?","$","T","?","R","M","M","M","R","E","M","B",null],"character_chosen":"THE_CHAMP","items_purchased":["hubris:SphereOfDissonance","Juzu Bracelet","Whetstone","champ:ShieldSigil","Membership Card","Incense Burner","jedi:crownofsimplicity"],"campfire_rested":6,"item_purchase_floors":[5,5,5,8,31,31,40],"current_hp_per_floor":[90,77,77,72,24,24,24,24,24,69,69,69,60,63,63,42,100,100,100,100,100,100,100,100,100,100,95,100,100,100,100,101,96,101,101,101,101,101,101,101,101,101,101,99,101,101,111,111,111,107],"gold":73,"neow_bonus":"RANDOM_EVENT","is_daily":false,"chose_seed":false,"campfire_upgraded":2,"win_rate":0.0,"timestamp":1613236550,"path_taken":["R","M","?","?","?","M","T","$","M","R","$","R","E","?","M","BOSS","R","M","?","?","M","M","T","COS","M","E","R","?","R","?","M","BOSS","R","M","M","?","?","$","T","?","R","M","M","M","R","E","M","BOSS"],"items_purchased_type":["Relic","Relic","Relic","Card","Relic","Relic","Relic"],"build_version":"2020-12-22","purchased_purges":4,"victory":true,"max_hp_per_floor":[90,90,90,100,100,100,100,100,100,100,100,100,100,100,100,100,100,100,100,100,100,100,100,100,100,100,100,100,100,100,100,101,101,101,101,101,101,101,101,101,101,101,101,101,101,101,111,111,111,111],"card_choices":[{"not_picked":["champ:ShieldSigil","champ:BerserkerStyle"],"picked":"champ:DefensiveStyle","floor":2.0},{"not_picked":["champ:StanceDance","champ:BladeFlurry"],"picked":"champ:Duel","floor":6.0},{"not_picked":["champ:ShieldThrow","champ:SkillfulDodge"],"picked":"champ:FlashCut","floor":8.0},{"not_picked":["champ:ArenaPreparation","champ:RapidStrikes","champ:BladeFlurry"],"picked":"SKIP","floor":9.0},{"not_picked":["champ:PreciseThrust","champ:FocusedBerserking"],"picked":"champ:FalseCounter","floor":11.0},{"not_picked":["champ:EnchantSword","champ:FanOfKnives","champ:BringItOn"],"picked":"SKIP","floor":13.0},{"not_picked":["champ:GutPunch","champ:AdrenalArmor","champ:ViciousMockery"],"picked":"SKIP","floor":15.0},{"not_picked":["champ:SwordThrow","champ:TripleStrike"],"picked":"champ:HoldFirm","floor":16.0},{"not_picked":["champ:RisingSlash","champ:AdrenalArmor"],"picked":"champ:BringItOn","floor":19.0},{"not_picked":["champ:EnragedBash","champ:StanceDance"],"picked":"champ:Endure","floor":20.0},{"not_picked":["champ:EnragedBash","champ:PerfectedStrike","champ:TornadoPunch"],"picked":"SKIP","floor":22.0},{"not_picked":["champ:DancingMaster","champ:Haymaker","champ:FanOfKnives"],"picked":"SKIP","floor":23.0},{"not_picked":["champ:ArenaPreparation","champ:BerserkersShout","champ:Haymaker+1"],"picked":"SKIP","floor":26.0},{"not_picked":["champ:GladiatorStyle","champ:ViciousMockery"],"picked":"champ:DefensiveStyle+1","floor":27.0},{"not_picked":["champ:BerserkerStyle","champ:Encircle"],"picked":"champ:Lariat","floor":31.0},{"not_picked":["champ:RecklessLeap","champ:CalledShot","champ:UltimateStance"],"picked":"SKIP","floor":32.0},{"not_picked":["champ:BerserkerStyle+1","champ:AdrenalArmor","Leg Sweep"],"picked":"champ:PreemptiveStrike+1","floor":36.0},{"not_picked":["Quick Slash+1","champ:Encircle","PiercingWail","Well Laid Plans+1"],"picked":"SKIP","floor":37.0},{"not_picked":["champ:StanceDance","Dagger Throw","Blade Dance","Flying Knee+1"],"picked":"SKIP","floor":44.0},{"not_picked":["champ:BerserkersShout","champ:FanOfKnives","Hidden Blade+1","champ:Lariat+1"],"picked":"SKIP","floor":45.0},{"not_picked":["Pace","ReplayTheSpireMod:Speed Training+1","Dodge and Roll"],"picked":"Fluid Movement+1","floor":46.0},{"not_picked":["jedi:collectorvenom","Underhanded Strike+1","champ:BladeFlurry","Acrobatics"],"picked":"SKIP","floor":48.0},{"not_picked":["champ:DeathBlow","Slice","Quick Slash+1","Outmaneuver"],"picked":"SKIP","floor":49.0}],"player_experience":266691,"relics_obtained":[{"floor":7.0,"key":"Regal Pillow"},{"floor":13.0,"key":"ReplayTheSpireMod:TigerMarble"},{"floor":20.0,"key":"reliquary:SharkskinSheath"},{"floor":21.0,"key":"Rawhide"},{"floor":24.0,"key":"Garlic"},{"floor":27.0,"key":"Ginger"},{"floor":48.0,"key":"aspiration:HiddenCompartment"}],"event_choices":[],"is_beta":false,"boss_relics":[{"not_picked":["Cursed Key","sneckomod:SneckoTalon"],"picked":"Fusion Hammer"},{"not_picked":["aspiration:WatcherSkillbook","conspire:SeveredTorchhead"],"picked":"aspiration:SilentSkillbook"}],"items_purged_floors":[5,5,31,40],"is_endless":false,"potions_floor_spawned":[6,13,16,19,22,23,33,37,44,45,48],"ascension_level":0}}