{"host":"m552uo5jodlktm3e","time":1613197657,"event":{"mods":["BaseMod","Colored Powertips","Downfall","Minty Spire (QoL Compilation)","Quick Restart","StSLib"],"gold_per_floor":[99,117,27,40,57,42,42,69,169,169,269,288,299,339,365,479,479,479,506,534,543,585,585,608,642,642,667,676,313,352,23,43,147,147,47,66,82,157,171,215,238,238,138,166,189,214,256,156,180,180,180,209,5,5,5,5],"floor_reached":57,"language":"ENG","playtime":4147,"items_purged":["Slimebound:Defend_Slimebound","downfall:Aged","Normality"],"score":1337,"play_id":"9e4ae4cf-98cb-4e27-adc3-93619023ad04","local_time":"20210212222737","is_ascension_mode":true,"campfire_choices":[{"data":"Slimebound:Split","floor":1.0,"key":"SMITH"},{"data":"Slimebound:PrepareCrush","floor":10.0,"key":"SMITH"},{"data":"Slimebound:WasteNot","floor":18.0,"key":"SMITH"},{"floor":23.0,"key":"RECALL"},{"data":"Slimebound:GoopTackle","floor":26.0,"key":"SMITH"},{"data":"RitualDagger","floor":35.0,"key":"SMITH"},{"data":"Slimebound:TagTeam","floor":43.0,"key":"SMITH"},{"floor":48.0,"key":"REST"},{"floor":54.0,"key":"REST"}],"circlet_count":0,"master_deck":["Slimebound:Strike_Slimebound","Slimebound:Strike_Slimebound","Slimebound:Tackle","Slimebound:Defend_Slimebound","Slimebound:Defend_Slimebound","Slimebound:Split+1","Slimebound:CorrosiveSpit+1","Slimebound:PressTheAttack","Slimebound:RejuvenatingLick","Slimebound:Equalize","Slimebound:SplitMire","Slimebound:SlimeBarrage","Slimebound:OozeBath","Slimebound:Grow","Slimebound:PrepareCrush+1","downfall:Haunted","downfall:Haunted","Slimebound:MassFeed","Clumsy","Slimebound:MegaLick","Slimebound:GoopSpray","Slimebound:LeechLife","Slimebound:WasteNot+1","Slimebound:FinishingTackle","Slimebound:SplitBruiser+1","Pride","Slimebound:Nibble+1","Slimebound:GoopTackle+1","Slimebound:HauntingLick+1","RitualDagger+1","Slimebound:SlimeBrawl+1","Slimebound:DouseInSlime","Slimebound:TagTeam+1","Slimebound:RallyTheTroops","Slimebound:DouseInSlime","Slimebound:SamplingLick+1","Slimebound:GrowthPunch+1","Slimebound:ComboTackle+1","Slimebound:SamplingLick+1","Slimebound:SlimeSpikes+1","Slimebound:Repurpose+1","Slimebound:SlimeSpikes+1"],"relics":["Slimebound:AbsorbEndCombat","Ice Cream","Bronze Scales","Du-Vu Doll","CeramicFish","Slimebound:TarBlob","Toy Ornithopter","Red Mask","Thread and Needle","Bottled Flame","Meat on the Bone","Nunchaku","Tiny Chest","Busted Crown","downfall:HeartBlessingRed","MealTicket","Regal Pillow","downfall:HeartBlessingBlue","Lizard Tail","downfall:HeartBlessingGreen","PreservedInsect","Vajra"],"acts_visited":["Exordium","TheCity","TheBeyond","TheEnding"],"potions_floor_usage":[56],"damage_taken":[{"damage":3.0,"enemies":"Jaw Worm","floor":2.0,"turns":4.0},{"damage":0.0,"enemies":"downfall:FleeingMerchant","floor":3.0,"turns":4.0},{"damage":3.0,"enemies":"Small Slimes","floor":4.0,"turns":2.0},{"damage":2.0,"enemies":"2 Louse","floor":5.0,"turns":2.0},{"damage":13.0,"enemies":"downfall:FleeingMerchant","floor":6.0,"turns":4.0},{"damage":19.0,"enemies":"Gremlin Nob","floor":8.0,"turns":3.0},{"damage":50.0,"enemies":"downfall:Heads","floor":9.0,"turns":4.0},{"damage":12.0,"enemies":"Blue Slaver","floor":12.0,"turns":2.0},{"damage":11.0,"enemies":"Exordium Wildlife","floor":13.0,"turns":3.0},{"damage":0.0,"enemies":"Lagavulin","floor":14.0,"turns":4.0},{"damage":7.0,"enemies":"Gremlin Gang","floor":15.0,"turns":3.0},{"damage":47.0,"enemies":"IC_STATUS_ARCHETYPE","floor":16.0,"turns":6.0},{"damage":0.0,"enemies":"Chosen","floor":19.0,"turns":4.0},{"damage":10.0,"enemies":"Spheric Guardian","floor":20.0,"turns":3.0},{"damage":54.0,"enemies":"Masked Bandits","floor":22.0,"turns":4.0},{"damage":11.0,"enemies":"Gremlin Leader","floor":25.0,"turns":5.0},{"damage":11.0,"enemies":"Snecko","floor":27.0,"turns":3.0},{"damage":17.0,"enemies":"downfall:FleeingMerchant","floor":29.0,"turns":4.0},{"damage":29.0,"enemies":"Slavers","floor":30.0,"turns":5.0},{"damage":0.0,"enemies":"downfall:FleeingMerchant","floor":31.0,"turns":1.0},{"damage":26.0,"enemies":"Centurion and Healer","floor":32.0,"turns":5.0},{"damage":65.0,"enemies":"DF_ARCHETYPE_CLAW","floor":33.0,"turns":6.0},{"damage":11.0,"enemies":"3 Darklings","floor":36.0,"turns":3.0},{"damage":7.0,"enemies":"3 Shapes","floor":37.0,"turns":3.0},{"damage":26.0,"enemies":"Maw","floor":39.0,"turns":8.0},{"damage":36.0,"enemies":"Reptomancer","floor":40.0,"turns":4.0},{"damage":9.0,"enemies":"4 Shapes","floor":44.0,"turns":4.0},{"damage":10.0,"enemies":"Writhing Mass","floor":45.0,"turns":2.0},{"damage":0.0,"enemies":"Sphere and 2 Shapes","floor":46.0,"turns":3.0},{"damage":48.0,"enemies":"Nemesis","floor":47.0,"turns":6.0},{"damage":1.0,"enemies":"3 Darklings","floor":49.0,"turns":3.0},{"damage":7.0,"enemies":"SI_POISON_ARCHETYPE","floor":50.0,"turns":6.0},{"damage":136.0,"enemies":"downfall:CharBossMerchant","floor":52.0,"turns":7.0},{"damage":43.0,"enemies":"downfall:NeowBoss","floor":55.0,"turns":13.0},{"damage":120,"enemies":"downfall:NeowBossFinal","floor":56,"turns":10}],"seed_played":"7731483156832645385","potions_obtained":[{"floor":5.0,"key":"AttackPotion"},{"floor":8.0,"key":"SmokeBomb"},{"floor":13.0,"key":"Slimebound:SlimedPotion"},{"floor":14.0,"key":"BlessingOfTheForge"},{"floor":15.0,"key":"CultistPotion"},{"floor":19.0,"key":"ColorlessPotion"},{"floor":25.0,"key":"DistilledChaos"},{"floor":30.0,"key":"FairyPotion"},{"floor":33.0,"key":"champ:CounterPotion"},{"floor":38.0,"key":"downfall:CursedFountainPotion"},{"floor":40.0,"key":"Regen Potion"},{"floor":46.0,"key":"SmokeBomb"},{"floor":52.0,"key":"BlessingOfTheForge"}],"is_trial":false,"path_per_floor":["R","M","$","M","M","$","T","E","?","R","?","M","M","E","M","B",null,"R","M","M","?","?","R","T","E","R","M","?","$","E","$","M","B",null,"R","M","M","?","M","E","T","?","R","M","M","M","E","R","M","B",null,"E","$","R","B","B",null],"character_chosen":"SLIMEBOUND","items_purchased":["Bottled Flame","Nunchaku","Slimebound:DouseInSlime","Slimebound:TagTeam","Tiny Chest","Vajra","FearPotion"],"campfire_rested":2,"item_purchase_floors":[29,31,31,31,31,53,53],"current_hp_per_floor":[71,71,71,70,71,70,70,63,29,29,34,24,15,31,36,11,76,76,79,71,71,50,50,50,63,63,74,68,70,47,47,47,19,79,79,70,79,79,67,47,47,47,57,54,64,92,55,92,91,92,92,33,48,90,73,37],"gold":5,"neow_bonus":"TEN_PERCENT_HP_BONUS","is_daily":false,"chose_seed":false,"campfire_upgraded":6,"win_rate":0.0,"timestamp":1613197657,"path_taken":["R","M","$","M","M","$","T","E","?","R","?","M","M","E","M","BOSS","R","M","M","?","?","R","T","E","R","M","?","$","E","$","M","BOSS","R","M","M","?","?","E","T","?","R","M","M","M","E","R","M","BOSS","E","$","R","BOSS","BOSS"],"items_purchased_type":["Relic","Relic","Card","Card","Relic","Relic","Potion"],"build_version":"2020-12-22","purchased_purges":3,"victory":true,"max_hp_per_floor":[71,71,71,71,71,71,71,71,71,71,76,76,76,76,76,76,76,76,79,79,79,79,79,79,79,79,79,79,79,79,79,79,79,79,79,79,79,79,82,82,82,82,92,92,92,92,92,92,92,92,92,92,92,92,92,92],"card_choices":[{"not_picked":["Slimebound:GoopTackle","Slimebound:LeechEnergy"],"picked":"Slimebound:PressTheAttack","floor":2.0},{"not_picked":["Slimebound:SelfFormingGoo","Slimebound:GoopSpray"],"picked":"Slimebound:RejuvenatingLick","floor":3.0},{"not_picked":["Slimebound:ItLooksTasty","Slimebound:FormOfPuddle"],"picked":"Slimebound:Equalize","floor":4.0},{"not_picked":["Slimebound:ItLooksTasty","Slimebound:SplitLeeching"],"picked":"Slimebound:SplitMire","floor":5.0},{"not_picked":["Slimebound:HauntingLick","Slimebound:TongueLash"],"picked":"Slimebound:SlimeBarrage","floor":6.0},{"not_picked":["Slimebound:GoopSpray","Slimebound:GoopTackle"],"picked":"Slimebound:OozeBath","floor":8.0},{"not_picked":["Slimebound:SplitAcid","Slimebound:SlimeSpikes"],"picked":"Slimebound:PrepareCrush","floor":9.0},{"not_picked":["Slimebound:LeechingTouch","Slimebound:SamplingLick","Slimebound:Replication"],"picked":"SKIP","floor":12.0},{"not_picked":["Slimebound:SplitLeeching","Slimebound:FinishingTackle"],"picked":"Slimebound:MegaLick","floor":13.0},{"not_picked":["Slimebound:FinishingTackle","Slimebound:PressTheAttack"],"picked":"Slimebound:GoopSpray","floor":14.0},{"not_picked":["Slimebound:ComboTackle","Slimebound:Repurpose"],"picked":"Slimebound:LeechLife","floor":15.0},{"not_picked":["Slimebound:LeechLife","Slimebound:PrepareCrush"],"picked":"Slimebound:WasteNot","floor":16.0},{"not_picked":["Slimebound:LeechingTouch","Slimebound:RainOfGoop"],"picked":"Slimebound:FinishingTackle","floor":19.0},{"not_picked":["Slimebound:LeechEnergy","Slimebound:SamplingLick"],"picked":"Slimebound:SplitBruiser+1","floor":20.0},{"not_picked":["Slimebound:ComboTackle","Slimebound:LeechingTouch"],"picked":"Slimebound:Nibble+1","floor":22.0},{"not_picked":["Slimebound:Grow","Slimebound:BestDefense"],"picked":"Slimebound:GoopTackle","floor":25.0},{"not_picked":["Slimebound:GoopSpray","Slimebound:PressTheAttack"],"picked":"Slimebound:HauntingLick+1","floor":27.0},{"not_picked":["Slimebound:ProtectTheBoss","Slimebound:LivingWall","Slimebound:FinishingTackle"],"picked":"SKIP","floor":29.0},{"not_picked":["Slimebound:SlimeSpikes","Slimebound:SplitAcid"],"picked":"Slimebound:AcidTongue","floor":30.0},{"not_picked":["Slimebound:SlimeBarrage","Slimebound:Equalize"],"picked":"Slimebound:SlimeBrawl+1","floor":31.0},{"not_picked":["Slimebound:ItLooksTasty","Slimebound:GoopTackle+1"],"picked":"Slimebound:RallyTheTroops","floor":32.0},{"not_picked":["Slimebound:DuplicatedForm","Slimebound:RallyTheTroops"],"picked":"Slimebound:DouseInSlime","floor":33.0},{"not_picked":[],"picked":"Slimebound:SamplingLick+1","floor":36.0},{"not_picked":["Slimebound:SplitAcid"],"picked":"SKIP","floor":37.0},{"not_picked":["Slimebound:SpikyOuterGoop"],"picked":"SKIP","floor":39.0},{"not_picked":[],"picked":"Slimebound:GrowthPunch+1","floor":40.0},{"not_picked":[],"picked":"Slimebound:ComboTackle+1","floor":44.0},{"not_picked":[],"picked":"Slimebound:SamplingLick+1","floor":45.0},{"not_picked":[],"picked":"Slimebound:SlimeSpikes+1","floor":46.0},{"not_picked":[],"picked":"Slimebound:Repurpose+1","floor":47.0},{"not_picked":[],"picked":"Slimebound:SlimeSpikes+1","floor":49.0},{"not_picked":["Slimebound:SpikyOuterGoop+1"],"picked":"SKIP","floor":52.0}],"player_experience":1067501,"relics_obtained":[{"floor":7.0,"key":"Ice Cream"},{"floor":8.0,"key":"Bronze Scales"},{"floor":14.0,"key":"CeramicFish"},{"floor":22.0,"key":"Red Mask"},{"floor":25.0,"key":"Thread and Needle"},{"floor":30.0,"key":"Meat on the Bone"},{"floor":40.0,"key":"MealTicket"},{"floor":41.0,"key":"Regal Pillow"},{"floor":47.0,"key":"Lizard Tail"},{"floor":52.0,"key":"PreservedInsect"}],"event_choices":[{"damage_healed":0.0,"max_hp_gain":0.0,"max_hp_loss":0.0,"gold_gain":0.0,"event_name":"Addict","player_choice":"Stole Relic","floor":21.0,"gold_loss":0.0,"damage_taken":0.0,"relics_obtained":["Toy Ornithopter"],"cards_obtained":["Pride"]},{"damage_healed":0.0,"max_hp_gain":0.0,"max_hp_loss":0.0,"gold_gain":0.0,"event_name":"Masked Bandits","player_choice":"Fought Bandits","floor":22.0,"gold_loss":0.0,"damage_taken":0.0},{"cards_removed":["Slimebound:AcidTongue"],"damage_healed":0.0,"max_hp_gain":0.0,"max_hp_loss":0.0,"gold_gain":0.0,"event_name":"Falling","player_choice":"Removed Power","floor":42.0,"gold_loss":0.0,"damage_taken":0.0}],"is_beta":false,"boss_relics":[{"not_picked":["Slimebound:AbsorbEndCombatUpgraded","bronze:MakeshiftBattery"],"picked":"Slimebound:TarBlob"},{"not_picked":["SlaversCollar","Cursed Key"],"picked":"Busted Crown"}],"items_purged_floors":[3,29,31],"is_endless":false,"potions_floor_spawned":[5,8,13,14,15,19,25,30,33,40,44,46,49,52],"ascension_level":1}}