{"host":"zmnaju399zpax9sm","time":1613202475,"event":{"mods":["BaseMod","Hermit","Minty Spire (QoL Compilation)","StSLib","The Cursed","The Poker Player","The Runesmith"],"gold_per_floor":[111,286,286,296,314,314,314,314],"floor_reached":7,"language":"KOR","playtime":231,"items_purged":[],"score":43,"play_id":"c83784c0-36cb-4106-8d08-93f7bf02265b","local_time":"20210213164755","is_ascension_mode":true,"campfire_choices":[{"data":"hermit:Reprieve","floor":6.0,"key":"SMITH"}],"circlet_count":0,"master_deck":["hermit:Strike_Hermit","hermit:Strike_Hermit","hermit:Strike_Hermit","hermit:Strike_Hermit","hermit:Defend_Hermit","hermit:Defend_Hermit","hermit:Defend_Hermit","hermit:Defend_Hermit","hermit:Snapshot","hermit:Covet","Shame","hermit:Reprieve+1","hermit:Shortfuse","Doubt","hermit:Grudge+1"],"relics":["hermit:Momento","Molten Egg 2"],"acts_visited":["Exordium"],"potions_floor_usage":[],"damage_taken":[{"damage":2.0,"enemies":"2 Louse","floor":1.0,"turns":4.0},{"damage":3.0,"enemies":"Small Slimes","floor":4.0,"turns":3.0},{"damage":1.0,"enemies":"Jaw Worm","floor":5.0,"turns":2.0},{"damage":0,"enemies":"Lagavulin","floor":7,"turns":4}],"seed_played":"9178007636570664999","potions_obtained":[],"is_trial":false,"path_per_floor":["M","?","?","M","M","R","E"],"character_chosen":"HERMIT","items_purchased":[],"campfire_rested":0,"item_purchase_floors":[],"current_hp_per_floor":[73,73,66,63,62,62,62,62],"gold":314,"neow_bonus":"THREE_RARE_CARDS","is_daily":false,"chose_seed":false,"campfire_upgraded":1,"win_rate":0.0,"timestamp":1613202475,"path_taken":["M","?","?","M","M","R","E"],"items_purchased_type":[],"build_version":"2020-12-22","purchased_purges":0,"victory":false,"max_hp_per_floor":[75,75,75,75,75,75,75,75],"card_choices":[{"not_picked":["hermit:Magnum","hermit:EternalForm"],"picked":"hermit:Reprieve","floor":0.0},{"not_picked":["hermit:SprayPray","hermit:Roulette"],"picked":"hermit:Shortfuse","floor":1.0},{"not_picked":["hermit:Shortfuse+1","hermit:Snipe"],"picked":"hermit:Grudge+1","floor":4.0},{"not_picked":["hermit:EyeOfTheStorm","hermit:CalledShot+1","hermit:Manifest"],"picked":"SKIP","floor":5.0}],"player_experience":502582,"relics_obtained":[],"event_choices":[{"damage_healed":0.0,"max_hp_gain":0.0,"max_hp_loss":0.0,"gold_gain":175.0,"event_name":"Liars Game","player_choice":"AGREE","floor":2.0,"gold_loss":0.0,"damage_taken":0.0,"cards_obtained":["Doubt"]},{"damage_healed":0.0,"max_hp_gain":0.0,"max_hp_loss":0.0,"gold_gain":0.0,"event_name":"Scrap Ooze","player_choice":"Success","floor":3.0,"gold_loss":0.0,"damage_taken":7.0,"relics_obtained":["Molten Egg 2"]}],"is_beta":false,"boss_relics":[],"items_purged_floors":[],"is_endless":false,"potions_floor_spawned":[],"killed_by":"Lagavulin","ascension_level":1}}