{"host":"u8gwyxapu65l7nuk","time":1613185850,"event":{"mods":["BaseMod","Custom Start","Minty Spire (QoL Compilation)","StSLib"],"gold_per_floor":[119,119,134,188,198,198,232,232,257,257,5,18,51,70,70,168,168,187,200,200,211,242,242,242],"floor_reached":23,"language":"ENG","playtime":582,"items_purged":[],"score":211,"play_id":"fbf650f6-0ebf-4746-b32a-6021baa107b0","local_time":"20210213111050","is_ascension_mode":true,"campfire_choices":[{"data":"Immolate","floor":6,"key":"SMITH"},{"data":"Spot Weakness","floor":8,"key":"SMITH"},{"data":"Shrug It Off","floor":10,"key":"SMITH"},{"data":"Twin Strike","floor":15,"key":"SMITH"}],"circlet_count":0,"master_deck":["Strike_R","Strike_R","Strike_R","Strike_R","Strike_R","Defend_R","Defend_R","Defend_R","Defend_R","Bash","Immolate+1","Heavy Blade","Cleave","Shrug It Off+1","Spot Weakness+1","Twin Strike+1","Shrug It Off","Fiend Fire","Cleave","Impervious","Rampage","Ghostly Armor","Warcry+1"],"relics":["Burning Blood","Orichalcum","The Courier","Blood Vial","Bird Faced Urn","Nunchaku","Black Star","Peace Pipe","Red Mask"],"acts_visited":["Exordium","TheCity"],"potions_floor_usage":[13,22,23],"damage_taken":[{"damage":0,"enemies":"2 Louse","floor":1,"turns":1},{"damage":0,"enemies":"Small Slimes","floor":3,"turns":3},{"damage":6,"enemies":"Jaw Worm","floor":5,"turns":2},{"damage":37,"enemies":"Lagavulin","floor":7,"turns":7},{"damage":1,"enemies":"Blue Slaver","floor":12,"turns":2},{"damage":19,"enemies":"3 Sentries","floor":13,"turns":6},{"damage":15,"enemies":"Gremlin Gang","floor":14,"turns":3},{"damage":30,"enemies":"Hexaghost","floor":16,"turns":8},{"damage":21,"enemies":"2 Thieves","floor":18,"turns":4},{"damage":4,"enemies":"Chosen","floor":19,"turns":4},{"damage":16,"enemies":"Centurion and Healer","floor":21,"turns":10},{"damage":44,"enemies":"Masked Bandits","floor":22,"turns":4},{"damage":43,"enemies":"Book of Stabbing","floor":23,"turns":7}],"seed_played":"1032336740894907736","potions_obtained":[{"floor":7,"key":"Weak Potion"},{"floor":12,"key":"Regen Potion"},{"floor":19,"key":"ColorlessPotion"},{"floor":22,"key":"BloodPotion"}],"is_trial":false,"path_per_floor":["M","?","M","?","M","R","E","R","T","R","$","M","E","M","R","B",null,"M","M","?","M","?","E"],"character_chosen":"IRONCLAD","items_purchased":["Bird Faced Urn","Twin Strike"],"campfire_rested":0,"item_purchase_floors":[11,11],"current_hp_per_floor":[80,73,79,79,79,79,48,48,48,48,48,55,59,52,52,30,80,65,69,69,61,41,0,0],"gold":242,"neow_bonus":"ONE_RANDOM_RARE_CARD","is_daily":false,"chose_seed":false,"campfire_upgraded":4,"win_rate":0.0,"timestamp":1613185850,"path_taken":["M","?","M","?","M","R","E","R","T","R","?","M","E","M","R","BOSS","M","M","?","?","?","E"],"items_purchased_type":["Relic","Card"],"build_version":"2020-12-22","purchased_purges":0,"victory":false,"max_hp_per_floor":[80,80,80,80,80,80,80,80,80,80,80,80,80,80,80,80,80,80,80,80,80,80,80,80],"card_choices":[{"not_picked":["Sword Boomerang","Whirlwind"],"picked":"Heavy Blade","floor":1},{"not_picked":["Clash","Second Wind"],"picked":"Cleave","floor":3},{"not_picked":["Headbutt","Havoc"],"picked":"Shrug It Off","floor":5},{"not_picked":["Armaments","Cleave"],"picked":"Spot Weakness","floor":7},{"not_picked":["Warcry","Bloodletting"],"picked":"Shrug It Off","floor":12},{"not_picked":["Second Wind","Shockwave"],"picked":"Fiend Fire","floor":13},{"not_picked":["Flex","Perfected Strike"],"picked":"Cleave","floor":14},{"not_picked":["Fiend Fire","Immolate"],"picked":"Impervious","floor":16},{"not_picked":["Shrug It Off+1","Spot Weakness"],"picked":"Rampage","floor":18},{"not_picked":["Warcry","Sever Soul"],"picked":"Ghostly Armor","floor":19},{"not_picked":["Pommel Strike","Perfected Strike","Thunderclap+1"],"picked":"SKIP","floor":21},{"not_picked":["Second Wind+1","Whirlwind"],"picked":"Warcry+1","floor":22}],"player_experience":275355,"relics_obtained":[{"floor":7,"key":"The Courier"},{"floor":9,"key":"Blood Vial"},{"floor":13,"key":"Nunchaku"},{"floor":22,"key":"Red Mask"}],"event_choices":[{"damage_healed":0,"gold_gain":0,"player_choice":"Success","damage_taken":7,"relics_obtained":["Orichalcum"],"max_hp_gain":0,"max_hp_loss":0,"event_name":"Scrap Ooze","floor":2,"gold_loss":0},{"damage_healed":0,"gold_gain":54,"player_choice":"Gained Gold","damage_taken":0,"max_hp_gain":0,"max_hp_loss":0,"event_name":"Golden Wing","floor":4,"gold_loss":0},{"damage_healed":0,"gold_gain":0,"player_choice":"Gave Potion","damage_taken":0,"relics_obtained":["Peace Pipe"],"max_hp_gain":0,"max_hp_loss":0,"event_name":"WeMeetAgain","floor":20,"gold_loss":0},{"damage_healed":0,"gold_gain":0,"player_choice":"Fought Bandits","damage_taken":0,"max_hp_gain":0,"max_hp_loss":0,"event_name":"Masked Bandits","floor":22,"gold_loss":0}],"is_beta":false,"boss_relics":[{"not_picked":["Tiny House","SacredBark"],"picked":"Black Star"}],"items_purged_floors":[],"is_endless":false,"potions_floor_spawned":[7,12,19,22],"killed_by":"Book of Stabbing","ascension_level":1}}