{"host":"k2mw1od0xoi9pcfj","time":1613256896,"event":{"mods":["AchievementEnabler","Act Like it!","Aspiration","BaseMod","Beaked The Cultist","Downfall","Energized Spire","Highlight Path","Minty Spire (QoL Compilation)","Permanent Neow","Relic Stats","Reliquary","Replay The Spire","Retaliation","StSLib"],"gold_per_floor":[99,99,112,123,139,139,139,151,151,169,169,179,104,147,159,268,268,18,46,73,93,93,93,93],"floor_reached":22,"language":"ENG","playtime":1315,"items_purged":[],"score":215,"play_id":"16fb1700-9b52-4445-ba60-769031841ff6","local_time":"20210213165456","is_ascension_mode":false,"campfire_choices":[{"data":"Slimebound:Split","floor":1,"key":"SMITH"},{"data":"Slimebound:SplitSpecialist","floor":6,"key":"SMITH"},{"data":"Slimebound:OozeBath","floor":9,"key":"SMITH"},{"floor":11,"key":"RECALL"},{"data":"Slimebound:CorrosiveSpit","floor":18,"key":"SMITH"}],"circlet_count":0,"master_deck":["Slimebound:Strike_Slimebound","Slimebound:Strike_Slimebound","Slimebound:Strike_Slimebound","Slimebound:Tackle","Slimebound:Defend_Slimebound","Slimebound:Defend_Slimebound","Slimebound:Defend_Slimebound","Slimebound:Defend_Slimebound","Slimebound:Split+1","Slimebound:CorrosiveSpit+1","Slimebound:OozeBath+1","Slimebound:LeechEnergy","Slimebound:SplitSpecialist+1","Slimebound:SpikyOuterGoop","Slimebound:ForwardTackle","Slimebound:LeadByExample","Slimebound:Recollect","Slimebound:FirmFortitude","Slimebound:Replication","Slimebound:SlimeSpikes"],"relics":["Slimebound:AbsorbEndCombat","aspiration:HummingbirdHeart","Slimebound:GreedOozeRelic","CeramicFish","aspiration:SilentSkillbook","downfall:HeartBlessingRed","downfall:HeartBlessingGreen"],"acts_visited":["Exordium","TheCity"],"potions_floor_usage":[],"damage_taken":[{"damage":4,"enemies":"2 Louse","floor":3,"turns":4},{"damage":3,"enemies":"Cultist","floor":4,"turns":3},{"damage":0,"enemies":"Small Slimes","floor":5,"turns":4},{"damage":2,"enemies":"3 Louse","floor":8,"turns":3},{"damage":2,"enemies":"downfall:LooterAlt","floor":10,"turns":3},{"damage":12,"enemies":"Exordium Thugs","floor":12,"turns":5},{"damage":0,"enemies":"Replay:BlueRogue","floor":14,"turns":5},{"damage":0,"enemies":"3 Louse","floor":15,"turns":3},{"damage":9,"enemies":"IC_STATUS_ARCHETYPE","floor":16,"turns":8},{"damage":4,"enemies":"downfall:LooterAlt2","floor":19,"turns":4},{"damage":32,"enemies":"Chosen","floor":20,"turns":6},{"damage":12,"enemies":"Shelled Parasite and Fungi","floor":21,"turns":6},{"damage":1,"enemies":"Snake Plant","floor":22,"turns":4}],"seed_played":"858347677826817250","potions_obtained":[{"floor":4,"key":"BlessingOfTheForge"},{"floor":10,"key":"SpeedPotion"},{"floor":12,"key":"Elixir"}],"is_trial":false,"path_per_floor":["R","?","M","M","M","R","T","M","R","M","R","M","?","E","M","B",null,"R","M","M","M","M"],"character_chosen":"SLIMEBOUND","items_purchased":[],"campfire_rested":0,"item_purchase_floors":[],"current_hp_per_floor":[47,47,47,52,60,60,60,64,64,65,65,59,59,65,65,64,65,65,65,33,27,28,28,28],"gold":93,"neow_bonus":"THREE_RARE_CARDS","is_daily":false,"chose_seed":false,"campfire_upgraded":4,"win_rate":0.0,"timestamp":1613256896,"path_taken":["R","?","M","M","M","R","T","?","R","M","R","M","?","E","M","BOSS","R","M","M","M","M"],"items_purchased_type":[],"build_version":"2020-12-22","purchased_purges":0,"victory":false,"max_hp_per_floor":[65,65,65,65,65,65,65,65,65,65,65,65,65,65,65,65,65,65,65,65,65,65,65,65],"relic_stats":{"counters":[13,56],"CeramicFish":36,"obtain_stats":[{"Slimebound:GreedOozeRelic":13,"downfall:HeartBlessingRed":18,"CeramicFish":14,"aspiration:SilentSkillbook":17,"downfall:HeartBlessingGreen":18,"Slimebound:AbsorbEndCombat":0,"aspiration:HummingbirdHeart":7},{"Slimebound:GreedOozeRelic":6,"downfall:HeartBlessingRed":9,"CeramicFish":7,"aspiration:SilentSkillbook":9,"downfall:HeartBlessingGreen":9,"Slimebound:AbsorbEndCombat":0,"aspiration:HummingbirdHeart":3},{"Slimebound:GreedOozeRelic":22,"downfall:HeartBlessingRed":37,"CeramicFish":27,"aspiration:SilentSkillbook":37,"downfall:HeartBlessingGreen":37,"Slimebound:AbsorbEndCombat":0,"aspiration:HummingbirdHeart":11}]},"card_choices":[{"not_picked":["Slimebound:OneTwoCombo","Slimebound:Teamwork"],"picked":"Slimebound:OozeBath","floor":0},{"not_picked":["Slimebound:Schlurp","Slimebound:PressTheAttack"],"picked":"Slimebound:LeechEnergy","floor":3},{"not_picked":["Slimebound:PressTheAttack","Slimebound:SplitMire"],"picked":"Slimebound:SplitSpecialist","floor":4},{"not_picked":["Slimebound:Gluttony","Slimebound:ViciousTackle","Slimebound:TongueLash"],"picked":"SKIP","floor":5},{"not_picked":["Slimebound:SamplingLick","Slimebound:LeechEnergy"],"picked":"Slimebound:SpikyOuterGoop","floor":8},{"not_picked":["Slimebound:HauntingLick","Slimebound:DisruptingSlam"],"picked":"Slimebound:ForwardTackle","floor":10},{"not_picked":["Slimebound:DivideAndConquer","Slimebound:SlimeBrawl"],"picked":"Slimebound:LeadByExample","floor":12},{"not_picked":["Slimebound:ViciousTackle","Slimebound:Prepare"],"picked":"Slimebound:Recollect","floor":14},{"not_picked":["Slimebound:Chomp","Slimebound:FinishingTackle","Slimebound:SplitBruiser"],"picked":"SKIP","floor":15},{"not_picked":["Slimebound:PrepareCrush","Slimebound:DuplicatedForm"],"picked":"Slimebound:FirmFortitude","floor":16},{"not_picked":["Riddle With Holes","Slimebound:SplitLeeching","Quick Slash+1"],"picked":"Slimebound:Replication","floor":19},{"not_picked":["Crippling Poison","Dodge and Roll","Flying Knee+1"],"picked":"Slimebound:SlimeSpikes","floor":20},{"not_picked":["Quick Slash","Slimebound:Gluttony","Bouncing Flask","Slimebound:FinishingTackle+1"],"picked":"SKIP","floor":21}],"player_experience":763540,"relics_obtained":[{"floor":7,"key":"aspiration:HummingbirdHeart"},{"floor":14,"key":"CeramicFish"}],"event_choices":[{"damage_healed":0,"gold_gain":0,"player_choice":"Ignored","damage_taken":0,"max_hp_gain":0,"max_hp_loss":0,"event_name":"NoteForYourself","floor":2,"gold_loss":0}],"is_beta":false,"boss_relics":[{"not_picked":["SlaversCollar","Replay:Wanted Poster"],"picked":"aspiration:SilentSkillbook"}],"items_purged_floors":[],"is_endless":false,"potions_floor_spawned":[4,10,12,14,15,16],"killed_by":"Snake Plant","ascension_level":0}}