{"host":"6nqy62k7v1jh46lb","time":1613247543,"event":{"mods":["AchievementEnabler","BaseMod","Bestiary","Block Reminder","Colored Powertips","Highlight Path","Minty Spire (QoL Compilation)","Relic Stats"],"gold_per_floor":[114,114,0,0,14,14,47,63,63,77,91,111,142,41,41,137,137,148,161,161,171,181,181,198,215,215,215,215,215,215,17,17,17,17],"floor_reached":33,"language":"ENG","playtime":3248,"items_purged":[],"score":298,"play_id":"3b407e25-f4d1-4de7-b6f1-1c3a8f8b17f4","local_time":"20210213211903","is_ascension_mode":true,"campfire_choices":[{"floor":6.0,"key":"REST"},{"floor":15.0,"key":"REST"},{"floor":23,"key":"REST"},{"floor":27,"key":"REST"},{"floor":30,"key":"REST"},{"data":"Double Energy","floor":32,"key":"SMITH"}],"circlet_count":0,"master_deck":["Strike_B","Strike_B","Defend_B","Defend_B","Defend_B","Defend_B","Zap","Dualcast+1","Redo","Capacitor","Stack","Ball Lightning","Tempest","Rebound","Glacier","Double Energy+1","Conserve Battery","All For One","Leap+1","Reinforced Body","Tempest","Darkness","Auto Shields","All For One+1"],"relics":["Cracked Core","NeowsBlessing","Pantograph","Bottled Flame","PreservedInsect","Centennial Puzzle","Runic Dome","Tiny Chest","Molten Egg 2","CeramicFish"],"acts_visited":["Exordium","TheCity"],"potions_floor_usage":[16],"damage_taken":[{"damage":0.0,"enemies":"Small Slimes","floor":1.0,"turns":1.0},{"damage":0.0,"enemies":"Cultist","floor":5.0,"turns":1.0},{"damage":0.0,"enemies":"Gremlin Nob","floor":7.0,"turns":1.0},{"damage":7.0,"enemies":"2 Louse","floor":8.0,"turns":2.0},{"damage":28.0,"enemies":"Gremlin Gang","floor":10.0,"turns":4.0},{"damage":28.0,"enemies":"Exordium Thugs","floor":11.0,"turns":5.0},{"damage":7.0,"enemies":"2 Fungi Beasts","floor":12.0,"turns":4.0},{"damage":4.0,"enemies":"3 Sentries","floor":13.0,"turns":3.0},{"damage":33,"enemies":"Hexaghost","floor":16,"turns":10},{"damage":7,"enemies":"Shell Parasite","floor":18,"turns":5},{"damage":26,"enemies":"3 Byrds","floor":19,"turns":5},{"damage":6,"enemies":"3 Cultists","floor":21,"turns":6},{"damage":24,"enemies":"Centurion and Healer","floor":22,"turns":12},{"damage":4,"enemies":"Shelled Parasite and Fungi","floor":24,"turns":10},{"damage":21,"enemies":"Sentry and Sphere","floor":25,"turns":6},{"damage":102,"enemies":"Champ","floor":33,"turns":13}],"seed_played":"-7186758727775908974","potions_obtained":[{"floor":7.0,"key":"FocusPotion"},{"floor":8.0,"key":"SkillPotion"},{"floor":12.0,"key":"Fire Potion"},{"floor":21,"key":"PotionOfCapacity"},{"floor":22,"key":"FairyPotion"}],"is_trial":false,"path_per_floor":["M","?","$","?","M","R","E","M","T","M","M","M","E","$","R","B",null,"M","M","?","M","M","R","M","M","T","R","T","?","R","$","R","B"],"character_chosen":"DEFECT","items_purchased":["Capacitor","Stack","SteroidPotion","Conserve Battery","CeramicFish","Energy Potion"],"campfire_rested":5,"item_purchase_floors":[3,3,14,14,31,31],"current_hp_per_floor":[75,57,57,57,57,75,75,68,68,40,12,5,1,1,23,15,75,68,42,42,36,12,34,30,9,9,31,31,31,53,53,53,0,0],"gold":17,"neow_bonus":"THREE_ENEMY_KILL","is_daily":false,"chose_seed":false,"campfire_upgraded":1,"win_rate":0.0,"timestamp":1613247543,"path_taken":["M","?","$","?","M","R","E","M","T","?","M","M","E","$","R","BOSS","M","M","?","?","M","R","M","M","T","R","?","?","R","$","R","BOSS"],"items_purchased_type":["Card","Card","Potion","Card","Relic","Potion"],"build_version":"2020-12-22","purchased_purges":0,"victory":false,"max_hp_per_floor":[75,75,75,75,75,75,75,75,75,75,75,75,75,75,75,75,75,75,75,75,75,75,75,75,75,75,75,75,75,75,75,75,75,75],"relic_stats":{"Centennial Puzzle":[24],"counters":[16,88],"Pantograph":47,"CeramicFish":0,"Tiny Chest":0,"PreservedInsect":32,"obtain_stats":[{"Runic Dome":17,"Bottled Flame":7,"Centennial Puzzle":13,"NeowsBlessing":0,"Pantograph":2,"CeramicFish":31,"Tiny Chest":26,"Molten Egg 2":28,"PreservedInsect":9,"Cracked Core":0},{"Runic Dome":9,"Bottled Flame":3,"Centennial Puzzle":8,"NeowsBlessing":0,"Pantograph":1,"CeramicFish":15,"Tiny Chest":15,"Molten Egg 2":15,"PreservedInsect":4,"Cracked Core":0},{"Runic Dome":31,"Bottled Flame":3,"Centennial Puzzle":21,"NeowsBlessing":0,"Pantograph":1,"CeramicFish":75,"Tiny Chest":75,"Molten Egg 2":75,"PreservedInsect":5,"Cracked Core":0}]},"card_choices":[{"not_picked":["Rebound","Compile Driver"],"picked":"Redo","floor":1.0},{"not_picked":["Scrape","Cold Snap"],"picked":"Ball Lightning","floor":5.0},{"not_picked":["Gash","Beam Cell","Stack"],"picked":"SKIP","floor":7.0},{"not_picked":["Gash","Beam Cell","Stack"],"picked":"SKIP","floor":7.0},{"not_picked":["Ball Lightning","Buffer"],"picked":"Tempest","floor":8.0},{"not_picked":["Gash","Turbo"],"picked":"Rebound","floor":10.0},{"not_picked":["Steam","Darkness"],"picked":"Glacier","floor":11.0},{"not_picked":["Gash","Stack","Meteor Strike"],"picked":"SKIP","floor":12.0},{"not_picked":["Leap","Sunder"],"picked":"Double Energy","floor":13.0},{"not_picked":["Buffer","Reboot"],"picked":"All For One","floor":16},{"not_picked":["Turbo","Sweeping Beam+1"],"picked":"Leap+1","floor":18},{"not_picked":["Sweeping Beam","Steam Power"],"picked":"Reinforced Body","floor":19},{"not_picked":["Steam","Reprogram+1"],"picked":"Tempest","floor":21},{"not_picked":["Gash","Self Repair"],"picked":"Darkness","floor":22},{"not_picked":["Compile Driver+1","Gash"],"picked":"Auto Shields","floor":24},{"not_picked":["Compile Driver","Auto Shields","Turbo"],"picked":"SKIP","floor":25}],"player_experience":205076,"relics_obtained":[{"floor":7.0,"key":"Bottled Flame"},{"floor":9.0,"key":"PreservedInsect"},{"floor":13.0,"key":"Centennial Puzzle"},{"floor":26,"key":"Tiny Chest"},{"floor":28,"key":"Molten Egg 2"}],"event_choices":[{"damage_healed":0.0,"max_hp_gain":0.0,"max_hp_loss":0.0,"gold_gain":0.0,"event_name":"Scrap Ooze","player_choice":"Success","floor":2.0,"gold_loss":0.0,"damage_taken":18.0,"relics_obtained":["Pantograph"]},{"damage_healed":0.0,"max_hp_gain":0.0,"max_hp_loss":0.0,"gold_gain":0.0,"event_name":"Accursed Blacksmith","player_choice":"Forge","floor":4.0,"gold_loss":0.0,"damage_taken":0.0,"cards_upgraded":["Dualcast"]},{"cards_removed":["Strike_B"],"damage_healed":0,"gold_gain":0,"player_choice":"Purged","damage_taken":0,"max_hp_gain":0,"max_hp_loss":0,"event_name":"Purifier","floor":20,"gold_loss":0},{"damage_healed":0,"gold_gain":0,"cards_transformed":["Strike_B"],"player_choice":"Transformed","damage_taken":0,"max_hp_gain":0,"max_hp_loss":0,"event_name":"Transmorgrifier","floor":29,"gold_loss":0,"cards_obtained":["All For One"]}],"is_beta":false,"boss_relics":[{"not_picked":["SacredBark","Velvet Choker"],"picked":"Runic Dome"}],"items_purged_floors":[],"is_endless":false,"potions_floor_spawned":[7,8,12,21,22],"killed_by":"Champ","ascension_level":1}}