{"host":"s24sb66hw4a4sfft","time":1613182760,"event":{"mods":["AchievementEnabler","BaseMod","Colored Map","Colored Powertips","Googly Eyes","Hermit","Hubris","Minty Spire (QoL Compilation)","Quick Restart","Shop Mod","StSLib"],"gold_per_floor":[116,116,126,34,34,62,73,73,151,151,76,103,103,115,115,218,218,218,218],"floor_reached":18,"language":"ENG","playtime":1109,"items_purged":["Regret"],"score":193,"play_id":"5ad1d3e0-c69d-408b-986c-8e26e5269e99","local_time":"20210212211920","is_ascension_mode":false,"campfire_choices":[{"data":"hermit:Quickdraw","floor":8.0,"key":"SMITH"},{"data":"hermit:Grudge","floor":10.0,"key":"SMITH"},{"floor":13.0,"key":"REST"},{"data":"hermit:CursedWeapon","floor":15.0,"key":"SMITH"}],"circlet_count":0,"master_deck":["hermit:Strike_Hermit","hermit:Strike_Hermit","hermit:Strike_Hermit","hermit:Strike_Hermit","hermit:Defend_Hermit","hermit:Defend_Hermit","hermit:Defend_Hermit","hermit:Defend_Hermit","hermit:Snapshot","hermit:Covet+1","hermit:Quickdraw+1","hermit:Grudge+1","Finesse+1","hermit:Magnum","hermit:Coalescence","hermit:CursedWeapon+1","hermit:RoundhouseKick"],"relics":["hermit:Momento","NeowsBlessing","Bag of Preparation","War Paint","Omamori","hubris:BottledRain","Singing Bowl","hubris:BlackHole"],"acts_visited":["Exordium","TheCity"],"potions_floor_usage":[16],"damage_taken":[{"damage":0.0,"enemies":"Cultist","floor":1.0,"turns":1.0},{"damage":0.0,"enemies":"Jaw Worm","floor":3.0,"turns":1.0},{"damage":0.0,"enemies":"Lagavulin","floor":6.0,"turns":1.0},{"damage":0.0,"enemies":"2 Louse","floor":7.0,"turns":2.0},{"damage":24.0,"enemies":"3 Sentries","floor":12.0,"turns":7.0},{"damage":2.0,"enemies":"Gremlin Gang","floor":14.0,"turns":2.0},{"damage":42,"enemies":"Slime Boss","floor":16,"turns":8},{"damage":9,"enemies":"Shell Parasite","floor":18,"turns":4}],"seed_played":"3996263582938979557","potions_obtained":[{"floor":3.0,"key":"PowerPotion"},{"floor":7.0,"key":"Fruit Juice"},{"floor":14.0,"key":"BlessingOfTheForge"}],"is_trial":false,"path_per_floor":["M","T","M","$","?","E","M","R","T","R","$","E","R","M","R","B",null,"M"],"character_chosen":"HERMIT","items_purchased":["Finesse"],"campfire_rested":1,"item_purchase_floors":[4],"current_hp_per_floor":[75,75,75,75,75,75,75,75,75,75,75,58,82,80,80,38,82,73,73],"gold":218,"neow_bonus":"THREE_ENEMY_KILL","is_daily":false,"chose_seed":false,"campfire_upgraded":3,"win_rate":0.0,"timestamp":1613182760,"path_taken":["M","?","M","$","?","E","M","R","T","R","$","E","R","M","R","BOSS","M"],"items_purchased_type":["Card"],"build_version":"2020-12-22","purchased_purges":1,"victory":false,"max_hp_per_floor":[75,75,75,75,75,75,75,75,75,75,75,82,82,82,82,82,82,82,82],"card_choices":[{"not_picked":["hermit:Roulette","hermit:Manifest"],"picked":"hermit:Quickdraw","floor":1.0},{"not_picked":["hermit:Malice","hermit:PistolWhip"],"picked":"hermit:Grudge","floor":3.0},{"not_picked":["hermit:EternalForm","hermit:WideOpen"],"picked":"hermit:Magnum","floor":6.0},{"not_picked":["hermit:WideOpen","hermit:Maintenance"],"picked":"hermit:Coalescence","floor":7.0},{"not_picked":["hermit:Dive","hermit:Roulette","hermit:TakeCover"],"picked":"Singing Bowl","floor":12.0},{"not_picked":["hermit:Ricochet","hermit:Coalescence"],"picked":"hermit:CursedWeapon","floor":14.0},{"not_picked":["hermit:Reprieve","hermit:DeadOrAlive"],"picked":"hermit:RoundhouseKick","floor":16}],"player_experience":635126,"relics_obtained":[{"floor":2.0,"key":"Bag of Preparation"},{"floor":6.0,"key":"Omamori"},{"floor":9.0,"key":"hubris:BottledRain"},{"floor":12.0,"key":"Singing Bowl"}],"event_choices":[{"damage_healed":0.0,"max_hp_gain":0.0,"max_hp_loss":0.0,"gold_gain":0.0,"event_name":"Big Fish","player_choice":"Box","floor":5.0,"gold_loss":0.0,"damage_taken":0.0,"relics_obtained":["War Paint"],"cards_obtained":["Regret"]}],"is_beta":false,"boss_relics":[{"not_picked":["Ectoplasm","hubris:Stopwatch"],"picked":"hubris:BlackHole"}],"items_purged_floors":[11],"is_endless":false,"potions_floor_spawned":[3,7,14],"killed_by":"Shell Parasite","ascension_level":0}}