{"host":"wbs0wzz0alz01mnq","time":1613175799,"event":{"mods":["2.2 Compatiblity","BaseMod","Bestiary","Colored Map","Colored Powertips","GifTheSpireLib","Googly Eyes","Highlight Path","HololiveMod","Minty Spire (QoL Compilation)","Morshu Shopkeeper - ENHANCED","Quick Restart","RNG Fix","Relic Stats","StSLib","SuperFastMode","Waifu the Spire","Weighted Paths"],"gold_per_floor":[115,290,290,310,321,350,362,405,417,443,467,479,521,607,619,631,631],"floor_reached":16,"language":"ENG","playtime":373,"items_purged":[],"score":110,"play_id":"90791f8b-24bf-47e7-88ac-81337d31afb3","local_time":"20210212192319","is_ascension_mode":false,"campfire_choices":[{"data":"Pummel","floor":7,"key":"SMITH"},{"floor":12,"key":"DIG"},{"floor":15,"key":"DIG"}],"circlet_count":0,"master_deck":["Strike_R","Strike_R","Strike_R","Strike_R","Strike_R","Defend_R","Defend_R","Defend_R","Defend_R","Bash+1","Spot Weakness","Doubt","Pummel+1","Evolve","Iron Wave","Iron Wave+1","Dropkick+1","Feed+1"],"relics":["Burning Blood","NeowsBlessing","MawBank","Molten Egg 2","Shovel","Red Skull","Eternal Feather","Bottled Flame"],"acts_visited":["Exordium"],"potions_floor_usage":[6,16,16],"damage_taken":[{"damage":0,"enemies":"Small Slimes","floor":1,"turns":1},{"damage":0,"enemies":"Jaw Worm","floor":4,"turns":1},{"damage":0,"enemies":"2 Louse","floor":5,"turns":1},{"damage":41,"enemies":"Gremlin Nob","floor":6,"turns":5},{"damage":31,"enemies":"3 Sentries","floor":8,"turns":8},{"damage":15,"enemies":"Large Slime","floor":10,"turns":7},{"damage":0,"enemies":"3 Louse","floor":11,"turns":4},{"damage":30,"enemies":"Slime Boss","floor":16,"turns":6}],"seed_played":"-5738283805242945508","potions_obtained":[{"floor":4,"key":"Energy Potion"},{"floor":10,"key":"Ancient Potion"},{"floor":11,"key":"Swift Potion"}],"is_trial":false,"path_per_floor":["M","?","?","M","M","E","R","E","T","M","M","R","?","T","R","B"],"character_chosen":"IRONCLAD","items_purchased":[],"campfire_rested":0,"item_purchase_floors":[],"current_hp_per_floor":[80,80,80,80,80,45,45,20,20,11,17,17,17,17,26,0,0],"gold":631,"neow_bonus":"THREE_ENEMY_KILL","is_daily":false,"chose_seed":false,"campfire_upgraded":1,"win_rate":0.0,"timestamp":1613175799,"path_taken":["M","?","?","M","M","E","R","E","T","M","M","R","?","?","R","BOSS"],"items_purchased_type":[],"build_version":"2020-12-22","purchased_purges":0,"victory":false,"max_hp_per_floor":[80,80,80,80,80,80,80,80,80,80,80,80,80,80,80,80,80],"relic_stats":{"Shovel":2,"counters":[8,33],"Eternal Feather":9,"MawBank":120,"obtain_stats":[{"Bottled Flame":15,"Shovel":9,"NeowsBlessing":0,"Molten Egg 2":8,"Eternal Feather":14,"MawBank":6,"Burning Blood":0,"Red Skull":12},{"Bottled Flame":7,"Shovel":5,"NeowsBlessing":0,"Molten Egg 2":5,"Eternal Feather":7,"MawBank":4,"Burning Blood":0,"Red Skull":7},{"Bottled Flame":27,"Shovel":16,"NeowsBlessing":0,"Molten Egg 2":16,"Eternal Feather":27,"MawBank":8,"Burning Blood":0,"Red Skull":27}],"Burning Blood":24},"card_choices":[{"not_picked":["Shrug It Off","Perfected Strike"],"picked":"Spot Weakness","floor":1},{"not_picked":["Iron Wave","Shockwave"],"picked":"Pummel","floor":4},{"not_picked":["Warcry","Perfected Strike"],"picked":"Evolve","floor":5},{"not_picked":["Rupture","Twin Strike"],"picked":"Iron Wave","floor":6},{"not_picked":["Entrench","Thunderclap+1"],"picked":"Iron Wave+1","floor":8},{"not_picked":["Wild Strike+1","Armaments"],"picked":"Dropkick+1","floor":10},{"not_picked":["Ghostly Armor","Twin Strike+1"],"picked":"Feed+1","floor":11}],"player_experience":24969,"relics_obtained":[{"floor":6,"key":"MawBank"},{"floor":8,"key":"Molten Egg 2"},{"floor":9,"key":"Shovel"},{"floor":12,"key":"Red Skull"},{"floor":14,"key":"Eternal Feather"},{"floor":15,"key":"Bottled Flame"}],"event_choices":[{"damage_healed":0,"gold_gain":175,"player_choice":"AGREE","damage_taken":0,"max_hp_gain":0,"max_hp_loss":0,"event_name":"Liars Game","floor":2,"gold_loss":0,"cards_obtained":["Doubt"]},{"damage_healed":0,"gold_gain":0,"player_choice":"Grow","damage_taken":0,"max_hp_gain":0,"max_hp_loss":0,"event_name":"Living Wall","floor":3,"gold_loss":0,"cards_upgraded":["Bash"]},{"damage_healed":0,"gold_gain":30,"player_choice":"Searched \u00272\u0027 times","damage_taken":0,"max_hp_gain":0,"max_hp_loss":0,"event_name":"Dead Adventurer","floor":13,"gold_loss":0}],"is_beta":false,"boss_relics":[],"items_purged_floors":[],"is_endless":false,"potions_floor_spawned":[4,10,11],"killed_by":"Slime Boss","ascension_level":0}}