{"host":"syozzdlzcqop4jia","time":1613185311,"event":{"mods":["AchievementEnabler","BaseMod","Colored Map","Colored Powertips","Minty Spire (QoL Compilation)","Quick Restart"],"gold_per_floor":[112,122,122,140,38,69,85,85,85,112,112,129,129,148,148,148,148],"floor_reached":16,"language":"ENG","playtime":954,"items_purged":["Defend_B"],"score":112,"play_id":"ba438899-4c2d-449c-8b93-413a016469f1","local_time":"20210213040151","is_ascension_mode":false,"campfire_choices":[{"floor":8,"key":"RECALL"},{"floor":13,"key":"REST"},{"floor":15,"key":"REST"}],"circlet_count":0,"master_deck":["Strike_B","Strike_B","Strike_B","Strike_B","Defend_B","Defend_B","Defend_B","Zap","Dualcast","Cold Snap","Ball Lightning","Redo","Steam","Biased Cognition","Melter","Seek","Fusion"],"relics":["Cracked Core","Matryoshka","Juzu Bracelet","Turnip","Thread and Needle"],"acts_visited":["Exordium"],"potions_floor_usage":[],"damage_taken":[{"damage":6,"enemies":"Cultist","floor":1,"turns":3},{"damage":5,"enemies":"Small Slimes","floor":2,"turns":3},{"damage":1,"enemies":"Jaw Worm","floor":4,"turns":3},{"damage":6,"enemies":"3 Sentries","floor":6,"turns":8},{"damage":9,"enemies":"2 Fungi Beasts","floor":7,"turns":3},{"damage":15,"enemies":"Lagavulin","floor":10,"turns":5},{"damage":12,"enemies":"Large Slime","floor":12,"turns":3},{"damage":2,"enemies":"Exordium Thugs","floor":14,"turns":3},{"damage":32,"enemies":"The Guardian","floor":16,"turns":9}],"seed_played":"-4510761029915656375","potions_obtained":[{"floor":4,"key":"DuplicationPotion"},{"floor":12,"key":"DistilledChaos"}],"is_trial":false,"path_per_floor":["M","M","?","M","$","E","M","R","T","E","?","M","R","M","R","B"],"character_chosen":"DEFECT","items_purchased":["Steam"],"campfire_rested":2,"item_purchase_floors":[5],"current_hp_per_floor":[76,71,71,70,70,64,55,55,55,40,37,25,49,47,71,39,39],"gold":148,"neow_bonus":"TEN_PERCENT_HP_BONUS","is_daily":false,"chose_seed":false,"campfire_upgraded":0,"win_rate":0.0,"timestamp":1613185311,"path_taken":["M","M","?","M","$","E","M","R","T","E","?","M","R","M","R","BOSS"],"items_purchased_type":["Card"],"build_version":"2020-12-22","purchased_purges":1,"victory":false,"max_hp_per_floor":[82,82,82,82,82,82,82,82,82,82,82,82,82,82,82,82,82],"card_choices":[{"not_picked":["Turbo","Double Energy"],"picked":"Cold Snap","floor":1},{"not_picked":["Leap","Go for the Eyes"],"picked":"Ball Lightning","floor":2},{"not_picked":["Rebound","Compile Driver"],"picked":"Redo","floor":4},{"not_picked":["Turbo","Reinforced Body"],"picked":"Biased Cognition","floor":6},{"not_picked":["Consume","Beam Cell"],"picked":"Melter","floor":7},{"not_picked":["Core Surge","Turbo"],"picked":"Seek","floor":10},{"not_picked":["Force Field","Auto Shields","Compile Driver"],"picked":"SKIP","floor":12},{"not_picked":["Streamline","Recycle"],"picked":"Fusion","floor":14}],"player_experience":712827,"relics_obtained":[{"floor":6,"key":"Matryoshka"},{"floor":9,"key":"Juzu Bracelet"},{"floor":10,"key":"Turnip"}],"event_choices":[{"damage_healed":0,"gold_gain":0,"player_choice":"Ignored","damage_taken":0,"max_hp_gain":0,"max_hp_loss":0,"event_name":"Liars Game","floor":3,"gold_loss":0},{"damage_healed":0,"gold_gain":0,"player_choice":"Success","damage_taken":3,"relics_obtained":["Thread and Needle"],"max_hp_gain":0,"max_hp_loss":0,"event_name":"Scrap Ooze","floor":11,"gold_loss":0}],"is_beta":false,"boss_relics":[],"items_purged_floors":[5],"is_endless":false,"potions_floor_spawned":[4,12],"killed_by":"The Guardian","ascension_level":0}}