{"host":"y13mj1mxwnd5xx1x","time":1613187009,"event":{"mods":["AchievementEnabler","BaseMod","Minty Spire (QoL Compilation)"],"gold_per_floor":[118,136,211,211,229,258,270,282,282,308,327,327,353,371,371,371,371],"floor_reached":16,"language":"ENG","playtime":1224,"items_purged":[],"score":130,"play_id":"f326c4ac-d1c9-4ebf-a86c-e1f5da1d5d41","local_time":"20210212213009","is_ascension_mode":true,"campfire_choices":[{"data":"EmptyMind","floor":12,"key":"SMITH"},{"floor":15,"key":"REST"}],"circlet_count":0,"master_deck":["Strike_P","Strike_P","Strike_P","Defend_P","Defend_P","Defend_P","Defend_P","Eruption","Vigilance","Evaluate","SashWhip","Tantrum","ThirdEye","BowlingBash","EmptyMind+1","Blasphemy+1","ThirdEye+1","TalkToTheHand"],"relics":["PureWater","Gremlin Horn","Toxic Egg 2","Mummified Hand","Darkstone Periapt"],"acts_visited":["Exordium"],"potions_floor_usage":[10,16,16],"damage_taken":[{"damage":0,"enemies":"Small Slimes","floor":1,"turns":2},{"damage":0,"enemies":"Jaw Worm","floor":2,"turns":5},{"damage":0,"enemies":"Cultist","floor":5,"turns":5},{"damage":6,"enemies":"3 Sentries","floor":6,"turns":9},{"damage":0,"enemies":"Exordium Thugs","floor":7,"turns":2},{"damage":0,"enemies":"Large Slime","floor":8,"turns":3},{"damage":8,"enemies":"Gremlin Nob","floor":10,"turns":3},{"damage":4,"enemies":"Looter","floor":11,"turns":3},{"damage":29,"enemies":"Lagavulin","floor":13,"turns":6},{"damage":3,"enemies":"Red Slaver","floor":14,"turns":3},{"damage":47,"enemies":"Hexaghost","floor":16,"turns":11}],"seed_played":"-5188962872519036009","potions_obtained":[{"floor":0,"key":"Ancient Potion"},{"floor":0,"key":"Regen Potion"},{"floor":0,"key":"Regen Potion"},{"floor":1,"key":"Dexterity Potion"},{"floor":11,"key":"Fire Potion"}],"is_trial":false,"path_per_floor":["M","M","?","?","M","E","M","M","T","E","M","R","E","M","R","B"],"character_chosen":"WATCHER","items_purchased":[],"campfire_rested":1,"item_purchase_floors":[],"current_hp_per_floor":[72,72,61,61,61,55,55,55,55,47,43,43,14,11,32,0,0],"gold":371,"neow_bonus":"THREE_SMALL_POTIONS","is_daily":false,"chose_seed":false,"campfire_upgraded":1,"win_rate":0.0,"timestamp":1613187009,"path_taken":["M","M","?","?","M","E","M","M","T","E","M","R","E","?","R","BOSS"],"items_purchased_type":[],"build_version":"2020-12-22","purchased_purges":0,"victory":false,"max_hp_per_floor":[72,72,72,72,72,72,72,72,72,72,72,72,72,72,72,72,72],"card_choices":[{"not_picked":["Halt","FlyingSleeves"],"picked":"Evaluate","floor":1},{"not_picked":["Pray","Protect"],"picked":"SashWhip","floor":2},{"not_picked":["FollowUp","ClearTheMind"],"picked":"Tantrum","floor":5},{"not_picked":["FlyingSleeves","Brilliance"],"picked":"ThirdEye","floor":6},{"not_picked":["Tantrum","Conclude"],"picked":"BowlingBash","floor":7},{"not_picked":["BowlingBash","ForeignInfluence"],"picked":"EmptyMind","floor":8},{"not_picked":["CutThroughFate","ReachHeaven"],"picked":"Blasphemy+1","floor":10},{"not_picked":["Collect+1","Swivel+1"],"picked":"ThirdEye+1","floor":11},{"not_picked":["Alpha+1","Perseverance+1","SashWhip"],"picked":"SKIP","floor":13},{"not_picked":["Halt+1","Indignation+1"],"picked":"TalkToTheHand","floor":14}],"player_experience":159939,"relics_obtained":[{"floor":6,"key":"Gremlin Horn"},{"floor":9,"key":"Toxic Egg 2"},{"floor":10,"key":"Mummified Hand"},{"floor":13,"key":"Darkstone Periapt"}],"event_choices":[{"damage_healed":0,"gold_gain":75,"player_choice":"Gather Gold","damage_taken":11,"max_hp_gain":0,"max_hp_loss":0,"event_name":"World of Goop","floor":3,"gold_loss":0},{"cards_removed":["Strike_P"],"damage_healed":0,"gold_gain":0,"player_choice":"Purged","damage_taken":0,"max_hp_gain":0,"max_hp_loss":0,"event_name":"Purifier","floor":4,"gold_loss":0}],"is_beta":false,"boss_relics":[],"items_purged_floors":[],"is_endless":false,"potions_floor_spawned":[1,5,7,11],"killed_by":"Hexaghost","ascension_level":1}}