{"host":"x205naxbihvu3p76","time":1613228566,"event":{"mods":["AchievementEnabler","BaseMod","Minty Spire (QoL Compilation)","StSLib","SuperFastMode"],"gold_per_floor":[117,132,144,154,154,186,204,223,223,223,223],"floor_reached":10,"language":"KOR","playtime":186,"items_purged":[],"score":140,"play_id":"50e637ea-127d-4941-b9cf-dff416d67308","local_time":"20210214000246","is_ascension_mode":true,"campfire_choices":[],"circlet_count":0,"master_deck":["AscendersBane","Strike_R","Strike_R","Strike_R","Strike_R","Strike_R","Defend_R","Defend_R","Defend_R","Defend_R","Bash","Reckless Charge","Ghostly Armor","Feel No Pain","Perfected Strike","Decay","Perfected Strike","Wild Strike","Twin Strike"],"relics":["Burning Blood","NeowsBlessing","Paper Frog","Darkstone Periapt"],"acts_visited":["Exordium"],"potions_floor_usage":[10,10],"damage_taken":[{"damage":0,"enemies":"Cultist","floor":1,"turns":1},{"damage":0,"enemies":"Small Slimes","floor":2,"turns":1},{"damage":0,"enemies":"2 Louse","floor":3,"turns":2},{"damage":9,"enemies":"Red Slaver","floor":4,"turns":5},{"damage":55,"enemies":"Lagavulin","floor":6,"turns":9},{"damage":13,"enemies":"Blue Slaver","floor":7,"turns":4},{"damage":3,"enemies":"2 Fungi Beasts","floor":8,"turns":3},{"damage":22,"enemies":"3 Sentries","floor":10,"turns":4}],"seed_played":"2445871224071523827","potions_obtained":[{"floor":1,"key":"SkillPotion"},{"floor":3,"key":"GamblersBrew"}],"is_trial":false,"path_per_floor":["M","M","M","M","?","E","M","M","T","E"],"character_chosen":"IRONCLAD","items_purchased":[],"campfire_rested":0,"item_purchase_floors":[],"current_hp_per_floor":[74,75,75,72,72,23,16,19,19,0,0],"gold":223,"neow_bonus":"THREE_ENEMY_KILL","is_daily":false,"chose_seed":false,"campfire_upgraded":0,"win_rate":0.0,"timestamp":1613228566,"path_taken":["M","M","?","M","?","E","M","M","T","E"],"items_purchased_type":[],"build_version":"2020-12-22","purchased_purges":0,"victory":false,"max_hp_per_floor":[75,75,75,75,75,75,75,75,75,75,75],"card_choices":[{"not_picked":["Bloodletting","Combust"],"picked":"Reckless Charge","floor":1},{"not_picked":["Clash","Carnage"],"picked":"Ghostly Armor","floor":2},{"not_picked":["Infernal Blade","Warcry"],"picked":"Feel No Pain","floor":3},{"not_picked":["Body Slam","True Grit"],"picked":"Perfected Strike","floor":4},{"not_picked":["Thunderclap","Armaments"],"picked":"Perfected Strike","floor":6},{"not_picked":["Flex","Uppercut"],"picked":"Wild Strike","floor":7},{"not_picked":["True Grit","Heavy Blade"],"picked":"Twin Strike","floor":8}],"player_experience":1035183,"relics_obtained":[{"floor":6,"key":"Paper Frog"},{"floor":9,"key":"Darkstone Periapt"}],"event_choices":[{"damage_healed":0,"gold_gain":0,"player_choice":"Cursed","damage_taken":0,"max_hp_gain":0,"max_hp_loss":0,"event_name":"Wheel of Change","floor":5,"gold_loss":0,"cards_obtained":["Decay"]}],"is_beta":false,"boss_relics":[],"items_purged_floors":[],"is_endless":false,"potions_floor_spawned":[1,3,8],"killed_by":"3 Sentries","ascension_level":19}}