{"host":"0mhttqdumuceah7q","time":1613244223,"event":{"mods":["AchievementEnabler","BaseMod","Colored Map","DeckTracker","Minty Spire (QoL Compilation)","Permanent Neow"],"gold_per_floor":[114,134,150,166,179,179,192,192,192,206,381,414,432,451,451,451,451],"floor_reached":16,"language":"KOR","playtime":747,"items_purged":[],"score":108,"play_id":"54e3712a-8337-4e9f-b09a-a1c7f81b9a0e","local_time":"20210214042343","is_ascension_mode":false,"campfire_choices":[{"data":"Study","floor":6,"key":"SMITH"},{"data":"Eruption","floor":8,"key":"SMITH"},{"floor":15,"key":"REST"}],"circlet_count":0,"master_deck":["Strike_P","Strike_P","Strike_P","Strike_P","Defend_P+1","Defend_P","Defend_P","Defend_P","Eruption+1","Vigilance+1","Ragnarok","FollowUp","Conclude","Study+1","WheelKick","SashWhip","EmptyFist","LessonLearned","Doubt","LessonLearned","CutThroughFate","FearNoEvil"],"relics":["PureWater","Blue Candle","Centennial Puzzle"],"acts_visited":["Exordium"],"potions_floor_usage":[12,12,12,16],"damage_taken":[{"damage":1,"enemies":"Cultist","floor":1,"turns":3},{"damage":0,"enemies":"Small Slimes","floor":2,"turns":2},{"damage":0,"enemies":"2 Louse","floor":3,"turns":2},{"damage":9,"enemies":"Exordium Wildlife","floor":4,"turns":3},{"damage":6,"enemies":"2 Fungi Beasts","floor":5,"turns":2},{"damage":7,"enemies":"Blue Slaver","floor":7,"turns":3},{"damage":4,"enemies":"Red Slaver","floor":10,"turns":4},{"damage":9,"enemies":"3 Sentries","floor":12,"turns":3},{"damage":7,"enemies":"3 Louse","floor":13,"turns":10},{"damage":11,"enemies":"Looter","floor":14,"turns":4},{"damage":31,"enemies":"Hexaghost","floor":16,"turns":7}],"seed_played":"4629627409252037694","potions_obtained":[{"floor":2,"key":"Explosive Potion"},{"floor":4,"key":"Strength Potion"},{"floor":5,"key":"LiquidBronze"},{"floor":10,"key":"SneckoOil"},{"floor":13,"key":"ColorlessPotion"}],"is_trial":false,"path_per_floor":["M","M","M","M","M","R","M","R","T","M","?","E","M","M","R","B"],"character_chosen":"WATCHER","items_purchased":[],"campfire_rested":1,"item_purchase_floors":[],"current_hp_per_floor":[71,71,71,62,56,56,49,49,49,45,45,36,29,18,39,8,8],"gold":451,"neow_bonus":"ONE_RANDOM_RARE_CARD","is_daily":false,"chose_seed":false,"campfire_upgraded":2,"win_rate":0.0,"timestamp":1613244223,"path_taken":["M","M","M","M","M","R","M","R","T","M","?","E","M","M","R","BOSS"],"items_purchased_type":[],"build_version":"2020-12-22","purchased_purges":0,"victory":false,"max_hp_per_floor":[72,72,72,72,72,72,72,72,72,72,72,72,72,72,72,72,72],"card_choices":[{"not_picked":["Wallop","CrushJoints"],"picked":"FollowUp","floor":1},{"not_picked":["CrushJoints","Evaluate"],"picked":"Conclude","floor":2},{"not_picked":["Halt","WaveOfTheHand"],"picked":"Study","floor":3},{"not_picked":["SashWhip","SignatureMove"],"picked":"WheelKick","floor":4},{"not_picked":["InnerPeace","EmptyFist"],"picked":"SashWhip","floor":5},{"not_picked":["Prostrate","CrushJoints"],"picked":"EmptyFist","floor":7},{"not_picked":["Evaluate","CrushJoints"],"picked":"LessonLearned","floor":10},{"not_picked":["EmptyMind","Perseverance"],"picked":"LessonLearned","floor":12},{"not_picked":["JustLucky","Adaptation"],"picked":"CutThroughFate","floor":13},{"not_picked":["EmptyBody","DevaForm"],"picked":"FearNoEvil","floor":14}],"player_experience":60178,"relics_obtained":[{"floor":9,"key":"Blue Candle"},{"floor":12,"key":"Centennial Puzzle"}],"event_choices":[{"damage_healed":0,"gold_gain":175,"player_choice":"AGREE","damage_taken":0,"max_hp_gain":0,"max_hp_loss":0,"event_name":"Liars Game","floor":11,"gold_loss":0,"cards_obtained":["Doubt"]}],"is_beta":false,"boss_relics":[],"items_purged_floors":[],"is_endless":false,"potions_floor_spawned":[2,4,5,10,13],"killed_by":"Hexaghost","ascension_level":0}}