{"host":"vex7walpoxzv48nx","time":1613237140,"event":{"mods":["AchievementEnabler","BaseMod","Highlight Path","Minty Spire (QoL Compilation)","Permanent Neow","Quick Restart","StSLib","UnlockEverythingMod"],"gold_per_floor":[113,113,128,128,139,167,167,177,202,202,5,5,5,24,24,123,123,134,144,144,144],"floor_reached":20,"language":"ENG","playtime":1726,"items_purged":["Strike_P"],"score":174,"play_id":"710aa58a-c267-4269-a774-2faa8461cf8d","local_time":"20210213182540","is_ascension_mode":false,"campfire_choices":[{"data":"SashWhip","floor":7,"key":"SMITH"},{"data":"Wallop","floor":13,"key":"SMITH"},{"data":"Conclude","floor":15,"key":"SMITH"}],"circlet_count":0,"master_deck":["Strike_P","Strike_P","Defend_P","Defend_P","Defend_P","Defend_P+1","Eruption","Vigilance","FollowUp","SandsOfTime+1","SashWhip+1","Conclude+1","EmptyBody","Wallop+1","Wallop","Vault","ThirdEye","Swivel"],"relics":["Snecko Eye"],"acts_visited":["Exordium","TheCity"],"potions_floor_usage":[6],"damage_taken":[{"damage":0,"enemies":"2 Louse","floor":1,"turns":3},{"damage":0,"enemies":"Jaw Worm","floor":3,"turns":2},{"damage":0,"enemies":"Small Slimes","floor":5,"turns":2},{"damage":1,"enemies":"3 Sentries","floor":6,"turns":5},{"damage":5,"enemies":"Gremlin Gang","floor":8,"turns":2},{"damage":0,"enemies":"Blue Slaver","floor":14,"turns":1},{"damage":2,"enemies":"Hexaghost","floor":16,"turns":6},{"damage":7,"enemies":"Shell Parasite","floor":18,"turns":4},{"damage":0,"enemies":"Chosen","floor":19,"turns":4},{"damage":7,"enemies":"Snecko","floor":20,"turns":3}],"seed_played":"7224200777453035753","potions_obtained":[{"floor":3,"key":"DistilledChaos"},{"floor":5,"key":"Fire Potion"},{"floor":12,"key":"Fire Potion"}],"is_trial":false,"path_per_floor":["M","?","M","?","M","E","R","M","T","?","$","?","R","M","R","B",null,"M","M","M"],"character_chosen":"WATCHER","items_purchased":["Wallop","PowerPotion"],"campfire_rested":0,"item_purchase_floors":[11,11],"current_hp_per_floor":[72,77,77,62,62,61,61,56,56,49,49,49,49,49,49,47,77,70,70,63,63],"gold":144,"neow_bonus":"BOSS_RELIC","is_daily":false,"chose_seed":false,"campfire_upgraded":3,"win_rate":0.0,"timestamp":1613237140,"path_taken":["M","?","M","?","M","E","R","M","T","?","$","?","R","M","R","BOSS","M","?","M"],"items_purchased_type":["Card","Potion"],"build_version":"2020-12-22","purchased_purges":1,"victory":false,"max_hp_per_floor":[72,77,77,77,77,77,77,77,77,77,77,77,77,77,77,77,77,77,77,77,77],"card_choices":[{"not_picked":["PathToVictory","Nirvana"],"picked":"FollowUp","floor":1},{"not_picked":["Collect","Perseverance"],"picked":"SandsOfTime","floor":3},{"not_picked":["Weave","Evaluate"],"picked":"SashWhip","floor":5},{"not_picked":["FollowUp","Pray"],"picked":"Conclude","floor":6},{"not_picked":["Halt","Fasting2"],"picked":"EmptyBody","floor":8},{"not_picked":["Indignation","Establishment"],"picked":"Wallop","floor":14},{"not_picked":["Judgement","DeusExMachina"],"picked":"Vault","floor":16},{"not_picked":["FlyingSleeves+1","WaveOfTheHand"],"picked":"ThirdEye","floor":18},{"not_picked":["SashWhip","EmptyFist"],"picked":"Swivel","floor":19}],"player_experience":313015,"relics_obtained":[],"event_choices":[{"damage_healed":0,"gold_gain":0,"player_choice":"Donut","damage_taken":0,"max_hp_gain":5,"max_hp_loss":0,"event_name":"Big Fish","floor":2,"gold_loss":0},{"damage_healed":0,"gold_gain":0,"player_choice":"Entered Light","damage_taken":15,"max_hp_gain":0,"max_hp_loss":0,"event_name":"Shining Light","floor":4,"gold_loss":0,"cards_upgraded":["SandsOfTime","Defend_P"]},{"cards_removed":["Strike_P"],"damage_healed":0,"gold_gain":0,"player_choice":"Card Removal","damage_taken":7,"max_hp_gain":0,"max_hp_loss":0,"event_name":"Golden Wing","floor":10,"gold_loss":0},{"damage_healed":0,"gold_gain":0,"player_choice":"Got Potions","damage_taken":0,"max_hp_gain":0,"max_hp_loss":0,"event_name":"Lab","floor":12,"gold_loss":0}],"is_beta":false,"boss_relics":[{"not_picked":["Black Star","Runic Pyramid","Velvet Choker"]}],"items_purged_floors":[11],"is_endless":false,"potions_floor_spawned":[3,5,14,16,19],"killed_by":"Snecko","ascension_level":0}}