{"host":"nkolxg4se00n20yf","time":1613234055,"event":{"mods":["BaseMod","CatGirl Mod","Chen","Colored Map","Colored Powertips","Downfall","Friendly Minions","Infinite Spire","Kiyohime????","Marisa????????","Minty Spire (QoL Compilation)","StSLib","Td1madao Mod","The Administrix","The Cursed","The Exalted","The Hierophant","The Servant 0.9.4"],"gold_per_floor":[111,125,139,156,170,170,189,215,215,215,244,319,319,335,335,435,435,455,7,7,7,26,60,60,80,80,80,80,110,49,68,68,173,173,188,188,203,203,219,250,250,250,273,283,295,306,306,318,318,318,318],"floor_reached":50,"language":"ENG","playtime":3582,"items_purged":[],"score":774,"play_id":"5e66b5de-4e10-4454-af28-47e75ac9de2f","local_time":"20210213173415","is_ascension_mode":true,"campfire_choices":[{"floor":6,"key":"REST"},{"data":"Eruption","floor":10,"key":"SMITH"},{"data":"ClearTheMind","floor":15,"key":"SMITH"},{"floor":24,"key":"REST"},{"floor":28,"key":"REST"},{"floor":32,"key":"REST"},{"floor":41,"key":"REST"},{"floor":49,"key":"REST"}],"circlet_count":0,"master_deck":["Strike_P+1","Strike_P","Strike_P","Strike_P+1","Defend_P","Defend_P","Defend_P","Defend_P","Eruption+1","Vigilance","Crescendo","BattleHymn","EmptyFist+1","PathToVictory","ClearTheMind+1","FlurryOfBlows","Indignation","Brilliance","MentalFortress","DevaForm","Conclude+1","RitualDagger","FollowUp+1","Halt+1","Shame","Prostrate","LessonLearned","MasterReality","Establishment+1","Vengeance+1","Pray+1"],"relics":["HolyWater","Bag of Marbles","Bromod:ArcaneMomentum","The Courier","Vajra","infinitespire:Satchel","Sling","Bag of Preparation","Singing Bowl","Darkstone Periapt","Orichalcum","Question Card","Whetstone","Bromod:ArcaneEnergize","GoldenEye","CaptainsWheel","Blood Vial"],"acts_visited":["Exordium","TheCity","TheBeyond"],"potions_floor_usage":[16,18,31,38,40,40,45,45,48,50],"damage_taken":[{"damage":0,"enemies":"Cultist","floor":1,"turns":2},{"damage":2,"enemies":"Jaw Worm","floor":2,"turns":3},{"damage":0,"enemies":"2 Louse","floor":3,"turns":2},{"damage":16,"enemies":"Blue Slaver","floor":4,"turns":4},{"damage":8,"enemies":"Large Slime","floor":5,"turns":5},{"damage":0,"enemies":"Looter","floor":7,"turns":1},{"damage":0,"enemies":"Lagavulin","floor":8,"turns":4},{"damage":8,"enemies":"Gremlin Nob","floor":11,"turns":3},{"damage":0,"enemies":"2 Fungi Beasts","floor":14,"turns":2},{"damage":17,"enemies":"Hexaghost","floor":16,"turns":5},{"damage":19,"enemies":"Shell Parasite","floor":18,"turns":4},{"damage":0,"enemies":"Spheric Guardian","floor":22,"turns":1},{"damage":14,"enemies":"Slavers","floor":23,"turns":3},{"damage":0,"enemies":"Centurion and Healer","floor":25,"turns":2},{"damage":20,"enemies":"Book of Stabbing","floor":29,"turns":3},{"damage":6,"enemies":"Chosen and Byrds","floor":31,"turns":3},{"damage":60,"enemies":"Automaton","floor":33,"turns":7},{"damage":0,"enemies":"Orb Walker","floor":35,"turns":1},{"damage":0,"enemies":"3 Darklings","floor":37,"turns":2},{"damage":24,"enemies":"infinitespire:Three Voidlings","floor":38,"turns":3},{"damage":42,"enemies":"Sphere and 2 Shapes","floor":39,"turns":6},{"damage":20,"enemies":"Giant Head","floor":40,"turns":5},{"damage":17,"enemies":"Maw","floor":44,"turns":6},{"damage":0,"enemies":"Transient","floor":45,"turns":5},{"damage":4,"enemies":"3 Darklings","floor":46,"turns":4},{"damage":23,"enemies":"Spire Growth","floor":48,"turns":4},{"damage":55,"enemies":"Time Eater","floor":50,"turns":4}],"seed_played":"-3477256211363392548","potions_obtained":[{"floor":5,"key":"Swift Potion"},{"floor":7,"key":"EssenceOfSteel"},{"floor":8,"key":"FairyPotion"},{"floor":11,"key":"Guardian:BlockOnCardUsePotion"},{"floor":14,"key":"infinitespire:BlackPotion"},{"floor":29,"key":"BlessingOfTheForge"},{"floor":31,"key":"hexamod:SoulburnPotion"},{"floor":37,"key":"Swift Potion"},{"floor":39,"key":"EntropicBrew"},{"floor":45,"key":"Dexterity Potion"},{"floor":46,"key":"EssenceOfSteel"}],"is_trial":false,"path_per_floor":["M","M","M","M","M","R","M","E","T","R","E","?","?","M","R","B",null,"M","$","?","?","M","E","R","M","T","?","R","E","$","M","R","B",null,"M","?","M","?","M","E","R","AVR","T","M","M","M","?","M","R","B"],"character_chosen":"WATCHER","items_purchased":["Sling","Bag of Preparation","Singing Bowl","LessonLearned"],"campfire_rested":6,"item_purchase_floors":[19,19,19,30],"current_hp_per_floor":[65,63,63,47,39,60,60,60,60,60,52,41,41,41,41,24,60,41,41,35,35,35,23,45,45,45,51,75,55,55,49,73,13,63,65,65,67,48,6,27,52,52,52,37,41,41,41,22,49,0,0],"gold":318,"neow_bonus":"RANDOM_COMMON_RELIC","is_daily":false,"chose_seed":false,"campfire_upgraded":2,"win_rate":0.0,"timestamp":1613234055,"path_taken":["M","M","M","?","?","R","M","E","T","R","E","?","?","M","R","BOSS","M","$","?","?","M","E","R","M","T","?","R","E","?","M","R","BOSS","M","?","?","?","M","E","R","AVR","T","M","M","M","?","M","R","BOSS"],"items_purchased_type":["Relic","Relic","Relic","Card"],"build_version":"2020-12-22","purchased_purges":0,"victory":false,"max_hp_per_floor":[72,72,72,72,72,72,72,72,72,72,72,72,72,72,72,72,72,72,72,72,72,72,74,74,74,74,80,80,80,80,80,80,80,80,82,82,84,84,84,86,86,86,86,86,88,90,90,92,92,92,92],"card_choices":[{"not_picked":["ThirdEye","Consecrate"],"picked":"Crescendo","floor":1},{"not_picked":["CutThroughFate","Crescendo"],"picked":"BattleHymn","floor":2},{"not_picked":["EmptyMind","Vengeance"],"picked":"EmptyFist","floor":3},{"not_picked":["Consecrate","Protect"],"picked":"PathToVictory","floor":4},{"not_picked":["JustLucky","CutThroughFate"],"picked":"ClearTheMind","floor":5},{"not_picked":["CrushJoints","PathToVictory"],"picked":"FlurryOfBlows","floor":7},{"not_picked":["BowlingBash","Perseverance"],"picked":"Indignation","floor":8},{"not_picked":["SashWhip","ThirdEye"],"picked":"Brilliance","floor":11},{"not_picked":["FearNoEvil","EmptyFist"],"picked":"MentalFortress","floor":14},{"not_picked":["Judgement","Ragnarok"],"picked":"DevaForm","floor":16},{"not_picked":["EmptyFist","Evaluate"],"picked":"Conclude","floor":18},{"not_picked":["CrushJoints","FlurryOfBlows+1"],"picked":"FollowUp","floor":22},{"not_picked":["JustLucky","WreathOfFlame","ClearTheMind+1"],"picked":"Singing Bowl","floor":23},{"not_picked":["Collect","EmptyMind"],"picked":"Halt+1","floor":25},{"not_picked":["Nirvana+1","Sanctity","FlyingSleeves"],"picked":"Prostrate","floor":29},{"not_picked":["Crescendo","PathToVictory+1","Prostrate"],"picked":"MasterReality","floor":31},{"not_picked":["SpiritShield","ConjureBlade","Judgement"],"picked":"Establishment","floor":33},{"not_picked":["Protect","Prostrate+1","ThirdEye+1","FlurryOfBlows"],"picked":"Singing Bowl","floor":35},{"not_picked":["FearNoEvil","EmptyFist","Crescendo","FlyingSleeves"],"picked":"Singing Bowl","floor":37},{"not_picked":["CrushJoints","SashWhip","Wallop"],"picked":"Vengeance+1","floor":39},{"not_picked":["Conclude","ClearTheMind+1","Perseverance+1","Crescendo+1"],"picked":"Singing Bowl","floor":40},{"not_picked":["ClearTheMind","Indignation+1","Consecrate"],"picked":"Pray+1","floor":44},{"not_picked":["Protect","FlurryOfBlows","Halt","Study"],"picked":"Singing Bowl","floor":45},{"not_picked":["EmptyBody+1","BowlingBash","CarveReality","FollowUp+1"],"picked":"Singing Bowl","floor":46},{"not_picked":["BowlingBash+1","FlyingSleeves","Protect+1","EmptyFist"],"picked":"Singing Bowl","floor":48}],"player_experience":1126356,"relics_obtained":[{"floor":8,"key":"Bromod:ArcaneMomentum"},{"floor":9,"key":"The Courier"},{"floor":11,"key":"Vajra"},{"floor":23,"key":"Darkstone Periapt"},{"floor":26,"key":"Orichalcum"},{"floor":29,"key":"Whetstone"},{"floor":40,"key":"GoldenEye"},{"floor":43,"key":"Blood Vial"}],"event_choices":[{"damage_healed":0,"gold_gain":75,"player_choice":"Gather Gold","damage_taken":11,"max_hp_gain":0,"max_hp_loss":0,"event_name":"World of Goop","floor":12,"gold_loss":0},{"damage_healed":0,"gold_gain":0,"player_choice":"Searched \u00271\u0027 times","damage_taken":0,"relics_obtained":["infinitespire:Satchel"],"max_hp_gain":0,"max_hp_loss":0,"event_name":"Dead Adventurer","floor":13,"gold_loss":0},{"damage_healed":0,"gold_gain":0,"player_choice":"Joined the Cult","damage_taken":6,"max_hp_gain":0,"max_hp_loss":0,"event_name":"Nest","floor":20,"gold_loss":0,"cards_obtained":["RitualDagger"]},{"damage_healed":0,"gold_gain":0,"player_choice":"Ignored","damage_taken":0,"max_hp_gain":0,"max_hp_loss":0,"event_name":"Ghosts","floor":21,"gold_loss":0},{"damage_healed":0,"gold_gain":0,"player_choice":"Stole Relic","damage_taken":0,"relics_obtained":["Question Card"],"max_hp_gain":0,"max_hp_loss":0,"event_name":"Addict","floor":27,"gold_loss":0,"cards_obtained":["Shame"]},{"damage_healed":0,"gold_gain":0,"player_choice":"Upgraded","damage_taken":0,"max_hp_gain":0,"max_hp_loss":0,"event_name":"Upgrade Shrine","floor":36,"gold_loss":0,"cards_upgraded":["Establishment"]},{"damage_healed":0,"gold_gain":0,"player_choice":"Ignored","damage_taken":0,"max_hp_gain":0,"max_hp_loss":0,"event_name":"Tomb of Lord Red Mask","floor":47,"gold_loss":0}],"is_beta":false,"boss_relics":[{"not_picked":["Sozu","Velvet Choker"],"picked":"HolyWater"},{"not_picked":["Busted Crown","Empty Cage"],"picked":"Bromod:ArcaneEnergize"}],"items_purged_floors":[],"is_endless":false,"potions_floor_spawned":[5,7,8,11,14,29,31,37,39,45,46],"killed_by":"Time Eater","ascension_level":6}}