{"host":"c97twqu0op5dg8i4","time":1613257309,"event":{"mods":["AchievementEnabler","BaseMod","Colored Map","Minty Spire (QoL Compilation)","Permanent Neow"],"gold_per_floor":[19,19,77,30,41,41,76,76,76,101,128,28,28,39,4,4,100,100,117,117,167,187,41,41,72,88,88,88,112,122,122,22,22,22,22,22,22],"floor_reached":36,"language":"ENG","playtime":782,"items_purged":["Underhanded Strike","Bane"],"score":519,"play_id":"85984a75-0cc1-4f7d-b2ba-446f82440880","local_time":"20210213180149","is_ascension_mode":true,"campfire_choices":[{"data":"Crippling Poison","floor":6,"key":"SMITH"},{"data":"Envenom","floor":8,"key":"SMITH"},{"floor":13,"key":"REST"},{"data":"Defend_G","floor":16,"key":"PURGE"},{"data":"Finisher","floor":24,"key":"PURGE"},{"data":"Heel Hook","floor":27,"key":"PURGE"},{"data":"Dagger Spray","floor":31,"key":"PURGE"},{"data":"Calculated Gamble","floor":33,"key":"SMITH"},{"data":"Ghostly","floor":35,"key":"SMITH"}],"circlet_count":0,"master_deck":["AscendersBane","Survivor","Neutralize+1","Skewer+1","Crippling Poison+1","Backflip","Calculated Gamble+1","Envenom+1","Corpse Explosion","Cloak And Dagger","Backstab","Burst","Catalyst+1","Ghostly+1","Ghostly","Ghostly","Ghostly","Ghostly"],"relics":["Ring of the Snake","Peace Pipe","Bronze Scales","Whetstone","Chemical X","Pandora\u0027s Box","Anchor","Meat on the Bone","MealTicket"],"acts_visited":["Exordium","TheCity"],"potions_floor_usage":[19],"damage_taken":[{"damage":0,"enemies":"2 Louse","floor":1,"turns":2},{"damage":7,"enemies":"Small Slimes","floor":5,"turns":3},{"damage":12,"enemies":"Gremlin Nob","floor":7,"turns":3},{"damage":22,"enemies":"Lagavulin","floor":11,"turns":6},{"damage":4,"enemies":"Jaw Worm","floor":14,"turns":3},{"damage":6,"enemies":"The Guardian","floor":17,"turns":6},{"damage":8,"enemies":"Chosen","floor":19,"turns":3},{"damage":22,"enemies":"2 Thieves","floor":22,"turns":2},{"damage":10,"enemies":"Gremlin Leader","floor":25,"turns":4},{"damage":1,"enemies":"Snecko","floor":26,"turns":3},{"damage":8,"enemies":"Snake Plant","floor":30,"turns":2},{"damage":44,"enemies":"Champ","floor":36,"turns":7}],"seed_played":"1543708173213564377","potions_obtained":[{"floor":1,"key":"Weak Potion"},{"floor":5,"key":"Poison Potion"},{"floor":14,"key":"Poison Potion"},{"floor":19,"key":"Fruit Juice"}],"is_trial":false,"path_per_floor":["M","?","?","$","M","R","E","R","?","T","E","$","R","M","?","R","B",null,"M","?","?","M","$","R","E","M","R","T","T","M","R","$","R","?","R","B"],"character_chosen":"THE_SILENT","items_purchased":["Backflip","Chemical X","CunningPotion"],"campfire_rested":1,"item_purchase_floors":[4,12,23],"current_hp_per_floor":[63,63,63,63,56,56,44,44,49,49,27,27,49,45,63,63,57,71,68,68,68,46,46,46,36,35,35,35,35,39,39,54,54,40,40,0,0],"gold":22,"neow_bonus":"TRANSFORM_TWO_CARDS","is_daily":false,"chose_seed":false,"campfire_upgraded":4,"win_rate":0.0,"timestamp":1613257309,"path_taken":["M","?","?","$","?","R","E","R","?","T","E","$","R","M","?","R","BOSS","M","?","?","?","$","R","E","M","R","T","T","M","R","$","R","?","R","BOSS"],"items_purchased_type":["Card","Relic","Potion"],"build_version":"2020-12-22","purchased_purges":2,"victory":false,"max_hp_per_floor":[70,70,70,70,70,70,70,70,75,75,75,75,75,75,75,75,75,75,80,80,80,80,80,80,80,80,80,80,80,80,80,80,80,40,40,40,40],"card_choices":[{"not_picked":["Acrobatics","Outmaneuver"],"picked":"Crippling Poison","floor":1},{"not_picked":["Cloak And Dagger","Deadly Poison"],"picked":"Calculated Gamble","floor":5},{"not_picked":["Cloak And Dagger","Backstab"],"picked":"Envenom","floor":7},{"not_picked":["Heel Hook","Unload","Slice"],"picked":"SKIP","floor":11},{"not_picked":["Bane","Masterful Stab","Blade Dance"],"picked":"SKIP","floor":14},{"not_picked":["Bullet Time","Doppelganger"],"picked":"Corpse Explosion","floor":17},{"not_picked":["Dagger Throw","Reflex","Deadly Poison"],"picked":"SKIP","floor":19},{"not_picked":["Outmaneuver","Reflex+1"],"picked":"Catalyst+1","floor":22},{"not_picked":["PiercingWail","Flying Knee","Outmaneuver"],"picked":"SKIP","floor":25},{"not_picked":["Choke+1","Prepared","Eviscerate"],"picked":"SKIP","floor":26},{"not_picked":["Deadly Poison","Dagger Spray","Finisher"],"picked":"SKIP","floor":30}],"player_experience":404585,"relics_obtained":[{"floor":7,"key":"Peace Pipe"},{"floor":10,"key":"Bronze Scales"},{"floor":11,"key":"Whetstone"},{"floor":25,"key":"Anchor"},{"floor":28,"key":"Meat on the Bone"},{"floor":29,"key":"MealTicket"}],"event_choices":[{"damage_healed":0,"gold_gain":0,"player_choice":"Grow","damage_taken":0,"max_hp_gain":0,"max_hp_loss":0,"event_name":"Living Wall","floor":2,"gold_loss":0,"cards_upgraded":["Skewer"]},{"damage_healed":0,"gold_gain":58,"player_choice":"Gained Gold","damage_taken":0,"max_hp_gain":0,"max_hp_loss":0,"event_name":"Golden Wing","floor":3,"gold_loss":0},{"damage_healed":0,"gold_gain":0,"player_choice":"Donut","damage_taken":0,"max_hp_gain":5,"max_hp_loss":0,"event_name":"Big Fish","floor":9,"gold_loss":0},{"damage_healed":18,"gold_gain":0,"player_choice":"Healed","damage_taken":0,"max_hp_gain":0,"max_hp_loss":0,"event_name":"The Cleric","floor":15,"gold_loss":35},{"damage_healed":0,"gold_gain":0,"player_choice":"Ignored","damage_taken":0,"max_hp_gain":0,"max_hp_loss":0,"event_name":"Vampires","floor":20,"gold_loss":0},{"damage_healed":0,"gold_gain":100,"player_choice":"Bet on Murderer","damage_taken":0,"max_hp_gain":0,"max_hp_loss":0,"event_name":"The Joust","floor":21,"gold_loss":50},{"damage_healed":0,"gold_gain":0,"player_choice":"Became a Ghost","damage_taken":0,"max_hp_gain":0,"max_hp_loss":40,"event_name":"Ghosts","floor":34,"gold_loss":0,"cards_obtained":["Ghostly","Ghostly","Ghostly","Ghostly","Ghostly"]}],"is_beta":false,"boss_relics":[{"not_picked":["Cursed Key","Tiny House"],"picked":"Pandora\u0027s Box"}],"items_purged_floors":[23,32],"is_endless":false,"potions_floor_spawned":[1,5,7,14,19,25,26],"killed_by":"Champ","ascension_level":12}}