{"host":"gfxjwtol062e9znw","time":1613205635,"event":{"mods":["BaseMod","Colored Map","Minty Spire (QoL Compilation)","Rare Cards Sparkle","StSLib"],"gold_per_floor":[114,129,204,80,80,80,107,118,118,131,131,231,261,275,275,275,275],"floor_reached":16,"language":"ENG","playtime":752,"items_purged":["Defend_G"],"score":185,"play_id":"9d5b6595-3439-4d16-baa5-5aa74a728f13","local_time":"20210213194035","is_ascension_mode":true,"campfire_choices":[{"data":"Neutralize","floor":6,"key":"SMITH"},{"data":"Blur","floor":11,"key":"SMITH"},{"floor":15,"key":"REST"}],"circlet_count":0,"master_deck":["Strike_G","Strike_G","Strike_G","Strike_G","Strike_G","Defend_G","Defend_G","Defend_G","Defend_G","Survivor","Neutralize+1","Cloak And Dagger","Footwork","Dash","Slice","Blur+1","Deflect","Sucker Punch"],"relics":["Ring of the Snake","HornCleat","Juzu Bracelet","Happy Flower"],"acts_visited":["Exordium"],"potions_floor_usage":[7,7,10,10,16,16],"damage_taken":[{"damage":6,"enemies":"Jaw Worm","floor":1,"turns":7},{"damage":1,"enemies":"2 Louse","floor":2,"turns":3},{"damage":4,"enemies":"Lagavulin","floor":7,"turns":7},{"damage":0,"enemies":"Cultist","floor":8,"turns":4},{"damage":7,"enemies":"Lots of Slimes","floor":10,"turns":6},{"damage":29,"enemies":"Gremlin Nob","floor":13,"turns":7},{"damage":6,"enemies":"3 Louse","floor":14,"turns":5},{"damage":72,"enemies":"Hexaghost","floor":16,"turns":22}],"seed_played":"6335157558239870183","potions_obtained":[{"floor":1,"key":"SkillPotion"},{"floor":8,"key":"ColorlessPotion"},{"floor":10,"key":"Fruit Juice"},{"floor":13,"key":"ColorlessPotion"},{"floor":14,"key":"EssenceOfSteel"}],"is_trial":false,"path_per_floor":["M","M","?","$","?","R","E","M","T","M","R","?","E","M","R","B"],"character_chosen":"THE_SILENT","items_purchased":["PowerPotion"],"campfire_rested":1,"item_purchase_floors":[4],"current_hp_per_floor":[57,56,45,45,80,80,76,76,76,74,74,74,45,39,64,0,0],"gold":275,"neow_bonus":"ONE_RANDOM_RARE_CARD","is_daily":false,"chose_seed":false,"campfire_upgraded":2,"win_rate":0.0,"timestamp":1613205635,"path_taken":["M","M","?","$","?","R","E","M","T","M","R","?","E","M","R","BOSS"],"items_purchased_type":["Potion"],"build_version":"2020-12-22","purchased_purges":1,"victory":false,"max_hp_per_floor":[70,70,70,70,80,80,80,80,80,85,85,85,85,85,85,85,85],"card_choices":[{"not_picked":["Choke","Distraction"],"picked":"Cloak And Dagger","floor":1},{"not_picked":["Eviscerate","Masterful Stab"],"picked":"Footwork","floor":2},{"not_picked":["Storm of Steel","Prepared"],"picked":"Dash","floor":7},{"not_picked":["Masterful Stab","Acrobatics"],"picked":"Slice","floor":8},{"not_picked":["Flechettes","Riddle With Holes"],"picked":"Blur","floor":10},{"not_picked":["Distraction","Expertise"],"picked":"Deflect","floor":13},{"not_picked":["Bane","Acrobatics"],"picked":"Sucker Punch","floor":14}],"player_experience":163173,"relics_obtained":[{"floor":7,"key":"HornCleat"},{"floor":9,"key":"Juzu Bracelet"},{"floor":13,"key":"Happy Flower"}],"event_choices":[{"damage_healed":0,"gold_gain":75,"player_choice":"Gather Gold","damage_taken":11,"max_hp_gain":0,"max_hp_loss":0,"event_name":"World of Goop","floor":3,"gold_loss":0},{"cards_removed":["A Thousand Cuts"],"damage_healed":25,"gold_gain":0,"player_choice":"Offered Rare","damage_taken":0,"max_hp_gain":10,"max_hp_loss":0,"event_name":"Bonfire Elementals","floor":5,"gold_loss":0},{"damage_healed":0,"gold_gain":100,"player_choice":"Gold","damage_taken":0,"max_hp_gain":0,"max_hp_loss":0,"event_name":"Wheel of Change","floor":12,"gold_loss":0}],"is_beta":false,"boss_relics":[],"items_purged_floors":[4],"is_endless":false,"potions_floor_spawned":[1,8,10,13,14],"killed_by":"Hexaghost","ascension_level":9}}