{"host":"23qk1co0p3p8qz56","time":1613175096,"event":{"mods":["100% Spire Juice","AchievementEnabler","Act Like it!","Arknights","BaseMod","Better Note","Better Third Choice","BetterRewards","CapriCore","Chen","Colored Map","DNKmod","Downfall","Duelist Mod","Friendly Minions","Gensokyo","Gold Saver","Halation","KinomotoSakuraMod(ñÿîVñ{?)","Koishi","KomeijiMod","LagranYue(ùfäiòNÅEåé)","Lobotomy","LobotomyExtend","Mari Mod (Legacy)","Mari\u0027s V1 Patch","MarisaÅiñ∂âJÅ@ñÇóùçπÅj","Minty Spire (QoL Compilation)","Prisma Mod","ReimuÅiîé??öÎÅj","RemiliaÅiÂQïƒ‰ª?Åj","RumiaBox-òIïƒ?ìIê_îÈ·¥éq","StSLib","The Administrix","The Alterego","The Animator","The Gatherer","The Immortal","The Senshi","Waifu the Spire","WarShipGirlsR/??è≠èóR mod","Yakumo Yukari mod","Yohane!","Yuyuko"],"gold_per_floor":[10005,10010,10040,10040,9865,9865,9565,9610,9685,9314,9314,9314,9319,9324,9324,9439,9439,9439],"floor_reached":16,"language":"ENG","playtime":827,"items_purged":[],"score":200,"play_id":"9944fb3f-118f-48ad-8c76-0658313cc72e","local_time":"20210212171136","daily_mods":["Draft","Diverse","downfall:Hexed"],"is_ascension_mode":false,"campfire_choices":[{"floor":6,"key":"DIG"},{"floor":11,"key":"DIG"},{"floor":15,"key":"DIG"}],"circlet_count":0,"master_deck":["MariMod:Mari_Lets_Go","rmod:luckystar","sneckomod:UnknownCommonSkill","sneckomod:UnknownClassTHE_BRONZE_AUTOMATON","DiffusionOfMisfortune","MariMod:Mari_Unveiled_Secret","UnderTheZenith","animator:Kaijin","Sweeping Beam","Stack","Slimebound:Nibble","Acceleration","Yohane:Little_Demon_Ruby","Gatherer:Uplift","animator:Genos","ClowCardTheErase","sneckomod:UnknownCommonAttack","alterego_mod:DestructionOfProperty","sneckomod:UnknownClassRED","sneckomod:UnknownClassYUYUKO_COLOR","MastersStateliness","Remain Here","sneckomod:UnknownCommonSkill","alterego_mod:Punishment","MokouMod:WarmUp"],"relics":["bronze:BronzeCore","Velvet Choker","Shovel","Gremlin Horn","halation:SelfBoilingWater","LagranYue:RandomDrawCardRelic","LetterFromLob","LagranYue:GuidanceLightRelic","Omamori","halation:TwoAmDonut","halation:LettersToHer","GodSword4","ClockworkSouvenir","Oddly Smooth Stone","Incense Burner","MagicDraw4"],"acts_visited":["Exordium"],"potions_floor_usage":[],"damage_taken":[{"damage":14,"enemies":"Small Slimes","floor":1,"turns":2},{"damage":0,"enemies":"Cultist","floor":2,"turns":3},{"damage":0,"enemies":"2 Louse","floor":3,"turns":2},{"damage":18,"enemies":"Lagavulin","floor":8,"turns":4},{"damage":0,"enemies":"Exordium Wildlife","floor":13,"turns":1},{"damage":4,"enemies":"3 Louse","floor":14,"turns":2},{"damage":229,"enemies":"Hexaghost","floor":16,"turns":5}],"seed_played":"-8399458303924539785","potions_obtained":[{"floor":2,"key":"bronze:BurnAndBuffPotion"},{"floor":8,"key":"Swift Potion"},{"floor":16,"key":"SteroidPotion"}],"is_trial":false,"path_per_floor":["M","M","M","?","$","R","$","E","T","$","R","M","M","M","R","B"],"character_chosen":"THE_AUTOMATON","items_purchased":["sneckomod:UnknownClassYUYUKO_COLOR","LagranYue:GuidanceLightRelic","MastersStateliness","halation:TwoAmDonut","sneckomod:UnknownCommonSkill","ClockworkSouvenir","Oddly Smooth Stone","alterego_mod:Punishment"],"campfire_rested":0,"item_purchase_floors":[5,5,7,7,10,10,10,10],"current_hp_per_floor":[486,486,486,486,486,486,486,475,475,475,475,475,475,471,471,253,253,253],"gold":9439,"neow_bonus":"","is_daily":true,"chose_seed":false,"campfire_upgraded":0,"win_rate":0.0,"timestamp":1613175096,"path_taken":["M","M","M","?","$","R","$","E","T","$","R","M","M","M","R","BOSS"],"items_purchased_type":["Card","Relic","Card","Relic","Card","Relic","Relic","Card"],"build_version":"2020-12-22","purchased_purges":0,"victory":false,"max_hp_per_floor":[500,500,500,500,500,500,500,500,500,500,500,500,500,500,500,500,500,500],"card_choices":[{"not_picked":["bronze:DelayedGuard","animator:PandorasActor"],"picked":"MariMod:Mari_Lets_Go","floor":0},{"not_picked":["animator:Elsword","rmod:aluminumsupply"],"picked":"rmod:luckystar","floor":0},{"not_picked":["MokouMod:BlazingComet","ats:Automatic Cover"],"picked":"sneckomod:UnknownCommonSkill","floor":0},{"not_picked":["animator:Ain","alterego_mod:Rip"],"picked":"sneckomod:UnknownClassTHE_BRONZE_AUTOMATON","floor":0},{"not_picked":["sneckomod:UnknownClassHEXA_GHOST_PURPLE","OoedoNingyou+1"],"picked":"DiffusionOfMisfortune","floor":0},{"not_picked":["champ:DefensiveShout","animator:Konayuki"],"picked":"MariMod:Mari_Unveiled_Secret","floor":0},{"not_picked":["animator:OrikoMikuni","Slimebound:SplitSpecialist"],"picked":"UnderTheZenith","floor":0},{"not_picked":["Slimebound:GoopTackle","sneckomod:UnknownClassSpïÑ?"],"picked":"animator:Kaijin","floor":0},{"not_picked":["CommonSense_AntiCommonSense_purple","Gatherer:Frenzy"],"picked":"Sweeping Beam","floor":0},{"not_picked":["LagranYue:AttackKingCard","Fasting2"],"picked":"Stack","floor":0},{"not_picked":["Phantom Butterflies","rmod:garrisonisland"],"picked":"Slimebound:Nibble","floor":0},{"not_picked":["theSenshi:SailorV","Guardian:Reroute"],"picked":"Acceleration","floor":0},{"not_picked":["animator:Azekura","Yohane:Angel_Tears"],"picked":"Yohane:Little_Demon_Ruby","floor":0},{"not_picked":["Yohane:Ice_Cream_Assault","animator:Assassin"],"picked":"Gatherer:Uplift","floor":0},{"not_picked":["ShootingEcho","alterego_mod:Undulate"],"picked":"animator:Genos","floor":0},{"not_picked":["BowlingBash","Charmbait_purple"],"picked":"ClowCardTheErase","floor":1},{"not_picked":["Cripple","sneckomod:UnknownClassLichGold"],"picked":"sneckomod:UnknownCommonAttack","floor":2},{"not_picked":["champ:Shatter","BloodCleaner"],"picked":"alterego_mod:DestructionOfProperty","floor":3},{"not_picked":["champ:ArenaPreparation","animator:ShinjiMatou"],"picked":"Remain Here","floor":8},{"not_picked":["AdministrixMod:HarmonicReverence","Conclude","theDuelist:WhiteMagicalHat"],"picked":"SKIP","floor":13},{"not_picked":["theDuelist:LegendarySword","Slimebound:Chomp"],"picked":"MokouMod:WarmUp","floor":14}],"player_experience":182562,"relics_obtained":[{"floor":1,"key":"LetterFromLob"},{"floor":6,"key":"Omamori"},{"floor":8,"key":"halation:LettersToHer"},{"floor":9,"key":"halation:LettersToHer"},{"floor":9,"key":"GodSword4"},{"floor":11,"key":"Incense Burner"},{"floor":15,"key":"MagicDraw4"}],"event_choices":[{"damage_healed":0,"gold_gain":0,"player_choice":"1 cards matched","damage_taken":0,"max_hp_gain":0,"max_hp_loss":0,"event_name":"Match and Keep!","floor":4,"gold_loss":0,"cards_obtained":["sneckomod:UnknownClassRED"]}],"is_beta":false,"boss_relics":[],"items_purged_floors":[],"is_endless":false,"potions_floor_spawned":[2,8,16],"killed_by":"Hexaghost","ascension_level":0}}