{"host":"4w9vompg42n13q24","time":1613213491,"event":{"mods":["Aspiration","BaseMod","Better Third Choice","Colored Map","Colored Powertips","DeckTracker","Downfall","GifTheSpireLib","Glutton Mod","Hermit","Highlight Path","Hubris","Minty Spire (QoL Compilation)","Relic Stats","StSLib","Stuff the Spire","The Druid","The Necromancer","Trackpad"],"gold_per_floor":[0,0,0,19,19,49,72,86,103,103,13,13,24,53,69,173,173,73,73,73,173,190,190,190,90,75,75,92,92,142,161,177,217,217,217],"floor_reached":33,"language":"ENG","playtime":2907,"items_purged":["StuffTheSpire:CuriosityCurse"],"score":280,"play_id":"9743313a-fb30-447c-8c7d-6dd55caaa190","local_time":"20210213115131","is_ascension_mode":false,"campfire_choices":[{"data":"bronze:Replicate","floor":1.0,"key":"SMITH"},{"floor":10.0,"key":"REST"},{"data":"bronze:Philosophize","floor":12.0,"key":"SMITH"},{"data":"bronze:AlphaBuild","floor":18.0,"key":"SMITH"},{"floor":23.0,"key":"RECALL"},{"data":"1","floor":25.0,"key":"LIFT"}],"circlet_count":0,"master_deck":["bronze:Strike+1","bronze:Strike+1","bronze:Strike+1","bronze:Defend","bronze:Defend","bronze:Defend","bronze:Defend","bronze:Replicate+1","bronze:Goto","bronze:Invalidate","bronze:Constructor","bronze:Philosophize+1","bronze:Terminator","bronze:OilSpill","bronze:CleanCode+1","bronze:NullPointer","bronze:AlphaBuild+1","bronze:DarkDash","bronze:Repair+1","bronze:Constructor"],"relics":["bronze:BronzeCore","hubris:BundleOfHerbs","hubris:DisguiseKit","Frozen Egg 2","Whetstone","aspiration:FrozenJewel","Busted Crown","downfall:HeartBlessingGreen","Girya","aspiration:StickyExplosives_weak","downfall:HeartBlessingBlue","downfall:KnowingSkull"],"acts_visited":["Exordium","TheCity"],"potions_floor_usage":[30,32,33],"damage_taken":[{"damage":1.0,"enemies":"Cultist","floor":4.0,"turns":3.0},{"damage":40.0,"enemies":"Gremlin Nob","floor":6.0,"turns":4.0},{"damage":11.0,"enemies":"Jaw Worm","floor":8.0,"turns":2.0},{"damage":3.0,"enemies":"Small Slimes","floor":9.0,"turns":3.0},{"damage":5.0,"enemies":"downfall:FleeingMerchant","floor":11.0,"turns":4.0},{"damage":17.0,"enemies":"Gremlin Gang","floor":13.0,"turns":5.0},{"damage":35.0,"enemies":"3 Sentries","floor":14.0,"turns":10.0},{"damage":0.0,"enemies":"Large Slime","floor":15.0,"turns":3.0},{"damage":1.0,"enemies":"SI_SHIV_ARCHETYPE","floor":16.0,"turns":5.0},{"damage":40.0,"enemies":"IC_STATUS_ARCHETYPE","floor":21.0,"turns":7.0},{"damage":0.0,"enemies":"Spheric Guardian","floor":22.0,"turns":3.0},{"damage":0.0,"enemies":"downfall:FleeingMerchant","floor":26.0,"turns":4.0},{"damage":5.0,"enemies":"3 Byrds","floor":28.0,"turns":4.0},{"damage":5,"enemies":"3 Cultists","floor":30,"turns":5},{"damage":2,"enemies":"Chosen and Byrds","floor":31,"turns":7},{"damage":12,"enemies":"Cultist and Chosen","floor":32,"turns":6},{"damage":35,"enemies":"WA_ARCHETYPE_CALM","floor":33,"turns":5}],"seed_played":"-5512786187948874205","potions_obtained":[{"floor":4.0,"key":"Swift Potion"},{"floor":6.0,"key":"champ:CounterPotion"},{"floor":13.0,"key":"Fire Potion"},{"floor":14.0,"key":"SpeedPotion"},{"floor":30,"key":"DistilledChaos"},{"floor":32,"key":"Slimebound:ThreeZeroPotion"}],"is_trial":false,"path_per_floor":["R","?","?","M","?","E","T","M","M","R","$","R","M","E","M","B",null,"R","?","?","?","M","R","T","R","$","?","M","?","M","M","M","B"],"character_chosen":"THE_AUTOMATON","items_purchased":[],"campfire_rested":1,"item_purchase_floors":[],"current_hp_per_floor":[70,70,75,74,74,34,34,23,20,42,37,37,20,66,66,65,75,75,61,61,21,21,21,21,31,31,23,18,11,6,14,12,0,0,0],"gold":217,"neow_bonus":"ONE_RARE_RELIC","is_daily":false,"chose_seed":false,"campfire_upgraded":3,"win_rate":0.0,"timestamp":1613213491,"path_taken":["R","?","?","?","?","E","T","M","M","R","$","R","?","E","M","BOSS","R","?","?","?","?","R","T","R","?","?","?","?","M","M","M","BOSS"],"items_purchased_type":[],"build_version":"2020-12-22","purchased_purges":1,"victory":false,"max_hp_per_floor":[70,70,75,75,75,75,75,75,75,75,75,75,75,75,75,75,75,75,80,80,80,80,80,80,90,90,90,90,90,90,90,90,90,90,90],"relic_stats":{"Busted Crown":14,"counters":[17,80],"Whetstone":["bronze:Strike","bronze:Strike"],"obtain_stats":[{"hubris:DisguiseKit":2,"Girya":21,"bronze:BronzeCore":0,"Busted Crown":17,"downfall:HeartBlessingBlue":25,"downfall:HeartBlessingGreen":18,"downfall:KnowingSkull":29,"hubris:BundleOfHerbs":0,"Whetstone":7,"Frozen Egg 2":6,"aspiration:FrozenJewel":14,"aspiration:StickyExplosives_weak":21},{"hubris:DisguiseKit":0,"Girya":10,"bronze:BronzeCore":0,"Busted Crown":9,"downfall:HeartBlessingBlue":11,"downfall:HeartBlessingGreen":9,"downfall:KnowingSkull":13,"hubris:BundleOfHerbs":0,"Whetstone":2,"Frozen Egg 2":2,"aspiration:FrozenJewel":7,"aspiration:StickyExplosives_weak":10},{"hubris:DisguiseKit":0,"Girya":46,"bronze:BronzeCore":0,"Busted Crown":39,"downfall:HeartBlessingBlue":49,"downfall:HeartBlessingGreen":39,"downfall:KnowingSkull":57,"hubris:BundleOfHerbs":0,"Whetstone":7,"Frozen Egg 2":7,"aspiration:FrozenJewel":31,"aspiration:StickyExplosives_weak":46}]},"card_choices":[{"not_picked":["bronze:Backtrace","bronze:FineTuning","champ:PerfectedStrike"],"picked":"bronze:Invalidate","floor":4.0},{"not_picked":["bronze:Deprecate","bronze:BugBarrage","champ:FlashCut"],"picked":"bronze:Constructor","floor":6.0},{"not_picked":["bronze:Overload","bronze:Turbo","champ:BerserkersShout"],"picked":"bronze:Philosophize","floor":8.0},{"not_picked":["bronze:Constructor","bronze:CloningBeam","champ:AdrenalArmor"],"picked":"bronze:Terminator","floor":9.0},{"not_picked":["bronze:Terminator","bronze:Allocate","champ:CalledShot"],"picked":"bronze:OilSpill","floor":11.0},{"not_picked":["bronze:Overheat","bronze:BuggyMess","bronze:DelayedGuard","champ:FlashCut"],"picked":"SKIP","floor":13.0},{"not_picked":["bronze:ForLoop","bronze:CutThrough","champ:ShieldSlam"],"picked":"bronze:CleanCode+1","floor":14.0},{"not_picked":["bronze:OilSpill","bronze:CloningBeam","champ:PerfectedStrike"],"picked":"bronze:NullPointer","floor":15.0},{"not_picked":["bronze:ThunderWave","bronze:BurnOut","champ:LastStand"],"picked":"bronze:AlphaBuild","floor":16.0},{"not_picked":["bronze:BuggyMess","champ:SetATrap"],"picked":"SKIP","floor":22.0},{"not_picked":["bronze:DelayedGuard","champ:StanceDance"],"picked":"SKIP","floor":26.0},{"not_picked":["champ:BerserkersShout"],"picked":"bronze:DarkDash","floor":28.0},{"not_picked":["champ:Circumvent"],"picked":"bronze:Repair+1","floor":30},{"not_picked":["bronze:BugBarrage","champ:TornadoPunch"],"picked":"SKIP","floor":31},{"not_picked":["champ:FanOfKnives"],"picked":"bronze:Constructor","floor":32}],"player_experience":668688,"relics_obtained":[{"floor":6.0,"key":"Frozen Egg 2"},{"floor":7.0,"key":"Whetstone"},{"floor":14.0,"key":"aspiration:FrozenJewel"},{"floor":21.0,"key":"Girya"},{"floor":21.0,"key":"aspiration:StickyExplosives_weak"}],"event_choices":[{"damage_healed":0.0,"max_hp_gain":5.0,"max_hp_loss":0.0,"gold_gain":0.0,"event_name":"Big Fish","player_choice":"Donut","floor":3.0,"gold_loss":0.0,"damage_taken":0.0},{"damage_healed":0.0,"max_hp_gain":0.0,"max_hp_loss":0.0,"gold_gain":0.0,"event_name":"NoteForYourself","player_choice":"Ignored","floor":5.0,"gold_loss":0.0,"damage_taken":0.0}],"is_beta":false,"boss_relics":[{"not_picked":["Runic Pyramid","Astrolabe"],"picked":"Busted Crown"}],"items_purged_floors":[11],"is_endless":false,"potions_floor_spawned":[4,6,13,14,16,21,30,32],"killed_by":"WA_ARCHETYPE_CALM","ascension_level":0}}