{"host":"qc8gw3x1c8jlo9fx","time":1613194797,"event":{"mods":["AchievementEnabler","BaseMod","Better Note","BetterRewards","Conspire","Hubris","Infinite Spire","Jedi Mod","Minty Spire (QoL Compilation)","Reliquary","Replay The Spire","StSLib","The IronCluck"],"gold_per_floor":[116,135,210,221,235,235,266,266,266,284,299,329,354,366,378,390,390],"floor_reached":16,"language":"ENG","playtime":690,"items_purged":[],"score":114,"play_id":"27226d77-e8c9-4d36-b01f-da4d5016a407","local_time":"20210212223957","is_ascension_mode":false,"campfire_choices":[{"floor":6,"key":"REST"},{"floor":8,"key":"REST"},{"floor":15,"key":"REST"}],"circlet_count":0,"master_deck":["Strike_G","Strike_G","Strike_G","Strike_G","Strike_G","Defend_G","Defend_G","Defend_G","Defend_G","Defend_G","Survivor","Neutralize","jedi:pocketpoison","Deflect","Slice","Fluid Movement","Hidden Blade","Deflect","conspire:DoublingDagger","Footwork"],"relics":["jedi:battlestandard","Mercury Hourglass","infinitespire:EmpoweringShard","Paper Crane","MawBank"],"acts_visited":["Exordium"],"potions_floor_usage":[7,12,14],"damage_taken":[{"damage":1,"enemies":"Cultist","floor":1,"turns":4},{"damage":0,"enemies":"Small Slimes","floor":2,"turns":4},{"damage":0,"enemies":"Jaw Worm","floor":4,"turns":4},{"damage":13,"enemies":"Large Slime","floor":5,"turns":9},{"damage":60,"enemies":"Gremlin Nob","floor":7,"turns":5},{"damage":2,"enemies":"Looter","floor":10,"turns":3},{"damage":0,"enemies":"3 Louse","floor":11,"turns":2},{"damage":18,"enemies":"Lagavulin","floor":12,"turns":7},{"damage":0,"enemies":"2 Fungi Beasts","floor":14,"turns":1},{"damage":35,"enemies":"Slime Boss","floor":16,"turns":7}],"seed_played":"-3279231054135440108","potions_obtained":[{"floor":1,"key":"SkillPotion"},{"floor":2,"key":"Elixir"},{"floor":11,"key":"SteroidPotion"},{"floor":12,"key":"SmokeBomb"}],"is_trial":false,"path_per_floor":["M","M","?","M","M","R","E","R","T","M","M","E","T","M","R","B"],"character_chosen":"THE_SILENT","items_purchased":[],"campfire_rested":3,"item_purchase_floors":[],"current_hp_per_floor":[69,69,58,58,45,66,6,27,27,25,25,7,7,7,28,0,0],"gold":390,"neow_bonus":"BOSS_RELIC","is_daily":false,"chose_seed":false,"campfire_upgraded":0,"win_rate":0.0,"timestamp":1613194797,"path_taken":["M","?","?","M","M","R","E","R","T","M","M","E","?","M","R","BOSS"],"items_purchased_type":[],"build_version":"2020-12-22","purchased_purges":0,"victory":false,"max_hp_per_floor":[70,70,70,70,70,70,70,70,70,70,70,70,70,70,70,70,70],"card_choices":[{"not_picked":["Acrobatics","hubris:SlightOfHand"],"picked":"jedi:pocketpoison","floor":1},{"not_picked":["Acrobatics","Backflip"],"picked":"Deflect","floor":2},{"not_picked":["Cloak And Dagger","Acrobatics"],"picked":"Slice","floor":4},{"not_picked":["Backflip","Dodge and Roll"],"picked":"Fluid Movement","floor":5},{"not_picked":["hubris:SlightOfHand","Eviscerate"],"picked":"Hidden Blade","floor":7},{"not_picked":["Sneak Up","Replay:Poison Smokescreen"],"picked":"Deflect","floor":10},{"not_picked":["jedi:acidrain","Dash"],"picked":"conspire:DoublingDagger","floor":11},{"not_picked":["hubris:SlightOfHand","Replay:Poison Smokescreen"],"picked":"Footwork","floor":12}],"player_experience":214571,"relics_obtained":[{"floor":7,"key":"Mercury Hourglass"},{"floor":9,"key":"infinitespire:EmpoweringShard"},{"floor":12,"key":"Paper Crane"},{"floor":13,"key":"MawBank"}],"event_choices":[{"damage_healed":0,"gold_gain":75,"player_choice":"Gather Gold","damage_taken":11,"max_hp_gain":0,"max_hp_loss":0,"event_name":"World of Goop","floor":3,"gold_loss":0}],"is_beta":false,"boss_relics":[],"items_purged_floors":[],"is_endless":false,"potions_floor_spawned":[1,2,11,12,14],"killed_by":"Slime Boss","ascension_level":0}}