{"host":"og21o26alpnbwmz8","time":1613246475,"event":{"mods":["Act Like it!","Aspiration","BaseMod","Conspire","Downfall","Gensokyo","Halation","Hubris","Jedi Mod","Mimic Mod","Minty Spire (QoL Compilation)","Pale of the Ancients","Reliquary","Replay The Spire","Shop Mod","Spikes Relics","StSLib","The Alterego","The Blue Laboratory","The Clintock","The Disciple","The Poker Player","The Witch","Waifu the Spire","Yuri Mod"],"gold_per_floor":[113,113,127,7,20,50,50,70,70,70,89,89,122,134,134,232,232,249,249,261,271,287,287,305,249,249,249,249,48,48,48,48,48,48,48,48,48,48,48,48,48,48,48,48,48,48,48,48,48,48,48,48,0,0,0,0],"floor_reached":55,"language":"ENG","playtime":2990,"items_purged":["Strike_Br","Outmaneuver","Poisoned Stab"],"score":847,"play_id":"4a5057bc-a673-41b8-8bcd-16ed6731faf6","local_time":"20210213150115","is_ascension_mode":false,"campfire_choices":[{"data":"Allargando","floor":7,"key":"SMITH"},{"data":"SecondHand","floor":10,"key":"SMITH"},{"data":"All Out Attack","floor":12,"key":"SMITH"},{"data":"Riddle With Holes","floor":15,"key":"SMITH"},{"data":"LockedWarPaint","floor":23,"key":"SMITH"},{"floor":32,"key":"REST"},{"data":"LockedThread","floor":40,"key":"SMITH"},{"floor":49,"key":"RECALL"},{"data":"LockedThread","floor":52,"key":"SMITH"}],"circlet_count":0,"master_deck":["Defend_Br+1","Defend_Br+1","SecondHand+1","PatternShift","All Out Attack+1","Riddle With Holes+1","Allargando+1","LockedWarPaint+1","ReplayTheSpireMod:From All Sides","Calculated Gamble","Ritenuto+1","LockedThread+1","Moderato","LockedBlood+1","LockedThread+1","LockedWhetstone+1","Echoward+1","LockedBlood+1","Engulf+1","Echoward+1","LockedUrn","BiteCommand+1","LockedMedicine","BiteCommand"],"relics":["Chronometer","NeowsBlessing","reliquary:SilkGlove","jedi:battlestandard","jedi:ominousloannote","halation:SwordOfLegend","reliquary:RoseTintedGlasses","reliquary:RedPaperclip","Replay:Rubber Ducky","ReplayTheSpireMod:Shallot","Shuriken","reliquary:Knoch","Pet Ghost","SpringShield"],"acts_visited":["Exordium","Gensokyo:Gensokyo","Gensokyo:Gensokyoer","TheEnding"],"potions_floor_usage":[21,30,44],"damage_taken":[{"damage":0,"enemies":"Gensokyo:Gryphon","floor":1,"turns":1},{"damage":0,"enemies":"Gensokyo:2_Kodama","floor":3,"turns":1},{"damage":0,"enemies":"Gensokyo:3_Fairies","floor":5,"turns":1},{"damage":15,"enemies":"Gensokyo:Cirno","floor":6,"turns":6},{"damage":7,"enemies":"Gensokyo:Gryphon_and_Rabbit","floor":8,"turns":3},{"damage":0,"enemies":"Gensokyo:2_Rabbits","floor":11,"turns":3},{"damage":0,"enemies":"Gensokyo:Mamizou","floor":13,"turns":7},{"damage":0,"enemies":"Gensokyo:Python_and_Kodama","floor":14,"turns":3},{"damage":18,"enemies":"Gensokyo:Yukari","floor":16,"turns":10},{"damage":0,"enemies":"Gensokyo:Chomper","floor":18,"turns":3},{"damage":0,"enemies":"Gensokyo:2_Gloops","floor":20,"turns":3},{"damage":0,"enemies":"Gensokyo:Swordslinger","floor":21,"turns":5},{"damage":8,"enemies":"Gensokyo:Chomper_and_Gloop","floor":22,"turns":4},{"damage":14,"enemies":"Gensokyo:Wraith","floor":24,"turns":4},{"damage":13,"enemies":"Gensokyo:Koishi","floor":27,"turns":5},{"damage":19,"enemies":"Gensokyo:Slime_Group","floor":28,"turns":3},{"damage":0,"enemies":"Gensokyo:3_Gloops","floor":30,"turns":3},{"damage":17,"enemies":"Gensokyo:Wraith","floor":31,"turns":5},{"damage":45,"enemies":"Gensokyo:Kaguya","floor":33,"turns":13},{"damage":11,"enemies":"Gensokyo:AncientGuardian","floor":35,"turns":5},{"damage":42,"enemies":"conspire:MimicChest","floor":36,"turns":11},{"damage":0,"enemies":"Gensokyo:3_Bats","floor":37,"turns":4},{"damage":3,"enemies":"Gensokyo:Rafflesia","floor":39,"turns":7},{"damage":0,"enemies":"Gensokyo:Doremy","floor":41,"turns":8},{"damage":0,"enemies":"Gensokyo:AtlasGolem","floor":42,"turns":5},{"damage":21,"enemies":"Gensokyo:Kasen","floor":44,"turns":7},{"damage":0,"enemies":"Gensokyo:3_Boulders","floor":45,"turns":5},{"damage":0,"enemies":"Gensokyo:Dusk_and_Dawn","floor":46,"turns":5},{"damage":26,"enemies":"Gensokyo:Marisa","floor":47,"turns":6},{"damage":0,"enemies":"Gensokyo:SeedOfUnknown","floor":48,"turns":5},{"damage":0,"enemies":"Gensokyo:Yuyuko","floor":50,"turns":12},{"damage":36,"enemies":"Shield and Spear","floor":54,"turns":10},{"damage":58,"enemies":"The Heart","floor":55,"turns":4}],"seed_played":"7897331729904354512","potions_obtained":[{"floor":6,"key":"CultistPotion"},{"floor":8,"key":"AttackPotion"},{"floor":11,"key":"SpeedPotion"},{"floor":20,"key":"blueLaboratory:FrostheartPotion"},{"floor":27,"key":"blueLaboratory:RememoryPotion"},{"floor":30,"key":"blueLaboratory:HorrorPotion"},{"floor":46,"key":"blueLaboratory:BubblePotion"}],"is_trial":false,"path_per_floor":["M","?","M","$","M","E","R","M","T","R","M","R","E","M","R","B",null,"M","?","M","M","M","R","M","$","T","E","M","$","M","M","R","B",null,"M","?","M","?","M","R","E","M","T","E","M","M","E","M","R","B",null,"R","$","E","B"],"character_chosen":"CHRONO_CLASS","items_purchased":["Tempo","jedi:ominousloannote","Tempo","halation:SwordOfLegend","LockedThread","LockedMedicine"],"campfire_rested":1,"item_purchase_floors":[4,25,25,25,29,53],"current_hp_per_floor":[65,65,65,65,65,50,50,43,43,43,43,43,43,43,43,25,65,65,65,65,65,57,57,43,43,43,30,11,11,17,9,40,4,65,60,27,36,36,51,63,65,65,65,59,65,65,56,65,65,65,65,65,65,42,0,0],"gold":0,"neow_bonus":"THREE_ENEMY_KILL","is_daily":false,"chose_seed":false,"campfire_upgraded":7,"win_rate":0.0,"timestamp":1613246475,"path_taken":["M","?","?","$","M","E","R","M","T","R","M","R","E","M","R","BOSS","M","?","M","M","M","R","?","$","T","E","M","?","M","M","R","BOSS","M","?","M","?","M","R","E","M","T","E","M","M","E","M","R","BOSS","R","$","E","BOSS"],"items_purchased_type":["Card","Relic","Card","Relic","Card","Card"],"build_version":"2020-12-22","purchased_purges":3,"victory":false,"max_hp_per_floor":[65,65,65,65,65,65,65,65,65,65,65,65,65,65,65,65,65,65,65,65,65,65,65,65,65,65,65,65,65,65,65,65,65,65,65,65,65,65,65,65,65,65,65,65,65,65,65,65,65,65,65,65,65,65,65,65],"card_choices":[{"not_picked":["HandsUpB","ReapSow"],"picked":"WindUp","floor":1},{"not_picked":["BiteCommand","DaylightSavings","HandsUpC"],"picked":"SKIP","floor":3},{"not_picked":["DaylightSavings","LockedBlood","BiteCommand"],"picked":"SKIP","floor":5},{"not_picked":["LockedMedicine","Keepsakes","AlternateTimeline"],"picked":"SKIP","floor":6},{"not_picked":["LockedMedicine","LockedUrn","PrimeTime"],"picked":"SKIP","floor":8},{"not_picked":["LockedMedicine","ReapSow","LockedBlood"],"picked":"SKIP","floor":11},{"not_picked":["ShortSighted","BackFourSeconds","Break"],"picked":"SKIP","floor":13},{"not_picked":["LockedAnchor","ReapSow","LockedBlood"],"picked":"SKIP","floor":14},{"not_picked":["Engulf+1","LockedTornado"],"picked":"LockedWarPaint","floor":18},{"not_picked":["Keepsakes+1","LockedMedicine+1"],"picked":"Tempo+1","floor":20},{"not_picked":["EscortCommand","PrimeTime+1","ReapSow"],"picked":"SKIP","floor":21},{"not_picked":["TiringSlam","Engulf+1","WindUp"],"picked":"SKIP","floor":22},{"not_picked":["CrunchTime","LockedPlans"],"picked":"LockedThread","floor":24},{"not_picked":["ReapSow+1","LockedCalendar","DaylightSavings"],"picked":"SKIP","floor":27},{"not_picked":["AlternateTimeline","Goo"],"picked":"LockedBlood+1","floor":28},{"not_picked":["ReapSow","HandsUpB+1"],"picked":"LockedWhetstone+1","floor":30},{"not_picked":["Parity+1","Fragmentalize","BlueShift"],"picked":"SKIP","floor":31},{"not_picked":["HandsUpC+1","ExoVibe"],"picked":"Echoward+1","floor":35},{"not_picked":["WakeUpCall+1","Analog"],"picked":"LockedBlood+1","floor":37},{"not_picked":["AlternateTimeline","WatchCommand+1"],"picked":"LockedMedicine+1","floor":39},{"not_picked":["WindUp+1","Facsimile+1"],"picked":"Engulf+1","floor":41},{"not_picked":["Engulf+1","Chronoelasticity","AlternateTimeline+1"],"picked":"SKIP","floor":42},{"not_picked":["BlueShift+1","ResonantCall"],"picked":"Echoward+1","floor":44},{"not_picked":["HandsUpB+1","LockedBlood","Recurrance"],"picked":"SKIP","floor":45},{"not_picked":["LockedWhetstone+1","HandsUpB+1","LockedBlood+1"],"picked":"SKIP","floor":46},{"not_picked":["Pendulum","OracleForm"],"picked":"LockedUrn","floor":47},{"not_picked":["Parity","LockedScales"],"picked":"BiteCommand+1","floor":48},{"not_picked":["Echoward","Facsimile"],"picked":"BiteCommand","floor":54}],"player_experience":301026,"relics_obtained":[{"floor":6,"key":"MiniBlackHole"},{"floor":9,"key":"reliquary:Buckler"},{"floor":13,"key":"reliquary:SilkGlove"},{"floor":27,"key":"reliquary:RoseTintedGlasses"},{"floor":36,"key":"Replay:Rubber Ducky"},{"floor":41,"key":"ReplayTheSpireMod:Shallot"},{"floor":43,"key":"Shuriken"},{"floor":44,"key":"reliquary:Knoch"},{"floor":47,"key":"Pet Ghost"},{"floor":54,"key":"SpringShield"}],"event_choices":[],"is_beta":false,"boss_relics":[{"not_picked":["Sandwich","hubris:CrackedHourglass"],"picked":"jedi:battlestandard"},{"not_picked":["halation:LoveArrow","SlaversCollar"],"picked":"reliquary:RedPaperclip"}],"items_purged_floors":[4,25,29],"is_endless":false,"potions_floor_spawned":[6,8,11,16,20,27,28,30,36,39,46],"killed_by":"The Heart","ascension_level":0}}