{"host":"nlbr7nnijupf3yfg","time":1613244773,"event":{"mods":["AchievementEnabler","BaseMod","BetterRewards","Colored Powertips","DeckTracker","Hermit","Hubris","Infinite Spire","Minty Spire (QoL Compilation)","Quick Restart","Replay The Spire","StSLib","SuperFastMode"],"gold_per_floor":[117,134,309,319,319,347,347,377,402,435,435,468,487,499,499,598,598,618,618,618],"floor_reached":19,"language":"ENG","playtime":403,"items_purged":[],"score":286,"play_id":"d794ec60-d147-4ef5-a4a4-f05444c8433f","local_time":"20210213143253","is_ascension_mode":true,"campfire_choices":[{"floor":11,"key":"REST"}],"circlet_count":0,"master_deck":["Bash","Hallucinations","Pommel Strike","Thunderclap+1","Doubt","Clothesline","Twin Strike","Inflame","Feel No Pain","Replay:Undeath\u0027s Touch","Juggernaut","Brutality","ReplayTheSpireMod:Muscle Training","Defy Death","Whirlwind","Corruption","Double Tap","Clash","Abandon","ReplayTheSpireMod:Corrosion Curse","Cleave"],"relics":["Burning Blood","hubris:CrackedHourglass","ReplayTheSpireMod:CursedCoin","Smiling Mask","Mummified Hand","Ancient Tea Set","infinitespire:Lucky Rock","Strawberry","Pandora\u0027s Box"],"acts_visited":["Exordium","TheCity"],"potions_floor_usage":[6,10,16],"damage_taken":[{"damage":7,"enemies":"Jaw Worm","floor":1,"turns":2},{"damage":0,"enemies":"Small Slimes","floor":2,"turns":2},{"damage":0,"enemies":"Cultist","floor":4,"turns":2},{"damage":15,"enemies":"Lagavulin","floor":6,"turns":6},{"damage":32,"enemies":"3 Sentries","floor":8,"turns":7},{"damage":32,"enemies":"Lagavulin","floor":10,"turns":5},{"damage":30,"enemies":"Replay:BlueRogue","floor":12,"turns":5},{"damage":6,"enemies":"Blue Slaver","floor":13,"turns":3},{"damage":9,"enemies":"Red Slaver","floor":14,"turns":3},{"damage":51,"enemies":"Hexaghost","floor":16,"turns":8},{"damage":35,"enemies":"2 Thieves","floor":18,"turns":3},{"damage":43,"enemies":"Shell Parasite","floor":19,"turns":4}],"seed_played":"8762097444085830907","potions_obtained":[{"floor":2,"key":"ColorlessPotion"},{"floor":4,"key":"BloodPotion"},{"floor":6,"key":"Energy Potion"},{"floor":7,"key":"Milkshake"},{"floor":12,"key":"Adrenaline Potion"}],"is_trial":false,"path_per_floor":["M","M","?","M","?","E","?","E","T","E","R","E","M","M","R","B",null,"M","M"],"character_chosen":"IRONCLAD","items_purchased":["ReplayTheSpireMod:CursedCoin"],"campfire_rested":1,"item_purchase_floors":[0],"current_hp_per_floor":[63,69,69,75,75,66,66,40,40,30,54,37,37,34,60,15,69,40,0,0],"gold":618,"neow_bonus":"","is_daily":false,"chose_seed":false,"campfire_upgraded":0,"win_rate":0.0,"timestamp":1613244773,"path_taken":["M","M","?","M","?","E","?","E","T","E","R","E","?","M","R","BOSS","M","M"],"items_purchased_type":["Relic"],"build_version":"2020-12-22","purchased_purges":0,"victory":false,"max_hp_per_floor":[80,80,80,80,80,80,80,80,80,80,80,87,87,87,87,87,87,87,87,87],"card_choices":[{"not_picked":["True Grit","hubris:SharpeningStone"],"picked":"Pommel Strike","floor":1},{"not_picked":["Wild Strike","Twin Strike"],"picked":"Thunderclap","floor":2},{"not_picked":["Iron Wave","Cleave"],"picked":"Clothesline","floor":4},{"not_picked":["infinitespire:OneForAll","Wild Strike"],"picked":"Twin Strike","floor":6},{"not_picked":["Thunderclap","Body Slam"],"picked":"Inflame","floor":8},{"not_picked":["Sword Boomerang","Entrench"],"picked":"Feel No Pain","floor":10},{"not_picked":["Body Slam","True Grit"],"picked":"Replay:Undeath\u0027s Touch","floor":12},{"not_picked":["Warcry","Run Through","Body Slam"],"picked":"SKIP","floor":13},{"not_picked":["Burning Pact","Armaments"],"picked":"Juggernaut","floor":14},{"not_picked":["Exhume","Double Tap"],"picked":"Brutality","floor":16},{"not_picked":["Pommel Strike","Replay:Undeath\u0027s Touch"],"picked":"Cleave","floor":18}],"player_experience":54888,"relics_obtained":[{"floor":6,"key":"Smiling Mask"},{"floor":8,"key":"Mummified Hand"},{"floor":9,"key":"Ancient Tea Set"},{"floor":10,"key":"infinitespire:Lucky Rock"},{"floor":12,"key":"Strawberry"}],"event_choices":[{"damage_healed":0,"gold_gain":175,"player_choice":"AGREE","damage_taken":0,"max_hp_gain":0,"max_hp_loss":0,"event_name":"Liars Game","floor":3,"gold_loss":0,"cards_obtained":["Doubt"]},{"damage_healed":0,"gold_gain":0,"player_choice":"Got Potions","damage_taken":0,"max_hp_gain":0,"max_hp_loss":0,"event_name":"Lab","floor":7,"gold_loss":0}],"is_beta":false,"boss_relics":[{"not_picked":["hubris:RunicObelisk","hubris:VirtuousBlindfold"],"picked":"Pandora\u0027s Box"}],"items_purged_floors":[],"is_endless":false,"potions_floor_spawned":[2,4,6,12],"killed_by":"Shell Parasite","ascension_level":9}}