{"host":"c64dsqyrqv0ei9yn","time":1613191404,"event":{"mods":["BaseMod","Bestiary","Colored Map","Duelist Mod","LagranYue(ùfäiòNÅEåé)","Minty Spire (QoL Compilation)","Prisma Mod","Random Character Button","StSLib","The Servant 0.9.4"],"gold_per_floor":[112,187,58,58,78,111,111,130,130,144,164,42,7,24,24,128,128,142,342,355,373,387,387,402,433,433,433,444,444,444,444,444,545,545,556,211,230,242,253,287,287,287,287,287,306,316,9,9,9,9],"floor_reached":51,"language":"ENG","playtime":4733,"items_purged":["PrismaMod:ChloeCommonAttack"],"score":726,"play_id":"ad1957b1-7d7f-47a9-8b95-33c511751e56","local_time":"20210213044324","is_ascension_mode":false,"campfire_choices":[{"data":"PrismaMod:ChloeChristmas","floor":7,"key":"SMITH"},{"data":"PrismaMod:ChloeGaeBolg","floor":15,"key":"SMITH"},{"floor":23,"key":"REST"},{"data":"PrismaMod:ChloeAnySkillTrace","floor":27,"key":"SMITH"},{"floor":29,"key":"REST"},{"data":"PrismaMod:ChloeRitsuka","floor":32,"key":"SMITH"},{"floor":41,"key":"REST"},{"data":"PrismaMod:ChloeAnySkillTrace","floor":44,"key":"SMITH"},{"floor":49,"key":"REST"}],"circlet_count":0,"master_deck":["PrismaMod:ChloeCommonAttack","PrismaMod:ChloeCommonAttack","PrismaMod:ChloeCommonAttack","PrismaMod:ChloeCommonDefend+1","PrismaMod:ChloeCommonDefend+1","PrismaMod:ChloeCommonDefend","PrismaMod:ChloeCommonDefend","PrismaMod:ChloeCommonDefend","PrismaMod:ChloeCheapAttack","PrismaMod:ChloeCheapDefend","PrismaMod:ChloeChristmas+1","PrismaMod:ChloeCommonAOEAttack","PrismaMod:ChloeCommonAOEAttack+1","PrismaMod:ChloeCheapAttackTwo","PrismaMod:ChloeDiscardRecovery","PrismaMod:ChloeCarnivalDefend","PrismaMod:ChloeGaeBolg+1","PrismaMod:ChloeCheapDefendTwo","PrismaMod:ChloeRitsuka+1","PrismaMod:ChloeAnySkillTrace+1","PrismaMod:ChloeCommonAOEAttack+1","PrismaMod:ChloeRhongomyniad+1","PrismaMod:ChloeCheapAttack+1","PrismaMod:ChloeDiscardRecovery","PrismaMod:ChloeExcalibur","PrismaMod:ChloeCarnivalAOEAttack+1","PrismaMod:ChloeExhaustTwo","PrismaMod:ChloeCarnivalDefend","PrismaMod:ChloeMordred+1","Chrysalis","PrismaMod:ChloeEyeOfTheEuryale+1","PrismaMod:ChloeDoubleRelicSpeed","PrismaMod:ChloeAnySkillTrace+1","PrismaMod:ChloeCaladbolg+1","PrismaMod:ChloeCarnivalAttack","PrismaMod:ChloeAnyAttackTrace"],"relics":["PrismaMod:PrismaTraceOn","NeowsBlessing","Torii","Bottled Flame","Sozu","Dream Catcher","War Paint","Runic Pyramid","LagranYue:NewUniverseRelic","WingedGreaves","Regal Pillow","Whetstone","InkBottle"],"acts_visited":["Exordium","TheCity","TheBeyond"],"potions_floor_usage":[10,33,33],"damage_taken":[{"damage":0,"enemies":"Small Slimes","floor":1,"turns":1},{"damage":0,"enemies":"Jaw Worm","floor":5,"turns":1},{"damage":0,"enemies":"Lagavulin","floor":6,"turns":1},{"damage":0,"enemies":"2 Louse","floor":8,"turns":3},{"damage":2,"enemies":"Lots of Slimes","floor":10,"turns":4},{"damage":11,"enemies":"Gremlin Gang","floor":11,"turns":7},{"damage":0,"enemies":"Exordium Wildlife","floor":14,"turns":4},{"damage":20,"enemies":"Slime Boss","floor":16,"turns":12},{"damage":6,"enemies":"Shell Parasite","floor":18,"turns":5},{"damage":9,"enemies":"Chosen","floor":20,"turns":7},{"damage":0,"enemies":"Snake Plant","floor":21,"turns":4},{"damage":28,"enemies":"3 Cultists","floor":22,"turns":6},{"damage":21,"enemies":"Centurion and Healer","floor":24,"turns":3},{"damage":0,"enemies":"theDuelist:KaibaA2","floor":25,"turns":3},{"damage":3,"enemies":"Snake Plant","floor":28,"turns":2},{"damage":49,"enemies":"Collector","floor":33,"turns":14},{"damage":9,"enemies":"3 Shapes","floor":35,"turns":4},{"damage":1,"enemies":"3 Darklings","floor":37,"turns":5},{"damage":14,"enemies":"4 Shapes","floor":38,"turns":5},{"damage":14,"enemies":"Transient","floor":39,"turns":5},{"damage":6,"enemies":"Nemesis","floor":40,"turns":7},{"damage":1,"enemies":"Maw","floor":45,"turns":9},{"damage":0,"enemies":"3 Darklings","floor":46,"turns":5},{"damage":68,"enemies":"Time Eater","floor":50,"turns":16}],"seed_played":"4053108482745991553","potions_obtained":[{"floor":5,"key":"GamblersBrew"},{"floor":8,"key":"Block Potion"},{"floor":14,"key":"AttackPotion"},{"floor":16,"key":"Energy Potion"}],"is_trial":false,"path_per_floor":["M","?","$","?","M","E","R","M","T","M","M","$","?","M","R","B",null,"M","?","M","M","M","R","M","E","T","R","M","R","?","?","R","B",null,"M","$","M","M","M","E","R","?","T","R","M","M","$","T","R","B",null],"character_chosen":"CHLOE","items_purchased":["PrismaMod:ChloeCommonAOEAttack","PrismaMod:ChloeBetterTracePools","PrismaMod:ChloeCheapDefendTwo","LagranYue:NewUniverseRelic","Chrysalis","PrismaMod:ChloeCarnivalAttack","Whetstone"],"campfire_rested":4,"item_purchase_floors":[3,12,12,36,36,47,47],"current_hp_per_floor":[75,64,64,69,69,69,69,69,69,67,56,56,76,76,76,56,80,74,74,65,65,37,61,40,40,40,40,37,61,61,61,61,12,80,71,71,70,56,42,36,60,60,60,60,59,59,59,59,80,12],"gold":9,"neow_bonus":"THREE_ENEMY_KILL","is_daily":false,"chose_seed":false,"campfire_upgraded":5,"win_rate":0.0,"timestamp":1613191404,"path_taken":["M","?","?","?","M","E","R","M","T","M","M","$","?","M","R","BOSS","M","?","M","M","?","R","M","E","T","R","?","R","?","?","R","BOSS","M","$","M","?","?","E","R","?","T","R","M","M","$","?","R","BOSS"],"items_purchased_type":["Card","Card","Card","Relic","Card","Card","Relic"],"build_version":"2020-12-22","purchased_purges":1,"victory":true,"max_hp_per_floor":[75,75,75,80,80,80,80,80,80,80,80,80,80,80,80,80,80,80,80,80,80,80,80,80,80,80,80,80,80,80,80,80,80,80,80,80,80,80,80,80,80,80,80,80,80,80,80,80,80,80],"card_choices":[{"not_picked":["PrismaMod:ChloeCheapAttack","PrismaMod:ChloeDiscardRecovery"],"picked":"PrismaMod:ChloeChristmas","floor":1},{"not_picked":["PrismaMod:ChloeCheapDefendTwo","PrismaMod:ChloeCheapAttack"],"picked":"PrismaMod:ChloeCommonAOEAttack","floor":5},{"not_picked":["PrismaMod:ChloeCheapDefend","PrismaMod:ChloeDiscardRecovery"],"picked":"PrismaMod:ChloeCheapAttackTwo","floor":6},{"not_picked":["PrismaMod:ChloeMaid","PrismaMod:ChloeBetterTracePools"],"picked":"PrismaMod:ChloeDiscardRecovery","floor":8},{"not_picked":["PrismaMod:ChloeChristmas","PrismaMod:ChloeRhongomyniad"],"picked":"PrismaMod:ChloeCarnivalDefend","floor":10},{"not_picked":["PrismaMod:ChloeExhaustOne","PrismaMod:ChloeCommonAOEAttack"],"picked":"PrismaMod:ChloeGaeBolg","floor":11},{"not_picked":["PrismaMod:ChloeBetterTracePools","PrismaMod:ChloeCheapAttackTwo"],"picked":"PrismaMod:ChloeRitsuka","floor":14},{"not_picked":["PrismaMod:ChloeAnyUncommonTrace","PrismaMod:ChloeAnyPowerTrace"],"picked":"PrismaMod:ChloeAnySkillTrace","floor":16},{"not_picked":["PrismaMod:ChloeRuleBreaker","PrismaMod:ChloeCheapDefendTwo"],"picked":"PrismaMod:ChloeCommonAOEAttack+1","floor":18},{"not_picked":["PrismaMod:ChloeExhaustOne","PrismaMod:ChloeDiscardRecovery"],"picked":"PrismaMod:ChloeRhongomyniad+1","floor":20},{"not_picked":["PrismaMod:ChloeCheapDefendTwo","PrismaMod:ChloeCommonAOEAttack"],"picked":"PrismaMod:ChloeCheapAttack+1","floor":21},{"not_picked":["PrismaMod:ChloeMordred","PrismaMod:ChloeCheapDefend"],"picked":"PrismaMod:ChloeDiscardRecovery","floor":22},{"not_picked":["PrismaMod:ChloeCommonAOEAttack","PrismaMod:ChloeDiscardRecovery"],"picked":"PrismaMod:ChloeExcalibur","floor":24},{"not_picked":["PrismaMod:ChloeGaeBolg","PrismaMod:ChloeCheapAttack+1","PrismaMod:ChloeCheapAttackTwo"],"picked":"SKIP","floor":25},{"not_picked":["PrismaMod:ChloeUncommonDefend","PrismaMod:ChloeUncommonAttack+1"],"picked":"PrismaMod:ChloeCarnivalAOEAttack","floor":28},{"not_picked":["PrismaMod:ChloeRhongomyniad","PrismaMod:ChloeChristmas"],"picked":"PrismaMod:ChloeExhaustTwo","floor":29},{"not_picked":["PrismaMod:ChloeAnyPowerTrace","PrismaMod:ChloeAnyRareTrace"],"picked":"PrismaMod:ChloeCarnivalDefend","floor":33},{"not_picked":["PrismaMod:ChloeCheapDefendTwo+1","PrismaMod:ChloeDiscardRecovery"],"picked":"PrismaMod:ChloeMordred+1","floor":35},{"not_picked":["PrismaMod:ChloeCheapAttack","PrismaMod:ChloeCheapDefendTwo+1"],"picked":"PrismaMod:ChloeEyeOfTheEuryale+1","floor":37},{"not_picked":["PrismaMod:ChloeCheapDefend+1","PrismaMod:ChloeCheapAttack+1"],"picked":"PrismaMod:ChloeDoubleRelicSpeed","floor":38},{"not_picked":["PrismaMod:ChloeChristmas","PrismaMod:ChloeCheapDefend+1","PrismaMod:ChloeCommonAOEAttack"],"picked":"SKIP","floor":39},{"not_picked":["PrismaMod:ChloeCheapAttack","PrismaMod:ChloeCheapDefend"],"picked":"PrismaMod:ChloeAnySkillTrace","floor":40},{"not_picked":["PrismaMod:ChloeDiscardRecovery","PrismaMod:ChloeCheapAttackTwo"],"picked":"PrismaMod:ChloeCaladbolg+1","floor":41},{"not_picked":["PrismaMod:ChloeCheapAttackTwo","PrismaMod:ChloeCheapDefend","PrismaMod:ChloeCheapAttack+1"],"picked":"SKIP","floor":45},{"not_picked":["PrismaMod:ChloeCheapAttackTwo+1","PrismaMod:ChloeCommonAOEAttack+1","PrismaMod:ChloeCheapDefend+1"],"picked":"SKIP","floor":46},{"not_picked":["PrismaMod:ChloeMaid","PrismaMod:ChloeDiscardRecovery"],"picked":"PrismaMod:ChloeAnyAttackTrace","floor":49}],"player_experience":40373,"relics_obtained":[{"floor":6,"key":"Torii"},{"floor":9,"key":"Bottled Flame"},{"floor":25,"key":"Dream Catcher"},{"floor":26,"key":"War Paint"},{"floor":40,"key":"WingedGreaves"},{"floor":43,"key":"Regal Pillow"},{"floor":48,"key":"InkBottle"}],"event_choices":[{"damage_healed":0,"gold_gain":75,"player_choice":"Gather Gold","damage_taken":11,"max_hp_gain":0,"max_hp_loss":0,"event_name":"World of Goop","floor":2,"gold_loss":0},{"damage_healed":0,"gold_gain":0,"player_choice":"Donut","damage_taken":0,"max_hp_gain":5,"max_hp_loss":0,"event_name":"Big Fish","floor":4,"gold_loss":0},{"damage_healed":20,"gold_gain":0,"player_choice":"Healed","damage_taken":0,"max_hp_gain":0,"max_hp_loss":0,"event_name":"The Cleric","floor":13,"gold_loss":35},{"damage_healed":0,"gold_gain":200,"player_choice":"Gold","damage_taken":0,"max_hp_gain":0,"max_hp_loss":0,"event_name":"Wheel of Change","floor":19,"gold_loss":0},{"damage_healed":0,"gold_gain":0,"player_choice":"Ignored","damage_taken":0,"max_hp_gain":0,"max_hp_loss":0,"event_name":"Ghosts","floor":30,"gold_loss":0},{"cards_removed":["PrismaMod:ChloeCommonAttack"],"damage_healed":0,"gold_gain":0,"player_choice":"Purged","damage_taken":0,"max_hp_gain":0,"max_hp_loss":0,"event_name":"Purifier","floor":31,"gold_loss":0},{"cards_removed":["PrismaMod:ChloeBetterTracePools"],"damage_healed":0,"gold_gain":0,"player_choice":"Removed Power","damage_taken":0,"max_hp_gain":0,"max_hp_loss":0,"event_name":"Falling","floor":42,"gold_loss":0}],"is_beta":false,"boss_relics":[{"not_picked":["Philosopher\u0027s Stone","Black Star"],"picked":"Sozu"},{"not_picked":["Astrolabe","Cursed Key"],"picked":"Runic Pyramid"}],"items_purged_floors":[3],"is_endless":false,"potions_floor_spawned":[5,8,14,16,18,21,33,35,39,45,46],"ascension_level":0}}