{"host":"67z713vnjolu4670","time":1613223489,"event":{"mods":["Act Like it!","BaseMod","BetterRewards","Colored Map","Colored Powertips","Downfall","Gensokyo","Minty Spire (QoL Compilation)","Quick Restart","Rare Cards Sparkle","Replay The Spire","StSLib","The Jungle","WarShipGirlsR/’ΩΩ¢…Ÿ≈ÆR mod"],"gold_per_floor":[113,113,125,138,151,151,31,46,46,81,81,5,40,57,57,156,156,174,174,174,187,14,14,43,43,43],"floor_reached":25,"language":"ZHS","playtime":2052,"items_purged":["Pain","Hallucinations"],"score":211,"play_id":"810371c9-f7a7-4b19-8802-b147f300adab","local_time":"20210213213809","is_ascension_mode":false,"campfire_choices":[{"data":"rmod:maingunfire","floor":6,"key":"SMITH"},{"floor":11,"key":"RECALL"},{"floor":15,"key":"DIG"},{"data":"rmod:expeditionaryescort","floor":23,"key":"SMITH"}],"circlet_count":0,"master_deck":["rmod:strick","rmod:strick","rmod:strick","rmod:strick","rmod:defend","rmod:defend","rmod:defend","rmod:defend","rmod:basicallowance","rmod:maingunfire+1","rmod:circuitoustactics","rmod:guardianhero","rmod:selfconfidence","rmod:ammunitionsupply","rmod:maintain","rmod:openingtorpedo","rmod:supportaircraftcarrier","rmod:expeditionaryescort+1","rmod:steelsupply","rmod:saltedfish","rmod:fuelsupply","rmod:bulid","rmod:fuelsupply"],"relics":["rmod:firstchargereward","NeowsBlessing","WarpedTongs","Quantum Egg","Juzu Bracelet","Bird Faced Urn","Lantern","Runic Dome","ReplayTheSpireMod:Ring of Collecting","Ring of Fury","Red Mask"],"acts_visited":["Exordium","TheCity"],"potions_floor_usage":[8,16,16,16],"damage_taken":[{"damage":0,"enemies":"Small Slimes","floor":1,"turns":1},{"damage":0,"enemies":"Cultist","floor":3,"turns":1},{"damage":1,"enemies":"2 Louse","floor":4,"turns":1},{"damage":14,"enemies":"2 Fungi Beasts","floor":5,"turns":5},{"damage":0,"enemies":"Lots of Slimes","floor":8,"turns":2},{"damage":8,"enemies":"3 Sentries","floor":10,"turns":4},{"damage":24,"enemies":"Gremlin Nob","floor":13,"turns":3},{"damage":2,"enemies":"Exordium Thugs","floor":14,"turns":3},{"damage":12,"enemies":"Hexaghost","floor":16,"turns":8},{"damage":0,"enemies":"Chosen","floor":18,"turns":6},{"damage":10,"enemies":"Spheric Guardian","floor":21,"turns":4},{"damage":21,"enemies":"Masked Bandits","floor":24,"turns":4},{"damage":47,"enemies":"Gremlin Leader","floor":25,"turns":4}],"seed_played":"429298575034047761","potions_obtained":[{"floor":5,"key":"LifebloodPotion"},{"floor":10,"key":"LiquidMemories"},{"floor":13,"key":"Explosive Potion"},{"floor":14,"key":"Regen Potion"},{"floor":18,"key":"Weak Potion"}],"is_trial":false,"path_per_floor":["M","?","M","M","M","R","$","M","T","E","R","$","E","M","R_BF","B",null,"M","?","?","M","$","R","?","E"],"character_chosen":"PRAEFECT","items_purchased":["rmod:ammunitionsupply","rmod:supportaircraftcarrier","rmod:bulid"],"campfire_rested":0,"item_purchase_floors":[7,12,22],"current_hp_per_floor":[75,75,75,74,60,60,60,60,60,52,52,52,28,26,26,35,75,75,61,61,57,57,57,38,0,0],"gold":43,"neow_bonus":"THREE_ENEMY_KILL","is_daily":false,"chose_seed":false,"campfire_upgraded":2,"win_rate":0.0,"timestamp":1613223489,"path_taken":["M","?","M","?","M","R","$","M","T","E","R","$","E","M","R_BF","BOSS","M","?","?","M","$","R","?","E"],"items_purchased_type":["Card","Card","Card"],"build_version":"2020-12-22","purchased_purges":2,"victory":false,"max_hp_per_floor":[75,75,75,75,75,75,75,75,75,75,75,75,75,75,75,75,75,75,80,80,80,80,80,80,80,80],"card_choices":[{"not_picked":["rmod:supportescort","rmod:fuelsupply"],"picked":"rmod:circuitoustactics","floor":1},{"not_picked":["rmod:sl","rmod:victimresponsibility","rmod:circuitoustactics"],"picked":"SKIP","floor":3},{"not_picked":["rmod:tearstotiara","rmod:aggressivemary"],"picked":"rmod:guardianhero","floor":4},{"not_picked":["rmod:tearstotiara","rmod:spoils"],"picked":"rmod:selfconfidence","floor":5},{"not_picked":["rmod:robin","rmod:ammunitionsupply"],"picked":"rmod:maintain","floor":8},{"not_picked":["rmod:firesupport","rmod:luckystar"],"picked":"rmod:openingtorpedo","floor":10},{"not_picked":["rmod:supportaircraftcarrier","rmod:aviationdawn"],"picked":"rmod:expeditionaryescort","floor":13},{"not_picked":["rmod:capitalist","rmod:supportescort"],"picked":"rmod:steelsupply","floor":14},{"not_picked":["rmod:stealaluminum","rmod:windflower"],"picked":"rmod:saltedfish","floor":16},{"not_picked":["rmod:fletcherpendant","rmod:punchline","rmod:slowdown"],"picked":"SKIP","floor":18},{"not_picked":["rmod:aviationdawn","rmod:advancebysurprise+1"],"picked":"rmod:fuelsupply","floor":21},{"not_picked":["rmod:punchline","rmod:capitalist"],"picked":"rmod:fuelsupply","floor":24}],"player_experience":7485,"relics_obtained":[{"floor":9,"key":"Quantum Egg"},{"floor":10,"key":"Juzu Bracelet"},{"floor":13,"key":"Bird Faced Urn"},{"floor":15,"key":"Lantern"},{"floor":20,"key":"ReplayTheSpireMod:Ring of Collecting"},{"floor":20,"key":"Ring of Fury"},{"floor":24,"key":"Red Mask"}],"event_choices":[{"damage_healed":0,"gold_gain":0,"player_choice":"Rummage","damage_taken":0,"relics_obtained":["WarpedTongs"],"max_hp_gain":0,"max_hp_loss":0,"event_name":"Accursed Blacksmith","floor":2,"gold_loss":0,"cards_obtained":["Pain"]},{"damage_healed":0,"gold_gain":0,"player_choice":"Shed Blood","damage_taken":19,"max_hp_gain":5,"max_hp_loss":0,"event_name":"Forgotten Altar","floor":19,"gold_loss":0},{"damage_healed":0,"gold_gain":0,"player_choice":"Fought Bandits","damage_taken":0,"max_hp_gain":0,"max_hp_loss":0,"event_name":"Masked Bandits","floor":24,"gold_loss":0}],"is_beta":false,"boss_relics":[{"not_picked":["Velvet Choker","Snecko Eye"],"picked":"Runic Dome"}],"items_purged_floors":[7,22],"is_endless":false,"potions_floor_spawned":[5,10,13,14,18],"killed_by":"Gremlin Leader","ascension_level":0}}