{"host":"1vy6j31128f61x2z","time":1613181733,"event":{"mods":["AchievementEnabler","BaseMod","Colored Powertips","Minty Spire (QoL Compilation)","Permanent Neow"],"gold_per_floor":[14,14,14,32,32,51,51,78,78,78,113,113,139,89,89,192,192,204,204,204,204,216,248,248,95,164,190,219,219,246,259,259,359,359,372,372,372,372],"floor_reached":39,"language":"ENG","playtime":1560,"items_purged":["Shame"],"score":949,"play_id":"34af280c-c97b-4819-bd90-75e84bcb4cd2","local_time":"20210212210213","is_ascension_mode":true,"campfire_choices":[{"data":"BattleHymn","floor":7.0,"key":"SMITH"},{"data":"Wallop","floor":15.0,"key":"SMITH"},{"data":"Vault","floor":32,"key":"SMITH"}],"circlet_count":0,"master_deck":["Strike_P+1","Strike_P+1","Strike_P+1","Strike_P+1","Defend_P+1","Eruption+1","Vigilance+1","Adaptation+1","BattleHymn+1","Wallop+1","FollowUp+1","Study+1","TalkToTheHand+1","Indignation+1","Ragnarok+1","FlyingSleeves+1","Necronomicurse","ClearTheMind+1","Vault+1","Wallop+1","Clumsy","Consecrate+1","Crescendo+1","Pain","CutThroughFate+1","WaveOfTheHand+1","Omniscience+1","CrushJoints+1"],"relics":["HolyWater","Ice Cream","CultistMask","Matryoshka","Meat on the Bone","Juzu Bracelet","Mummified Hand","Nunchaku","Pantograph","War Paint","Cursed Key","Necronomicon","Orichalcum","Strawberry","Bottled Lightning","Red Mask","Akabeko","Letter Opener","FossilizedHelix","Mark of the Bloom"],"acts_visited":["Exordium","TheCity","TheBeyond"],"potions_floor_usage":[22,33,38,38],"damage_taken":[{"damage":2.0,"enemies":"2 Louse","floor":1.0,"turns":3.0},{"damage":0.0,"enemies":"Small Slimes","floor":4.0,"turns":2.0},{"damage":0.0,"enemies":"Cultist","floor":6.0,"turns":2.0},{"damage":7.0,"enemies":"3 Sentries","floor":8.0,"turns":4.0},{"damage":7.0,"enemies":"Gremlin Nob","floor":11.0,"turns":3.0},{"damage":0.0,"enemies":"Lagavulin","floor":13.0,"turns":4.0},{"damage":0.0,"enemies":"Slime Boss","floor":16.0,"turns":3.0},{"damage":7.0,"enemies":"Chosen","floor":18.0,"turns":3.0},{"damage":0,"enemies":"2 Thieves","floor":22,"turns":2},{"damage":13,"enemies":"Book of Stabbing","floor":23,"turns":3},{"damage":0,"enemies":"Masked Bandits","floor":27,"turns":3},{"damage":18,"enemies":"Slavers","floor":28,"turns":4},{"damage":3,"enemies":"Gremlin Leader","floor":30,"turns":3},{"damage":0,"enemies":"Snecko","floor":31,"turns":2},{"damage":6,"enemies":"Champ","floor":33,"turns":6},{"damage":0,"enemies":"3 Shapes","floor":35,"turns":2},{"damage":24,"enemies":"Time Eater","floor":38,"turns":6}],"seed_played":"1128336224003584598","potions_obtained":[{"floor":6.0,"key":"BottledMiracle"},{"floor":13.0,"key":"SkillPotion"},{"floor":27,"key":"DuplicationPotion"},{"floor":30,"key":"PowerPotion"},{"floor":35,"key":"Energy Potion"}],"is_trial":false,"path_per_floor":["M","?","?","M","?","M","R","E","T","?","E","T","E","?","R","B",null,"M","?","?","?","M","E","?","$","T","?","E","T","E","M","R","B",null,"M","?","?","B",null],"character_chosen":"WATCHER","items_purchased":["Wallop"],"campfire_rested":0,"item_purchase_floors":[25],"current_hp_per_floor":[70,70,63,63,63,63,63,56,56,56,49,49,49,49,49,72,72,65,49,49,43,43,42,49,49,49,49,43,43,40,40,40,59,79,79,79,79,55],"gold":372,"neow_bonus":"ONE_RARE_RELIC","is_daily":false,"chose_seed":false,"campfire_upgraded":3,"win_rate":0.0,"timestamp":1613181733,"path_taken":["M","?","?","M","?","M","R","E","T","?","E","?","E","?","R","BOSS","M","?","?","?","M","E","?","$","T","?","E","?","E","M","R","BOSS","M","?","?","BOSS"],"items_purchased_type":["Card"],"build_version":"2020-12-22","purchased_purges":1,"victory":true,"max_hp_per_floor":[72,72,72,72,72,72,72,72,72,72,72,72,72,72,72,72,72,72,72,72,72,72,72,79,79,79,79,79,79,79,79,79,79,79,79,79,79,79],"card_choices":[{"not_picked":["EmptyBody","FlurryOfBlows"],"picked":"Adaptation","floor":1.0},{"not_picked":["EmptyMind","ThirdEye"],"picked":"BattleHymn","floor":4.0},{"not_picked":["FlyingSleeves","ThirdEye"],"picked":"Wallop","floor":6.0},{"not_picked":["SashWhip","WreathOfFlame"],"picked":"FollowUp","floor":8.0},{"not_picked":["CrushJoints","EmptyBody"],"picked":"TalkToTheHand","floor":11.0},{"not_picked":["CrushJoints","Nirvana"],"picked":"Indignation","floor":13.0},{"not_picked":["Vault","DeusExMachina"],"picked":"Ragnarok","floor":16.0},{"not_picked":["Adaptation","Prostrate"],"picked":"FlyingSleeves","floor":18.0},{"not_picked":["Protect","WheelKick"],"picked":"ClearTheMind","floor":22},{"not_picked":["FlyingSleeves+1","JustLucky"],"picked":"Vault","floor":23},{"not_picked":["Perseverance","CrushJoints"],"picked":"Consecrate","floor":27},{"not_picked":["Swivel","JustLucky"],"picked":"Crescendo","floor":28},{"not_picked":["Prostrate","FlurryOfBlows"],"picked":"CutThroughFate","floor":30},{"not_picked":["ClearTheMind","Worship"],"picked":"WaveOfTheHand","floor":31},{"not_picked":["DevaForm","ConjureBlade"],"picked":"Omniscience","floor":33},{"not_picked":["JustLucky+1","EmptyMind"],"picked":"CrushJoints+1","floor":35}],"player_experience":68455,"relics_obtained":[{"floor":8.0,"key":"Matryoshka"},{"floor":9.0,"key":"Meat on the Bone"},{"floor":9.0,"key":"Juzu Bracelet"},{"floor":11.0,"key":"Mummified Hand"},{"floor":12.0,"key":"Nunchaku"},{"floor":12.0,"key":"Pantograph"},{"floor":13.0,"key":"War Paint"},{"floor":19.0,"key":"Necronomicon"},{"floor":23,"key":"Orichalcum"},{"floor":26,"key":"Bottled Lightning"},{"floor":27,"key":"Red Mask"},{"floor":28,"key":"Akabeko"},{"floor":29,"key":"Letter Opener"},{"floor":30,"key":"FossilizedHelix"}],"event_choices":[{"damage_healed":0.0,"max_hp_gain":0.0,"max_hp_loss":0.0,"gold_gain":0.0,"event_name":"Living Wall","player_choice":"Grow","floor":2.0,"gold_loss":0.0,"damage_taken":0.0,"cards_upgraded":["Eruption"]},{"cards_removed":["Defend_P"],"damage_healed":0.0,"max_hp_gain":0.0,"max_hp_loss":0.0,"gold_gain":0.0,"event_name":"Golden Wing","player_choice":"Card Removal","floor":3.0,"gold_loss":0.0,"damage_taken":7.0},{"damage_healed":0.0,"max_hp_gain":0.0,"max_hp_loss":0.0,"gold_gain":0.0,"event_name":"FaceTrader","player_choice":"Trade","floor":5.0,"gold_loss":0.0,"damage_taken":0.0,"relics_obtained":["CultistMask"]},{"damage_healed":0.0,"max_hp_gain":0.0,"max_hp_loss":0.0,"gold_gain":0.0,"event_name":"Match and Keep!","player_choice":"1 cards matched","floor":10.0,"gold_loss":0.0,"damage_taken":0.0,"cards_obtained":["Study"]},{"cards_removed":["Defend_P"],"damage_healed":0.0,"max_hp_gain":0.0,"max_hp_loss":0.0,"gold_gain":0.0,"event_name":"The Cleric","player_choice":"Card Removal","floor":14.0,"gold_loss":50.0,"damage_taken":0.0},{"damage_healed":0.0,"max_hp_gain":0.0,"max_hp_loss":0.0,"gold_gain":0.0,"event_name":"Cursed Tome","player_choice":"Obtained Book","floor":19.0,"gold_loss":0.0,"damage_taken":16.0},{"cards_removed":["Defend_P"],"damage_healed":0.0,"max_hp_gain":0.0,"max_hp_loss":0.0,"gold_gain":0.0,"event_name":"Back to Basics","player_choice":"Elegance","floor":20.0,"gold_loss":0.0,"damage_taken":0.0},{"damage_healed":0.0,"max_hp_gain":0.0,"max_hp_loss":0.0,"gold_gain":0.0,"event_name":"Knowing Skull","player_choice":"","floor":21.0,"potions_obtained":[],"gold_loss":0.0,"damage_taken":6.0,"cards_obtained":[]},{"damage_healed":0,"gold_gain":0,"player_choice":"Stole Relic","damage_taken":0,"relics_obtained":["Strawberry"],"max_hp_gain":0,"max_hp_loss":0,"event_name":"Addict","floor":24,"gold_loss":0,"cards_obtained":["Shame"]},{"damage_healed":0,"gold_gain":0,"player_choice":"Fought Bandits","damage_taken":0,"max_hp_gain":0,"max_hp_loss":0,"event_name":"Masked Bandits","floor":27,"gold_loss":0},{"damage_healed":0,"gold_gain":0,"player_choice":"Upgrade","damage_taken":0,"relics_obtained":["Mark of the Bloom"],"max_hp_gain":0,"max_hp_loss":0,"event_name":"MindBloom","floor":36,"gold_loss":0,"cards_upgraded":["Strike_P","Strike_P","Strike_P","Strike_P","Adaptation","FollowUp","Study","TalkToTheHand","Indignation","Ragnarok","FlyingSleeves","ClearTheMind","Wallop","Consecrate","Crescendo","CutThroughFate","WaveOfTheHand","Omniscience"]},{"damage_healed":0,"gold_gain":0,"player_choice":"Took Portal","damage_taken":0,"max_hp_gain":0,"max_hp_loss":0,"event_name":"SecretPortal","floor":37,"gold_loss":0}],"is_beta":false,"boss_relics":[{"not_picked":["Calling Bell","Ectoplasm"],"picked":"Cursed Key"},{"not_picked":["Sozu","Philosopher\u0027s Stone"],"picked":"HolyWater"}],"items_purged_floors":[25],"is_endless":false,"potions_floor_spawned":[6,13,27,30,35],"ascension_level":4}}