{"host":"i3w38rq1z4slkels","time":1613233983,"event":{"mods":["2.2 Compatiblity","Act Like it!","BaseMod","Better Match","Better Vampires","BetterRewards","Conspire","Downfall","Hallownest","Minty Spire (QoL Compilation)","Rare Cards Sparkle","Replay The Spire","StSLib","The Bug Knight"],"gold_per_floor":[0,11,11,25,40,56,56,86,102,2,34,34,19,32,48,143,143,43,63,63,74,74,74,74,102,112,112,140,154,154,165,176,273,273,273,286,286,48,48,63,89,118,128,147,47,74,74,92,103,103,103,134,34,34,34,34],"floor_reached":57,"language":"ENG","playtime":4075,"items_purged":["bronze:Defend","bronze:Strike"],"score":1524,"play_id":"1e27f6cd-5696-41b8-888d-b72bbb564a9e","local_time":"20210213233303","is_ascension_mode":true,"campfire_choices":[{"floor":1,"key":"RECALL"},{"data":"bronze:ClassDefault","floor":10,"key":"SMITH"},{"data":"bronze:Boost","floor":12,"key":"SMITH"},{"data":"bronze:SpaghettiCode","floor":18,"key":"SMITH"},{"data":"bronze:InfiniteBeams","floor":23,"key":"SMITH"},{"data":"bronze:Iterate","floor":30,"key":"SMITH"},{"data":"bronze:Format","floor":35,"key":"SMITH"},{"data":"1","floor":45,"key":"LIFT"},{"data":"2","floor":47,"key":"LIFT"},{"data":"3","floor":54,"key":"LIFT"}],"circlet_count":0,"master_deck":["bronze:Defend","bronze:Replicate+1","bronze:Flail+1","bronze:Boost+1","bronze:ClassDefault+1","bronze:Iterate+1","bronze:SpaghettiCode+1","bronze:ChildClass+1","bronze:InfiniteBeams+1","bronze:Assembly","Injury","downfall:Haunted","bronze:Overload","bronze:Format+1"],"relics":["bronze:BronzeCore","Bird Faced Urn","Du-Vu Doll","downfall:HeartBlessingRed","InkBottle","Kintsugi","downfall:HeartBlessingBlue","Blue Candle","Girya","Guardian:GemstoneGun","Bottled Tornado","Busted Crown","Bronze Scales","conspire:DeflatedDodgeball","Simple Rune","Letter Opener","downfall:HeartBlessingGreen","bronze:CableSpool","Replay:Kaleidoscope"],"acts_visited":["Exordium","TheCity","TheBeyond","TheEnding"],"potions_floor_usage":[11,33,36,56],"damage_taken":[{"damage":1,"enemies":"Jaw Worm","floor":2,"turns":4},{"damage":4,"enemies":"Cultist","floor":4,"turns":4},{"damage":0,"enemies":"Small Slimes","floor":5,"turns":1},{"damage":0,"enemies":"2 Fungi Beasts","floor":6,"turns":1},{"damage":8,"enemies":"3 Sentries","floor":8,"turns":5},{"damage":0,"enemies":"Exordium Thugs","floor":9,"turns":5},{"damage":3,"enemies":"Replay:BlueRogue","floor":11,"turns":5},{"damage":0,"enemies":"downfall:FleeingMerchant","floor":13,"turns":4},{"damage":0,"enemies":"conspire:2 RoseBushes","floor":14,"turns":5},{"damage":0,"enemies":"Large Slime","floor":15,"turns":2},{"damage":13,"enemies":"IC_STATUS_ARCHETYPE","floor":16,"turns":6},{"damage":0,"enemies":"conspire:FuzzyDice","floor":19,"turns":3},{"damage":1,"enemies":"Snake Plant","floor":21,"turns":2},{"damage":0,"enemies":"conspire:Head Lice","floor":25,"turns":4},{"damage":4,"enemies":"conspire:HollyBat","floor":26,"turns":3},{"damage":1,"enemies":"Book of Stabbing","floor":28,"turns":1},{"damage":1,"enemies":"Centurion and Healer","floor":29,"turns":2},{"damage":0,"enemies":"3 Cultists","floor":31,"turns":1},{"damage":17,"enemies":"Snake Plant","floor":32,"turns":2},{"damage":13,"enemies":"DF_ARCHETYPE_CLAW","floor":33,"turns":4},{"damage":5,"enemies":"3 Shapes","floor":36,"turns":3},{"damage":0,"enemies":"downfall:FleeingMerchant","floor":38,"turns":4},{"damage":2,"enemies":"Orb Walker","floor":40,"turns":2},{"damage":1,"enemies":"HollowMod:StalkingDevout","floor":42,"turns":4},{"damage":16,"enemies":"Spire Growth","floor":43,"turns":2},{"damage":2,"enemies":"Transient","floor":44,"turns":5},{"damage":1,"enemies":"Reptomancer","floor":46,"turns":2},{"damage":0,"enemies":"Maw","floor":48,"turns":3},{"damage":0,"enemies":"4 Shapes","floor":49,"turns":3},{"damage":0,"enemies":"WA_ARCHETYPE_DIVINITY","floor":50,"turns":4},{"damage":0,"enemies":"downfall:CharBossMerchant","floor":52,"turns":3},{"damage":5,"enemies":"downfall:NeowBoss","floor":55,"turns":8},{"damage":26,"enemies":"downfall:NeowBossFinal","floor":56,"turns":5}],"seed_played":"-3785626196518316749","potions_obtained":[{"floor":2,"key":"BlessingOfTheForge"},{"floor":8,"key":"CultistPotion"},{"floor":14,"key":"Energy Potion"},{"floor":15,"key":"SteroidPotion"},{"floor":19,"key":"Energy Potion"},{"floor":40,"key":"SteroidPotion"},{"floor":42,"key":"SteroidPotion"}],"is_trial":false,"path_per_floor":["R","M","?","M","M","M","T","E","M","R","E","R","$","M","M","B",null,"R","M","?","M","?","R","T","E","M","?","E","M","R","M","M","B",null,"R","M","?","$","T","M","T","E","M","M","R","E","R","M","M","B",null,"E","$","R","B","B",null],"character_chosen":"THE_AUTOMATON","items_purchased":["Bronze Scales"],"campfire_rested":0,"item_purchase_floors":[38],"current_hp_per_floor":[70,69,69,65,65,65,65,57,57,57,56,56,58,60,62,51,70,80,80,75,74,74,74,74,78,76,80,79,80,80,80,65,56,80,80,75,75,79,79,78,78,80,64,66,66,69,69,73,77,80,80,80,80,80,77,54],"gold":34,"neow_bonus":"ONE_RARE_RELIC","is_daily":false,"chose_seed":false,"campfire_upgraded":6,"win_rate":0.0,"timestamp":1613233983,"path_taken":["R","M","?","?","M","M","T","E","M","R","E","R","$","M","M","BOSS","R","M","?","M","?","R","T","E","M","?","E","M","R","M","M","BOSS","R","M","?","$","?","M","T","E","M","M","R","E","R","?","M","BOSS","E","$","R","BOSS","BOSS"],"items_purchased_type":["Relic"],"build_version":"2020-12-22","purchased_purges":2,"victory":true,"max_hp_per_floor":[70,70,70,70,70,70,70,70,70,70,70,70,70,70,70,70,70,80,80,80,80,80,80,80,80,80,80,80,80,80,80,80,80,80,80,80,80,80,80,80,80,80,80,80,80,80,80,80,80,80,80,80,80,80,80,80],"card_choices":[{"not_picked":["bronze:Shield","bronze:Overheat"],"picked":"bronze:Flail","floor":2},{"not_picked":["bronze:DelayedSlice","bronze:WhirlingStrike","bronze:BitShift"],"picked":"SKIP","floor":4},{"not_picked":["bronze:Terminator","bronze:BugBarrage","bronze:BronzeArmor"],"picked":"SKIP","floor":5},{"not_picked":["bronze:Safeguard","bronze:Deprecate"],"picked":"bronze:Boost","floor":6},{"not_picked":["bronze:Deprecate","bronze:Turbo"],"picked":"bronze:ClassDefault","floor":8},{"not_picked":["bronze:Invalidate","bronze:FineTuning","bronze:BronzeOrb"],"picked":"SKIP","floor":9},{"not_picked":["bronze:Shell","bronze:Philosophize"],"picked":"bronze:Iterate","floor":11},{"not_picked":["bronze:Overheat","bronze:OilSpill"],"picked":"bronze:SpaghettiCode","floor":13},{"not_picked":["bronze:MaxOutput","bronze:Constructor"],"picked":"bronze:ChildClass","floor":14},{"not_picked":["bronze:Backtrace","bronze:ChildClass"],"picked":"bronze:InfiniteBeams","floor":15},{"not_picked":["bronze:FindAndReplace","bronze:Mutator"],"picked":"bronze:Assembly","floor":16},{"not_picked":["bronze:DelayedGuard+1","bronze:Overheat+1","bronze:CutThrough"],"picked":"SKIP","floor":19},{"not_picked":["bronze:Allocate","bronze:OilSpill"],"picked":"bronze:Overload","floor":21},{"not_picked":["bronze:Invalidate+1","bronze:CutThrough","bronze:CloningBeam"],"picked":"SKIP","floor":25},{"not_picked":["bronze:Repulsor","bronze:ChosenStrike+1","bronze:FollowUp"],"picked":"SKIP","floor":26},{"not_picked":["bronze:Overheat","bronze:FindAndReplace","bronze:SpaghettiCode"],"picked":"SKIP","floor":28},{"not_picked":["bronze:Invalidate","bronze:ForceShield","bronze:BugBarrage"],"picked":"SKIP","floor":29},{"not_picked":["bronze:DarkDash","bronze:Fortify","bronze:Overheat"],"picked":"SKIP","floor":31},{"not_picked":["bronze:BronzeOrb","bronze:Overheat","bronze:ChildClass"],"picked":"SKIP","floor":32},{"not_picked":["bronze:Assembly","bronze:Mutator"],"picked":"bronze:Format","floor":33},{"not_picked":["bronze:ChildClass"],"picked":"SKIP","floor":36},{"not_picked":["bronze:CutThrough+1"],"picked":"SKIP","floor":38},{"not_picked":["bronze:Deprecate"],"picked":"SKIP","floor":40},{"not_picked":["bronze:WildBeam"],"picked":"SKIP","floor":42},{"not_picked":["bronze:Branch+1"],"picked":"SKIP","floor":43},{"not_picked":["bronze:BitShift"],"picked":"SKIP","floor":44},{"not_picked":["bronze:Turbo"],"picked":"SKIP","floor":46},{"not_picked":["bronze:ChosenStrike"],"picked":"SKIP","floor":48},{"not_picked":["bronze:BitShift+1"],"picked":"SKIP","floor":49},{"not_picked":["bronze:Repair"],"picked":"SKIP","floor":52}],"player_experience":491116,"relics_obtained":[{"floor":8,"key":"Du-Vu Doll"},{"floor":11,"key":"InkBottle"},{"floor":24,"key":"Girya"},{"floor":25,"key":"Guardian:GemstoneGun"},{"floor":28,"key":"Bottled Tornado"},{"floor":39,"key":"conspire:DeflatedDodgeball"},{"floor":41,"key":"Simple Rune"},{"floor":42,"key":"Letter Opener"},{"floor":46,"key":"bronze:CableSpool"},{"floor":52,"key":"Replay:Kaleidoscope"}],"event_choices":[{"cards_removed":["bronze:Strike"],"damage_healed":0,"gold_gain":0,"player_choice":"Offered Basic","damage_taken":0,"max_hp_gain":0,"max_hp_loss":0,"event_name":"Bonfire Elementals","floor":3,"gold_loss":0},{"damage_healed":26,"gold_gain":0,"player_choice":"Heal","damage_taken":0,"max_hp_gain":0,"max_hp_loss":0,"event_name":"The Library","floor":27,"gold_loss":0}],"is_beta":false,"boss_relics":[{"not_picked":["Honey Jar","Runic Pyramid"],"picked":"Kintsugi"},{"not_picked":["Pandora\u0027s Box","Runic Dome"],"picked":"Busted Crown"}],"items_purged_floors":[38,53],"is_endless":false,"potions_floor_spawned":[2,8,14,15,19,26,29,31,40,42,43,44,52],"ascension_level":1}}