{"host":"xiain65d2hovry7l","time":1613233345,"event":{"mods":["2.2 Compatiblity","Act Like it!","Aspiration","BaseMod","BetterRewards","Colored Map","Colored Powertips","Conspire","Duelist Mod","Energized Spire","Faster Ascension Climbing","Friendly Minions","Halation","Highlight Path","Koishi","Mimic Mod","Minty Spire (QoL Compilation)","Permanent Neow","Relic Sorter","Remilia??????","Shop Mod","StSLib","The Administrix","The Animator","The Construct","The Mystic","The Necromancer","TheSwordswoman","Thieving Mod","Unknown Chances","Yuri Mod"],"gold_per_floor":[110,142,142,154,184,184,111,111,159,169,169,197,224,237,237,339,339,351,351,364,364,404,404,433,433,484,500,510,525,49,60,60,163,163,175,175,188,38,51,51,76,76,76,76,0,0,19,49,49,49,49],"floor_reached":50,"language":"ENG","playtime":6614,"items_purged":["animator:Demiurge"],"score":626,"play_id":"abbdf9ee-bc17-4447-a8a7-4aa2a974fcc4","local_time":"20210213172225","is_ascension_mode":false,"campfire_choices":[{"data":"animator:Evileye","floor":6,"key":"SMITH"},{"data":"animator:DolaRiku","floor":8,"key":"SMITH"},{"data":"animator:Entoma","floor":15,"key":"SMITH"},{"data":"animator:Entoma+3","floor":23,"key":"SMITH"},{"data":"animator:Entoma+5","floor":25,"key":"SMITH"},{"data":"animator:Entoma+9","floor":32,"key":"SMITH"},{"data":"animator:Tyuule","floor":40,"key":"SMITH"},{"floor":42,"key":"REST"},{"data":"animator:DolaSchwi","floor":44,"key":"SMITH"},{"floor":49,"key":"RECALL"}],"circlet_count":0,"master_deck":["animator:Strike_Konosuba+1","animator:Defend_Konosuba+1","animator:Strike+1","animator:Strike+1","animator:Strike+1","animator:Defend+1","animator:Defend+1","animator:Kazuma","animator:Aqua","animator:DolaRiku+1","animator:Sebas+1","animator:PandorasActor","animator:Evileye+1","animator:YunYun","animator:Rena","animator:Entoma+15","animator:Eve","animator:Aisha","animator:Demiurge+1","animator:DolaSchwi+1","animator:Aisha","animator:MamizouFutatsuiwa","animator:Tyuule+1","animator:Cocytus"],"relics":["animator:LivingPicture","theDuelist:CardPoolAddRelic","animator:TheMissingPiece","Bronze Scales","Red Skull","aspiration:FrozenJewel","halation:SmartPhone","Regal Pillow","halation:BottledLove","Ginger","MerchantsRug","aspiration:SecretTechniqueScroll","animator:ShionDessert","Anchor","Red Mask","aspiration:SeaSaltIceCream","aspiration:Nostalgia","conspire:DeflatedDodgeball"],"acts_visited":["Exordium","TheCity","TheBeyond"],"potions_floor_usage":[12,16,24,33,33,37,41,50,50],"damage_taken":[{"damage":2,"enemies":"2 Louse","floor":1,"turns":3},{"damage":2,"enemies":"conspire:RoseBush","floor":2,"turns":4},{"damage":0,"enemies":"Cultist","floor":4,"turns":4},{"damage":0,"enemies":"Looter","floor":5,"turns":4},{"damage":0,"enemies":"2 Fungi Beasts","floor":10,"turns":3},{"damage":18,"enemies":"Lagavulin","floor":12,"turns":5},{"damage":0,"enemies":"Lots of Slimes","floor":13,"turns":2},{"damage":0,"enemies":"Exordium Wildlife","floor":14,"turns":4},{"damage":21,"enemies":"Slime Boss","floor":16,"turns":10},{"damage":4,"enemies":"Chosen","floor":18,"turns":6},{"damage":12,"enemies":"2 Thieves","floor":20,"turns":3},{"damage":0,"enemies":"Centurion and Healer","floor":22,"turns":7},{"damage":0,"enemies":"Gremlin Leader","floor":24,"turns":8},{"damage":0,"enemies":"Sentry and Sphere","floor":26,"turns":7},{"damage":2,"enemies":"Sentry and Sphere","floor":27,"turns":6},{"damage":8,"enemies":"Cultist and Chosen","floor":28,"turns":5},{"damage":16,"enemies":"Snake Plant","floor":29,"turns":4},{"damage":0,"enemies":"Centurion and Healer","floor":31,"turns":6},{"damage":20,"enemies":"Automaton","floor":33,"turns":7},{"damage":8,"enemies":"3 Shapes","floor":35,"turns":3},{"damage":0,"enemies":"Orb Walker","floor":37,"turns":4},{"damage":8,"enemies":"Sphere and 2 Shapes","floor":39,"turns":4},{"damage":37,"enemies":"Reptomancer","floor":41,"turns":7},{"damage":0,"enemies":"Spire Growth","floor":47,"turns":5},{"damage":0,"enemies":"Giant Head","floor":48,"turns":7},{"damage":75,"enemies":"conspire:OrnateMirror","floor":50,"turns":4}],"seed_played":"498227121658243379","potions_obtained":[{"floor":1,"key":"FearPotion"},{"floor":2,"key":"DuplicationPotion"},{"floor":4,"key":"FearPotion"},{"floor":13,"key":"AttackPotion"},{"floor":22,"key":"SkillPotion"},{"floor":27,"key":"FearPotion"},{"floor":28,"key":"Dexterity Potion"},{"floor":33,"key":"Fruit Juice"},{"floor":39,"key":"Block Potion"},{"floor":47,"key":"ThievingMod:ThievingPotion"},{"floor":48,"key":"CultistPotion"}],"is_trial":false,"path_per_floor":["M","M","?","M","M","R","$","R","T","M","?","E","M","M","R","B",null,"M","?","M","?","M","R","E","R","MIM","M","M","M","$","M","R","B",null,"M","?","M","$","M","R","E","R","T","R","?","T","M","E","R","B"],"character_chosen":"THE_ANIMATOR","items_purchased":["animator:YunYun","Ginger","MerchantsRug","animator:ShionDessert"],"campfire_rested":1,"item_purchase_floors":[7,30,30,38],"current_hp_per_floor":[66,64,58,61,63,63,63,63,63,65,65,49,51,54,54,38,71,62,62,54,54,58,58,58,58,60,60,56,37,37,39,39,21,81,75,57,62,62,57,57,22,64,64,64,64,64,68,72,72,0,0],"gold":49,"neow_bonus":"RANDOM_COMMON_RELIC","is_daily":false,"chose_seed":false,"campfire_upgraded":8,"win_rate":0.0,"timestamp":1613233345,"path_taken":["M","M","?","M","M","R","$","R","T","M","?","E","M","M","R","BOSS","M","?","M","?","M","R","E","R","MIM","M","M","?","$","M","R","BOSS","M","?","M","?","M","R","E","R","T","R","?","?","M","E","R","BOSS"],"items_purchased_type":["Card","Relic","Relic","Relic"],"build_version":"2020-12-22","purchased_purges":1,"victory":false,"max_hp_per_floor":[66,66,66,67,67,67,67,67,67,67,67,67,67,68,68,71,71,71,71,73,73,75,75,75,75,75,75,77,79,79,81,81,81,81,83,83,88,88,92,92,92,92,92,92,92,92,94,96,96,96,96],"card_choices":[{"not_picked":["animator:LeleiLaLalena","animator:GuildGirl"],"picked":"animator:DolaRiku","floor":1},{"not_picked":["animator:DolaSchwi","animator:Demiurge"],"picked":"animator:Sebas","floor":2},{"not_picked":["animator:Hans","animator:Chris"],"picked":"animator:PandorasActor","floor":4},{"not_picked":["animator:PandorasActor","animator:Demiurge"],"picked":"animator:Evileye","floor":5},{"not_picked":["animator:DwarfShaman","animator:FielNirvalen","animator:Ain"],"picked":"SKIP","floor":10},{"not_picked":["animator:TukaLunaMarceau","animator:Evileye","animator:Vanir"],"picked":"SKIP","floor":12},{"not_picked":["animator:SilverFang","animator:Ain"],"picked":"animator:Rena","floor":13},{"not_picked":["animator:NarberalGamma","animator:Sebas"],"picked":"animator:Entoma","floor":14},{"not_picked":["animator:Albedo","animator:Shiro"],"picked":"animator:Eve","floor":16},{"not_picked":["animator:Shalltear","animator:MumenRider+1","animator:Melzalgald"],"picked":"SKIP","floor":18},{"not_picked":["animator:Sebas+1","animator:Shalltear+1","animator:SilverFang"],"picked":"SKIP","floor":20},{"not_picked":["animator:Witch","animator:PandorasActor"],"picked":"animator:Demiurge","floor":22},{"not_picked":["animator:Evileye","animator:Albedo"],"picked":"animator:Entoma","floor":24},{"not_picked":["animator:PandorasActor","animator:NarberalGamma"],"picked":"animator:Aisha","floor":26},{"not_picked":["animator:YunYun","animator:TukaLunaMarceau"],"picked":"animator:Demiurge+1","floor":27},{"not_picked":["animator:Darkness","animator:Rena"],"picked":"animator:DolaSchwi","floor":28},{"not_picked":["animator:Rena","animator:Ciel"],"picked":"animator:Aisha","floor":29},{"not_picked":["animator:Demiurge","animator:SilverFang","animator:Kuribayashi+1"],"picked":"SKIP","floor":31},{"not_picked":["animator:PandorasActor","animator:HighElfArcher+1","animator:TukaLunaMarceau+1"],"picked":"SKIP","floor":35},{"not_picked":["animator:Urushihara","animator:Shimakaze"],"picked":"animator:MamizouFutatsuiwa","floor":36},{"not_picked":["animator:Mitsurugi+1","animator:Aisha"],"picked":"animator:Tyuule","floor":37},{"not_picked":["animator:PandorasActor","animator:Sebas"],"picked":"animator:Cocytus","floor":39},{"not_picked":["animator:Arpeggio","animator:YaoHaDucy"],"picked":"animator:Entoma","floor":41},{"not_picked":["animator:Aisha","animator:Raven+1","animator:Tatsumaki+1"],"picked":"SKIP","floor":47},{"not_picked":["animator:DolaStephanie","animator:Ciel+1","animator:Albedo"],"picked":"SKIP","floor":48}],"player_experience":698033,"relics_obtained":[{"floor":9,"key":"Bronze Scales"},{"floor":11,"key":"Red Skull"},{"floor":12,"key":"aspiration:FrozenJewel"},{"floor":24,"key":"Regal Pillow"},{"floor":26,"key":"halation:BottledLove"},{"floor":41,"key":"Anchor"},{"floor":46,"key":"aspiration:SeaSaltIceCream"},{"floor":48,"key":"conspire:DeflatedDodgeball"}],"event_choices":[{"damage_healed":0,"gold_gain":0,"player_choice":"Relic","damage_taken":0,"max_hp_gain":0,"max_hp_loss":0,"event_name":"Wheel of Change","floor":11,"gold_loss":0},{"damage_healed":0,"gold_gain":0,"player_choice":"Simplicity","damage_taken":0,"max_hp_gain":0,"max_hp_loss":0,"event_name":"Back to Basics","floor":19,"gold_loss":0,"cards_upgraded":["animator:Strike_Konosuba","animator:Defend_Konosuba","animator:Strike","animator:Strike","animator:Strike","animator:Defend","animator:Defend"]},{"damage_healed":0,"gold_gain":0,"player_choice":"Ignored","damage_taken":0,"max_hp_gain":0,"max_hp_loss":0,"event_name":"The Mausoleum","floor":21,"gold_loss":0},{"damage_healed":0,"gold_gain":0,"player_choice":"Memory 3","damage_taken":10,"max_hp_gain":0,"max_hp_loss":0,"event_name":"SensoryStone","floor":36,"gold_loss":0},{"damage_healed":0,"gold_gain":0,"player_choice":"Paid","damage_taken":0,"relics_obtained":["Red Mask"],"max_hp_gain":0,"max_hp_loss":0,"event_name":"Tomb of Lord Red Mask","floor":45,"gold_loss":76}],"is_beta":false,"boss_relics":[{"not_picked":["Calling Bell","energizedSpire:MagnifyingGlass"],"picked":"halation:SmartPhone"},{"not_picked":["halation:MonkeysPaw","halation:Yufonium"],"picked":"aspiration:SecretTechniqueScroll"}],"items_purged_floors":[30],"is_endless":false,"potions_floor_spawned":[1,2,4,13,14,22,27,28,31,33,39,47,48],"killed_by":"conspire:OrnateMirror","ascension_level":0}}