{"host":"0cm5wy4nhuju7tij","time":1613247371,"event":{"mods":["100% Spire Juice","2.2 Compatiblity","AchievementEnabler","Aspiration","BaseMod","Better Third Choice","BetterRewards","CCEM2","CapriCore","Colored Powertips","Curses Come First","Displayed Cursed Tome","Downfall","Energized Spire","Evolution","Filter the Spire","Fireblade Mod","Highlight Path","Jess\u0027s Bottle","Minty Spire (QoL Compilation)","Permanent Neow","Poor People Problems","Relic Filter Mod","Relic Stats","Shop Mod","Spicy Shops","StSLib","The Cursed","The Servant 0.9.4","TheSurvivalist","TheVacant","Weighted Paths"],"gold_per_floor":[117,117,132,151,151,151,183,183,238,238,13,13,13,33,33,138,138,151,169,189,200,215,215,244,244,291,318,333,344,50,69,69,174,174,191,208,222,222,239,239,272,272,272,292,306,306,79,89,89,89,89,89,89,124,124],"floor_reached":56,"language":"ENG","playtime":3904,"items_purged":["Shame"],"score":1371,"play_id":"6c0b7859-d1a3-4653-827a-457892cf260f","local_time":"20210213151611","is_ascension_mode":false,"campfire_choices":[{"data":"TheCursedMod:AntiAging","floor":6,"key":"SMITH"},{"data":"TheCursedMod:LuckyCharm","floor":8,"key":"SMITH"},{"data":"TheCursedMod:NeowsMight","floor":12,"key":"SMITH"},{"data":"TheCursedMod:ParallelWorld","floor":15,"key":"SMITH"},{"data":"TheCursedMod:ReleasedStrength","floor":23,"key":"SMITH"},{"floor":32,"key":"RECALL"},{"data":"TheCursedMod:ReleasedStrength","floor":40,"key":"SMITH"},{"data":"TheCursedMod:CursedRelics","floor":42,"key":"SMITH"},{"data":"Apotheosis","floor":46,"key":"SMITH"},{"data":"TheCursedMod:BloodBarrier","floor":49,"key":"SMITH"},{"data":"TheCursedMod:SoulReap","floor":52,"key":"SMITH"}],"circlet_count":0,"master_deck":["TheCursedMod:CleanUpWorkshop","TheCursedMod:CursedAmulet","TheCursedMod:HellfireBreathing+1","TheCursedMod:HellfireBreathing+1","TheCursedMod:SpitefulPlan","TheCursedMod:LuckyCharm+1","TheCursedMod:CursedSpellbook","TheCursedMod:NeowsMight+1","TheCursedMod:ParallelWorld+1","TheCursedMod:CircleOfAmplification","TheCursedMod:AntiAging+1","TheCursedMod:CursedStaff+1","Injury","TheCursedMod:CursedAmulet","TheCursedMod:HellsGateOpen+1","TheCursedMod:StingEye+1","TheCursedMod:SpitefulPlan+1","TheCursedMod:SoulReap+1","TheCursedMod:CursedRelics+1","TheCursedMod:CollectTribute+1","TheCursedMod:ReleasedStrength+1","TheCursedMod:LuckyCharm+1","TheCursedMod:CursedSpellbook","TheCursedMod:Hemoplague+1","Clumsy","TheCursedMod:Torture+1","TheCursedMod:ReleasedStrength+1","TheCursedMod:LuckyCharm+1","TheCursedMod:SpitefulPray","TheCursedMod:CursedSpellbook","TheCursedMod:Dregs","TheCursedMod:FleshFromBone","TheCursedMod:BloodBarrier+1","TheCursedMod:SpitefulPlan+1","TheCursedMod:VoidForm+1","TheCursedMod:SmokeScreen+1","Writhe","TheCursedMod:TroublousMinions+1","Apotheosis+1","TheCursedMod:HellsGateOpen+1"],"relics":["TheCursedMod:BlackMagicAdvanced","EVO:Axolotl","Frozen Egg 2","Matryoshka","CCEMRelics:FakeTeeth","CCEMRelics:PocketTank","Whetstone","CCEMRelics:DerglesHeadphones","Dream Catcher","Odd Mushroom","energizedSpire:CursedPentagram","Happy Flower","Ginger","Orrery","Busted Crown","CCEMRelics:TechnogenicHelmet","CCEMRelics:DissonantTune","Sling","Lantern"],"acts_visited":["Exordium","TheCity","TheBeyond","TheEnding"],"potions_floor_usage":[],"damage_taken":[{"damage":0,"enemies":"Small Slimes","floor":1,"turns":2},{"damage":0,"enemies":"Jaw Worm","floor":3,"turns":2},{"damage":0,"enemies":"2 Louse","floor":4,"turns":1},{"damage":2,"enemies":"Gremlin Nob","floor":7,"turns":3},{"damage":9,"enemies":"The Mushroom Lair","floor":14,"turns":2},{"damage":8,"enemies":"Slime Boss","floor":16,"turns":4},{"damage":5,"enemies":"Spheric Guardian","floor":18,"turns":3},{"damage":0,"enemies":"Chosen","floor":19,"turns":3},{"damage":0,"enemies":"Centurion and Healer","floor":20,"turns":3},{"damage":4,"enemies":"Chosen and Byrds","floor":21,"turns":2},{"damage":16,"enemies":"Shelled Parasite and Fungi","floor":22,"turns":5},{"damage":34,"enemies":"Book of Stabbing","floor":24,"turns":4},{"damage":1,"enemies":"Slavers","floor":27,"turns":4},{"damage":0,"enemies":"Centurion and Healer","floor":28,"turns":3},{"damage":0,"enemies":"Snecko","floor":29,"turns":3},{"damage":14,"enemies":"Shelled Parasite and Fungi","floor":31,"turns":2},{"damage":9,"enemies":"Champ","floor":33,"turns":7},{"damage":11,"enemies":"Orb Walker","floor":35,"turns":2},{"damage":8,"enemies":"3 Darklings","floor":36,"turns":3},{"damage":21,"enemies":"Transient","floor":37,"turns":5},{"damage":10,"enemies":"Jaw Worm Horde","floor":39,"turns":4},{"damage":0,"enemies":"Giant Head","floor":41,"turns":6},{"damage":9,"enemies":"Sphere and 2 Shapes","floor":44,"turns":5},{"damage":5,"enemies":"Writhing Mass","floor":45,"turns":4},{"damage":0,"enemies":"Spire Growth","floor":48,"turns":3},{"damage":15,"enemies":"Donu and Deca","floor":50,"turns":5},{"damage":2,"enemies":"Shield and Spear","floor":54,"turns":4},{"damage":48,"enemies":"The Heart","floor":55,"turns":6}],"seed_played":"-6899688565472418304","potions_obtained":[{"floor":3,"key":"Ancient Potion"},{"floor":7,"key":"LiquidBronze"},{"floor":16,"key":"AttackPotion"}],"is_trial":false,"path_per_floor":["M","?","M","M","?","R","E","R","T","?","$","R","T","?","R","B",null,"M","M","M","M","M","R","E","?","T","E","M","M","$","M","R","B",null,"M","M","M","?","M","R","E","R","T","M","M","R","$","M","R","B",null,"R","$","E","B",null],"character_chosen":"THE_CURSED","items_purchased":["Whetstone","TheCursedMod:SpitefulPlan+1","TheCursedMod:LuckyCharm+1","Orrery","TheCursedMod:HellsGateOpen+1","Sling"],"campfire_rested":0,"item_purchase_floors":[11,11,30,30,47,47],"current_hp_per_floor":[122,122,122,122,98,98,99,99,99,99,99,99,99,90,102,97,128,131,134,137,133,131,143,110,110,110,115,115,131,131,136,136,130,155,144,141,158,158,158,158,161,161,161,155,153,165,165,168,170,173,173,173,173,174,173],"gold":124,"neow_bonus":"THREE_RARE_CARDS","is_daily":false,"chose_seed":false,"campfire_upgraded":10,"win_rate":0.0,"timestamp":1613247371,"path_taken":["M","?","M","M","?","R","E","R","T","?","$","R","?","?","R","BOSS","M","M","M","M","M","R","E","?","T","E","M","M","$","M","R","BOSS","M","M","M","?","M","R","E","R","T","M","M","R","$","M","R","BOSS","R","$","E","BOSS"],"items_purchased_type":["Relic","Card","Card","Relic","Card","Relic"],"build_version":"2020-12-22","purchased_purges":1,"victory":true,"max_hp_per_floor":[122,122,122,122,122,122,125,125,125,125,125,125,125,125,125,128,128,131,134,137,137,143,143,143,143,143,149,149,152,152,152,152,155,155,155,155,158,158,158,158,161,161,161,164,167,167,167,170,170,173,173,173,173,176,176],"relic_stats":{"Dream Catcher":0,"Busted Crown":20,"Happy Flower":[22],"counters":[28,95],"Whetstone":["TheCursedMod:CursedStaff","TheCursedMod:StingEye"],"Ginger":[14],"obtain_stats":[{"Lantern":54,"TheCursedMod:BlackMagicAdvanced":0,"Happy Flower":24,"EVO:Axolotl":0,"Whetstone":11,"Ginger":27,"CCEMRelics:TechnogenicHelmet":41,"Frozen Egg 2":2,"Odd Mushroom":14,"Sling":47,"CCEMRelics:DerglesHeadphones":13,"CCEMRelics:FakeTeeth":9,"Dream Catcher":13,"Matryoshka":7,"energizedSpire:CursedPentagram":17,"Busted Crown":34,"Orrery":30,"CCEMRelics:DissonantTune":43,"CCEMRelics:PocketTank":10},{"Lantern":27,"TheCursedMod:BlackMagicAdvanced":0,"Happy Flower":12,"EVO:Axolotl":0,"Whetstone":4,"Ginger":13,"CCEMRelics:TechnogenicHelmet":22,"Frozen Egg 2":1,"Odd Mushroom":5,"Sling":24,"CCEMRelics:DerglesHeadphones":4,"CCEMRelics:FakeTeeth":4,"Dream Catcher":4,"Matryoshka":4,"energizedSpire:CursedPentagram":6,"Busted Crown":17,"Orrery":15,"CCEMRelics:DissonantTune":22,"CCEMRelics:PocketTank":4},{"Lantern":89,"TheCursedMod:BlackMagicAdvanced":0,"Happy Flower":31,"EVO:Axolotl":0,"Whetstone":7,"Ginger":34,"CCEMRelics:TechnogenicHelmet":69,"Frozen Egg 2":1,"Odd Mushroom":8,"Sling":78,"CCEMRelics:DerglesHeadphones":7,"CCEMRelics:FakeTeeth":7,"Dream Catcher":7,"Matryoshka":7,"energizedSpire:CursedPentagram":11,"Busted Crown":49,"Orrery":40,"CCEMRelics:DissonantTune":69,"CCEMRelics:PocketTank":7}]},"card_choices":[{"not_picked":["TheCursedMod:NeowsMight","TheCursedMod:Neurasthenia"],"picked":"TheCursedMod:AntiAging","floor":0},{"not_picked":["TheCursedMod:Grudge","TheCursedMod:CursedMace"],"picked":"TheCursedMod:CursedStaff","floor":1},{"not_picked":["TheCursedMod:ManaBullet","TheCursedMod:Obscuration"],"picked":"TheCursedMod:CursedAmulet","floor":3},{"not_picked":["TheCursedMod:FuryStrike","TheCursedMod:CursedBlade"],"picked":"TheCursedMod:HellsGateOpen+1","floor":4},{"not_picked":["TheCursedMod:DarkBarrier","TheCursedMod:CircleOfFlame"],"picked":"TheCursedMod:StingEye","floor":7},{"not_picked":["TheCursedMod:ReleasedKnowledge","TheCursedMod:CursedBlade"],"picked":"TheCursedMod:SoulReap","floor":14},{"not_picked":["TheCursedMod:CircleOfAbyss","TheCursedMod:StunningStrike"],"picked":"TheCursedMod:CursedRelics","floor":16},{"not_picked":["TheCursedMod:CircleOfCorruption","TheCursedMod:Stigma","TheCursedMod:SmokeScreen"],"picked":"SKIP","floor":18},{"not_picked":["TheCursedMod:VitalStrike","TheCursedMod:TacticalStrike"],"picked":"TheCursedMod:CollectTribute+1","floor":19},{"not_picked":["TheCursedMod:CursedSpellbook","TheCursedMod:SmokeScreen"],"picked":"TheCursedMod:ReleasedStrength","floor":20},{"not_picked":["TheCursedMod:ReleasedKnowledge","TheCursedMod:TacticalStrike+1"],"picked":"TheCursedMod:LuckyCharm+1","floor":21},{"not_picked":["TheCursedMod:Stretching+1","TheCursedMod:SmokeScreen","TheCursedMod:CircleOfWindfury"],"picked":"SKIP","floor":22},{"not_picked":["TheCursedMod:SmokeScreen","TheCursedMod:AbyssShockwave"],"picked":"TheCursedMod:CursedSpellbook","floor":24},{"not_picked":["TheCursedMod:CursedArmor","TheCursedMod:SoulCrush"],"picked":"TheCursedMod:Hemoplague+1","floor":27},{"not_picked":["TheCursedMod:SpreadPlague","TheCursedMod:CircleOfFlame"],"picked":"TheCursedMod:Torture+1","floor":28},{"not_picked":["TheCursedMod:NeowsMight","TheCursedMod:Torture+1"],"picked":"TheCursedMod:ReleasedStrength","floor":29},{"not_picked":["TheCursedMod:BloodBarrier+1","TheCursedMod:Stretching"],"picked":"TheCursedMod:SpitefulPray","floor":30},{"not_picked":["TheCursedMod:CursedBlade","TheCursedMod:RavingStaff"],"picked":"TheCursedMod:CursedSpellbook","floor":30},{"not_picked":["TheCursedMod:Torture","TheCursedMod:FuryStrike"],"picked":"TheCursedMod:FleshFromBone","floor":30},{"not_picked":["TheCursedMod:CircleOfFlame","TheCursedMod:AshesToAshes"],"picked":"TheCursedMod:BloodBarrier","floor":30},{"not_picked":["TheCursedMod:RapidMovement","TheCursedMod:TacticalStrike+1"],"picked":"TheCursedMod:SpitefulPlan+1","floor":31},{"not_picked":["TheCursedMod:ShockAndAwe","TheCursedMod:OutForBlood+1"],"picked":"TheCursedMod:VoidForm+1","floor":33},{"not_picked":[],"picked":"TheCursedMod:SmokeScreen+1","floor":35},{"not_picked":["TheCursedMod:CursedStaff"],"picked":"SKIP","floor":36},{"not_picked":[],"picked":"TheCursedMod:TroublousMinions+1","floor":37},{"not_picked":[],"picked":"Apotheosis","floor":38},{"not_picked":["TheCursedMod:FleshFromBone"],"picked":"SKIP","floor":39},{"not_picked":["TheCursedMod:SoulCrush+1"],"picked":"SKIP","floor":41},{"not_picked":["TheCursedMod:CircleOfAmplification"],"picked":"SKIP","floor":44},{"not_picked":["TheCursedMod:SoulCrush"],"picked":"SKIP","floor":45},{"not_picked":["TheCursedMod:VitalStrike"],"picked":"SKIP","floor":48},{"not_picked":["TheCursedMod:CircleOfFocus+1"],"picked":"SKIP","floor":54}],"player_experience":426037,"relics_obtained":[{"floor":7,"key":"Matryoshka"},{"floor":9,"key":"CCEMRelics:FakeTeeth"},{"floor":13,"key":"CCEMRelics:DerglesHeadphones"},{"floor":13,"key":"Dream Catcher"},{"floor":14,"key":"Odd Mushroom"},{"floor":24,"key":"Happy Flower"},{"floor":27,"key":"Ginger"},{"floor":41,"key":"CCEMRelics:TechnogenicHelmet"},{"floor":43,"key":"CCEMRelics:DissonantTune"},{"floor":54,"key":"Lantern"}],"event_choices":[{"damage_healed":122,"gold_gain":0,"player_choice":"Upgrade","damage_taken":24,"max_hp_gain":0,"max_hp_loss":122,"event_name":"betterThird:BetterShining","floor":5,"gold_loss":0,"cards_upgraded":["TheCursedMod:HellfireBreathing","TheCursedMod:HellfireBreathing"]},{"damage_healed":0,"gold_gain":0,"player_choice":"Box","damage_taken":0,"relics_obtained":["CCEMRelics:PocketTank"],"max_hp_gain":0,"max_hp_loss":0,"event_name":"Big Fish","floor":10,"gold_loss":0,"cards_obtained":["Regret"]},{"damage_healed":0,"gold_gain":0,"player_choice":"Fought Mushrooms","damage_taken":0,"max_hp_gain":0,"max_hp_loss":0,"event_name":"Mushrooms","floor":14,"gold_loss":0},{"cards_removed":["Regret"],"damage_healed":0,"gold_gain":0,"player_choice":"Elegance","damage_taken":0,"max_hp_gain":0,"max_hp_loss":0,"event_name":"betterThird:BetterWriting","floor":25,"gold_loss":0},{"damage_healed":0,"gold_gain":0,"player_choice":"Memory 1","damage_taken":0,"max_hp_gain":0,"max_hp_loss":0,"event_name":"SensoryStone","floor":38,"gold_loss":0}],"is_beta":false,"boss_relics":[{"not_picked":["Ectoplasm","CCEMRelics:GreenEgg"],"picked":"energizedSpire:CursedPentagram"},{"not_picked":["Runic Pyramid","SacredBark"],"picked":"Busted Crown"}],"items_purged_floors":[30],"is_endless":false,"potions_floor_spawned":[3,7,16,19,21,22,27,31,35,36,39,54],"ascension_level":0}}