{"host":"zksvs3x2ysy9npnz","time":1613175462,"event":{"mods":["Aspiration","BaseMod","Beaked The Cultist","BetterRewards","Clockwork Mod","Colored Map","Conspire","Downfall","Halation","Highlight Path","Hubris","Infinite Spire","Jedi Mod","Magitek Elite","Minty Spire (QoL Compilation)","Permanent Neow","Quick Restart","Relic Stats","Shop Mod","StSLib","The Runesmith","The Witch"],"gold_per_floor":[99,113,129,129,129,129,180,198,5,5,24,56,56,84,99,200,200,100,110,110,110,127,154,154,54,85,102,102,102,102,102,122,223,223,223,239,239,259,273,273,273,308,208,224,243,128,160,160,171,171,171,198,5,5,5,5],"floor_reached":57,"language":"FRA","playtime":4046,"items_purged":["bronze:Strike","jedi:frostbite","Masterful Stab","bronze:HardenedForm"],"score":1584,"play_id":"50a6d163-a786-4c23-90da-1ea7a4297f68","local_time":"20210213011742","is_ascension_mode":true,"campfire_choices":[{"floor":1,"key":"RECALL"},{"data":"bronze:BronzeOrb","floor":10,"key":"SMITH"},{"floor":13,"key":"REST"},{"data":"infinitespire:Fortify","floor":18,"key":"SMITH"},{"data":"bronze:GetLatest","floor":25,"key":"SMITH"},{"data":"bronze:BitShift","floor":28,"key":"SMITH"},{"data":"bronze:InfiniteBeams","floor":30,"key":"SMITH"},{"data":"bronze:SpaghettiCode","floor":35,"key":"SMITH"},{"data":"bronze:SpaghettiCode","floor":43,"key":"SMITH"},{"data":"bronze:ClassDefault","floor":54,"key":"SMITH"}],"circlet_count":0,"master_deck":["infinitespire:Collect+1","bronze:Defend","bronze:Defend","bronze:Defend","bronze:Defend","bronze:Replicate","bronze:Goto","bronze:InfiniteBeams+1","bronze:Iterate","infinitespire:Fortify+1","bronze:BronzeOrb+1","bronze:GetLatest+1","bronze:DelayedSlice","bronze:InfiniteBeams","bronze:Branch","bronze:BitShift+1","infinitespire:Collect+1","infinitespire:Fortify+1","bronze:Constructor","bronze:Repair+1","bronze:ForceShield","bronze:SpaghettiCode+1","bronze:Boost+1","Riddle With Holes","Flying Knee","bronze:Frontload+1","bronze:SpaghettiCode+1","bronze:Boost","bronze:Boost+1","bronze:Repair","bronze:Constructor+1","bronze:ClassDefault+1"],"relics":["bronze:BronzeCore","Art of War","halation:PinkSoulGem","Tiny Chest","jedi:HeartOfTheCards","Letter Opener","Golden_Hairpin","downfall:HeartBlessingRed","Torii","Sozu","conspire:TopHat","hubris:MysteriousPyramids","downfall:HeartBlessingGreen","aspiration:EmptySkull","hubris:FunFungus","Blue Candle","SlaversCollar","Toy Ornithopter","downfall:HeartBlessingBlue","hubris:PeanutButter","Dream Catcher","infinitespire:WardingShard","Guardian:PocketSentry"],"acts_visited":["Exordium","TheCity","TheBeyond","TheEnding"],"potions_floor_usage":[52,56],"damage_taken":[{"damage":6,"enemies":"infinitespire:Voidling","floor":2,"turns":3},{"damage":0,"enemies":"Jaw Worm","floor":3,"turns":2},{"damage":1,"enemies":"conspire:RoseBush","floor":8,"turns":4},{"damage":0,"enemies":"downfall:FleeingMerchant","floor":9,"turns":4},{"damage":0,"enemies":"Large Slime","floor":11,"turns":5},{"damage":32,"enemies":"Gremlin Nob","floor":12,"turns":4},{"damage":0,"enemies":"3 Sentries","floor":14,"turns":4},{"damage":0,"enemies":"Lots of Slimes","floor":15,"turns":3},{"damage":5,"enemies":"IC_STATUS_ARCHETYPE","floor":16,"turns":5},{"damage":0,"enemies":"conspire:FuzzyDice","floor":19,"turns":4},{"damage":0,"enemies":"Spheric Guardian","floor":22,"turns":1},{"damage":0,"enemies":"conspire:Head Lice","floor":23,"turns":4},{"damage":0,"enemies":"conspire:SneckoGhost","floor":26,"turns":3},{"damage":0,"enemies":"Chosen and Byrds","floor":27,"turns":3},{"damage":0,"enemies":"conspire:HollyBat","floor":32,"turns":5},{"damage":0,"enemies":"WA_ARCHETYPE_CALM","floor":33,"turns":7},{"damage":0,"enemies":"Orb Walker","floor":36,"turns":3},{"damage":0,"enemies":"3 Darklings","floor":38,"turns":4},{"damage":0,"enemies":"Maw","floor":39,"turns":6},{"damage":0,"enemies":"Reptomancer","floor":42,"turns":5},{"damage":7,"enemies":"Sphere and 2 Shapes","floor":44,"turns":5},{"damage":1,"enemies":"Writhing Mass","floor":45,"turns":5},{"damage":0,"enemies":"downfall:FleeingMerchant","floor":46,"turns":4},{"damage":4,"enemies":"Nightmare","floor":47,"turns":7},{"damage":0,"enemies":"Maw","floor":49,"turns":4},{"damage":68,"enemies":"SI_POISON_ARCHETYPE","floor":50,"turns":6},{"damage":9,"enemies":"downfall:CharBossMerchant","floor":52,"turns":6},{"damage":4,"enemies":"downfall:NeowBoss","floor":55,"turns":10},{"damage":58,"enemies":"downfall:NeowBossFinal","floor":56,"turns":7}],"seed_played":"-2385400212309556830","potions_obtained":[{"floor":2,"key":"Guardian:BlockOnCardUsePotion"},{"floor":12,"key":"Block Potion"},{"floor":15,"key":"LiquidBronze"}],"is_trial":false,"path_per_floor":["R","M","M","?","?","?","T","M","$","R","M","E","R","E","M","B",null,"R","M","?","AVR","M","E","T","R","E","M","R","$","R","T","M","B",null,"R","M","?","M","M","?","T","E","R","M","M","$","NM","AVR","M","B",null,"E","$","R","B","B",null],"character_chosen":"THE_AUTOMATON","items_purchased":["bronze:GetLatest","bronze:DelayedSlice","hubris:FunFungus","bronze:ClassDefault","Guardian:PocketSentry"],"campfire_rested":1,"item_purchase_floors":[9,9,29,53,53],"current_hp_per_floor":[70,69,69,69,69,51,51,50,50,50,50,18,39,39,39,34,70,70,70,70,70,70,70,70,70,70,70,70,51,51,51,51,67,70,70,70,70,70,70,70,70,70,80,76,77,79,80,80,80,13,80,71,71,71,76,36],"gold":5,"neow_bonus":"RANDOM_COMMON_RELIC","is_daily":false,"chose_seed":false,"campfire_upgraded":8,"win_rate":0.0,"timestamp":1613175462,"path_taken":["R","M","?","?","?","?","T","M","$","R","M","E","R","E","M","BOSS","R","M","?","AVR","?","E","T","R","E","M","R","?","R","?","M","BOSS","R","M","?","M","?","?","T","E","R","M","M","$","NM","AVR","M","BOSS","E","$","R","BOSS","BOSS"],"items_purchased_type":["Card","Card","Relic","Card","Relic"],"build_version":"2020-12-22","purchased_purges":4,"victory":true,"max_hp_per_floor":[70,70,70,70,70,70,70,70,70,70,70,70,70,70,70,70,70,70,70,70,70,70,70,70,70,70,70,70,70,70,70,70,70,70,70,70,70,70,70,70,70,70,80,80,80,80,80,80,80,80,80,80,80,80,80,80],"relic_stats":{"Sozu":7,"Dream Catcher":0,"Torii":16,"counters":[29,133],"Blue Candle":[9],"Tiny Chest":1,"Art of War":[0],"Letter Opener":[239],"obtain_stats":[{"bronze:BronzeCore":0,"downfall:HeartBlessingRed":18,"Torii":21,"Blue Candle":31,"downfall:HeartBlessingGreen":25,"Guardian:PocketSentry":53,"Letter Opener":14,"hubris:MysteriousPyramids":24,"jedi:HeartOfTheCards":12,"conspire:TopHat":23,"Sozu":21,"SlaversCollar":34,"Golden_Hairpin":17,"Dream Catcher":48,"aspiration:EmptySkull":26,"infinitespire:WardingShard":52,"downfall:HeartBlessingBlue":43,"Tiny Chest":7,"hubris:PeanutButter":47,"hubris:FunFungus":29,"Art of War":0,"halation:PinkSoulGem":5,"Toy Ornithopter":42},{"bronze:BronzeCore":0,"downfall:HeartBlessingRed":9,"Torii":10,"Blue Candle":14,"downfall:HeartBlessingGreen":12,"Guardian:PocketSentry":27,"Letter Opener":7,"hubris:MysteriousPyramids":12,"jedi:HeartOfTheCards":6,"conspire:TopHat":12,"Sozu":10,"SlaversCollar":16,"Golden_Hairpin":9,"Dream Catcher":24,"aspiration:EmptySkull":13,"infinitespire:WardingShard":27,"downfall:HeartBlessingBlue":20,"Tiny Chest":2,"hubris:PeanutButter":24,"hubris:FunFungus":14,"Art of War":0,"halation:PinkSoulGem":2,"Toy Ornithopter":20},{"bronze:BronzeCore":0,"downfall:HeartBlessingRed":34,"Torii":38,"Blue Candle":49,"downfall:HeartBlessingGreen":43,"Guardian:PocketSentry":116,"Letter Opener":26,"hubris:MysteriousPyramids":43,"jedi:HeartOfTheCards":22,"conspire:TopHat":43,"Sozu":38,"SlaversCollar":61,"Golden_Hairpin":34,"Dream Catcher":100,"aspiration:EmptySkull":46,"infinitespire:WardingShard":116,"downfall:HeartBlessingBlue":79,"Tiny Chest":5,"hubris:PeanutButter":100,"hubris:FunFungus":49,"Art of War":0,"halation:PinkSoulGem":5,"Toy Ornithopter":79}],"Toy Ornithopter":5},"card_choices":[{"not_picked":["bronze:DelayedGuard","bronze:ChildClass"],"picked":"bronze:InfiniteBeams","floor":2},{"not_picked":["bronze:Constructor","bronze:Separator"],"picked":"bronze:Iterate","floor":3},{"not_picked":["hubris:Fate","infinitespire:Punishment"],"picked":"infinitespire:Fortify","floor":6},{"not_picked":["bronze:Shield","bronze:Philosophize","bronze:ItsAFeature"],"picked":"SKIP","floor":8},{"not_picked":["bronze:Shield","bronze:DigitalCarnage"],"picked":"bronze:BronzeOrb","floor":9},{"not_picked":["bronze:Safeguard","bronze:BugBarrage"],"picked":"bronze:InfiniteBeams","floor":11},{"not_picked":["bronze:DelayedGuard","bronze:Optimize"],"picked":"bronze:Branch","floor":12},{"not_picked":["bronze:BugBarrage","bronze:DigitalCarnage","bronze:Deprecate"],"picked":"SKIP","floor":14},{"not_picked":["bronze:ItsAFeature","bronze:ChildClass"],"picked":"bronze:BitShift","floor":15},{"not_picked":["bronze:HyperBeam","bronze:FindAndReplace"],"picked":"bronze:HardenedForm","floor":16},{"not_picked":["bronze:Invalidate","bronze:FineTuning","bronze:Philosophize"],"picked":"SKIP","floor":19},{"not_picked":["bronze:MaxOutput","bronze:BuggyMess"],"picked":"bronze:Constructor","floor":22},{"not_picked":["bronze:Iterate","bronze:DelayedSlice"],"picked":"bronze:Repair+1","floor":23},{"not_picked":["bronze:DelayedGuard","bronze:Shield","bronze:NullPointer+1"],"picked":"SKIP","floor":26},{"not_picked":["bronze:ForLoop","bronze:Overheat"],"picked":"bronze:ForceShield","floor":27},{"not_picked":["bronze:Deprecate","bronze:CutThrough","bronze:Separator+1"],"picked":"SKIP","floor":32},{"not_picked":["bronze:CleanCode","bronze:HyperBeam"],"picked":"bronze:SpaghettiCode","floor":33},{"not_picked":["bronze:ForceShield+1","bronze:ChildClass+1"],"picked":"bronze:Boost+1","floor":36},{"not_picked":["bronze:BronzeArmor+1","bronze:Invalidate+1","bronze:BitShift+1"],"picked":"SKIP","floor":38},{"not_picked":["bronze:InfiniteBeams","bronze:DelayedSlice"],"picked":"bronze:Frontload+1","floor":39},{"not_picked":["bronze:CutThrough","bronze:Branch"],"picked":"bronze:SpaghettiCode","floor":42},{"not_picked":["bronze:BitShift","bronze:WildBeam+1","bronze:Turbo+1"],"picked":"SKIP","floor":44},{"not_picked":["bronze:Turbo+1","bronze:Separator+1"],"picked":"bronze:Boost","floor":45},{"not_picked":["bronze:FineTuning","bronze:Iterate+1"],"picked":"bronze:Boost+1","floor":46},{"not_picked":["bronze:BuggyMess","bronze:BitShift"],"picked":"bronze:Repair","floor":47},{"not_picked":["bronze:Deprecate+1","bronze:FindAndReplace","bronze:BitShift+1"],"picked":"SKIP","floor":49},{"not_picked":["bronze:Separator","bronze:CutThrough"],"picked":"bronze:Constructor+1","floor":52}],"player_experience":1892356,"relics_obtained":[{"floor":7,"key":"Tiny Chest"},{"floor":12,"key":"jedi:HeartOfTheCards"},{"floor":14,"key":"Letter Opener"},{"floor":23,"key":"conspire:TopHat"},{"floor":24,"key":"hubris:MysteriousPyramids"},{"floor":26,"key":"aspiration:EmptySkull"},{"floor":31,"key":"Blue Candle"},{"floor":42,"key":"Toy Ornithopter"},{"floor":47,"key":"hubris:PeanutButter"},{"floor":52,"key":"infinitespire:WardingShard"}],"event_choices":[{"damage_healed":0,"gold_gain":0,"player_choice":"Disagree","damage_taken":0,"max_hp_gain":0,"max_hp_loss":0,"event_name":"conspire:LoneGhost","floor":4,"gold_loss":0},{"damage_healed":0,"gold_gain":0,"player_choice":"Leave","damage_taken":0,"max_hp_gain":0,"max_hp_loss":0,"event_name":"conspire:Investor","floor":40,"gold_loss":0}],"is_beta":false,"boss_relics":[{"not_picked":["halation:PinkAlligatorPlush","halation:LoveArrow"],"picked":"Golden_Hairpin"},{"not_picked":["hubris:Stopwatch","Velvet Choker"],"picked":"SlaversCollar"}],"items_purged_floors":[9,21,46,48],"is_endless":false,"potions_floor_spawned":[2,12,15,16,19,22,32,33,38,44,45,47,49,52],"ascension_level":3}}