{"host":"7lqra3rfanasaqnt","time":1613258179,"event":{"mods":["AchievementEnabler","Act Like it!","BaseMod","Colored Powertips","Downfall","Friendly Minions","Gremlin Mod","Minty Spire (QoL Compilation)","StSLib"],"gold_per_floor":[99,117,136,146,159,159,159,190,90,114,161,173,170,215,240,348,360,372,404,416,428,440,452,464,503,515,515,515],"floor_reached":26,"language":"ENG","playtime":1189,"items_purged":[],"score":306,"play_id":"98549858-4095-426c-9606-fa5646ea5ef1","local_time":"20210213161619","is_ascension_mode":true,"campfire_choices":[{"data":"hexamod:Float","floor":1,"key":"SMITH"},{"data":"hexamod:GhostflameInferno","floor":9,"key":"SMITH"},{"data":"hexamod:RadiantFlame","floor":18,"key":"SMITH"}],"circlet_count":0,"master_deck":["hexamod:Strike","hexamod:Strike","hexamod:Strike","hexamod:Defend","hexamod:Defend","hexamod:Defend","hexamod:Sear","hexamod:Float+1","hexamod:ChargedBarrage","hexamod:BurningTouch","hexamod:GhostflameInferno+1","hexamod:ShieldOfDarkness","hexamod:RadiantFlame+1","hexamod:FastForward","Parasite","hexamod:RainOfEmbers","hexamod:ChargedBarrage","hexamod:VolcanoVisage","hexamod:ThermalTransfer","hexamod:TimeOfNeed","hexamod:NightmareStrike","Writhe","hexamod:PhantomCloak+1"],"relics":["hexamod:SpiritBrand","Art of War","hexamod:InflammatoryLetter","downfall:HeartBlessingBlue","MawBank","Centennial Puzzle","hexamod:BolsterEngine","Philosopher\u0027s Stone","Omamori","WingedGreaves","Prayer Wheel"],"acts_visited":["Exordium","TheCity"],"potions_floor_usage":[16,16,22],"damage_taken":[{"damage":0,"enemies":"2 Louse","floor":2,"turns":3},{"damage":2,"enemies":"Jaw Worm","floor":3,"turns":3},{"damage":10,"enemies":"Small Slimes","floor":4,"turns":4},{"damage":0,"enemies":"Blue Slaver","floor":5,"turns":3},{"damage":24,"enemies":"Gremlin Nob","floor":8,"turns":4},{"damage":15,"enemies":"3 Sentries","floor":11,"turns":9},{"damage":0,"enemies":"downfall:FleeingMerchant","floor":13,"turns":4},{"damage":13,"enemies":"Lagavulin","floor":14,"turns":7},{"damage":8,"enemies":"Red Slaver","floor":15,"turns":4},{"damage":21,"enemies":"IC_STATUS_ARCHETYPE","floor":16,"turns":6},{"damage":0,"enemies":"Spheric Guardian","floor":19,"turns":3},{"damage":15,"enemies":"downfall:LooterAlt2","floor":22,"turns":3},{"damage":65,"enemies":"Slavers","floor":25,"turns":6},{"damage":10,"enemies":"Snake Plant","floor":26,"turns":3}],"seed_played":"-5077407660974329159","potions_obtained":[{"floor":2,"key":"SmokeBomb"},{"floor":5,"key":"EssenceOfSteel"},{"floor":14,"key":"champ:CounterPotion"},{"floor":16,"key":"Strength Potion"},{"floor":23,"key":"CultistPotion"},{"floor":25,"key":"hexamod:DoubleChargePotion"}],"is_trial":false,"path_per_floor":["R","M","M","M","M","?","T","E","R","T","E","?","$","E","M","B",null,"R","M","?","?","M","?","T","E","M"],"character_chosen":"THE_SPIRIT","items_purchased":[],"campfire_rested":0,"item_purchase_floors":[],"current_hp_per_floor":[70,70,68,58,58,63,63,39,49,49,34,55,55,42,34,13,85,85,85,85,85,70,70,70,5,0,0,0],"gold":515,"neow_bonus":"RANDOM_COMMON_RELIC","is_daily":false,"chose_seed":false,"campfire_upgraded":3,"win_rate":0.0,"timestamp":1613258179,"path_taken":["R","M","M","M","M","?","T","E","R","?","E","?","$","E","M","BOSS","R","M","?","?","M","?","T","E","?"],"items_purchased_type":[],"build_version":"2020-12-22","purchased_purges":0,"victory":false,"max_hp_per_floor":[70,70,70,70,70,75,75,75,85,85,85,85,85,85,85,85,85,85,85,85,85,85,85,85,85,85,85,85],"card_choices":[{"not_picked":["hexamod:Firestarter","hexamod:HeatShield"],"picked":"hexamod:ChargedBarrage","floor":2},{"not_picked":["hexamod:SwordOfDarkness","hexamod:NightmareStrike"],"picked":"hexamod:BurningTouch","floor":3},{"not_picked":["hexamod:Hexaguard","hexamod:FastForward"],"picked":"hexamod:GhostflameInferno","floor":4},{"not_picked":["hexamod:GhostLash","hexamod:GhostOfSpireFuture"],"picked":"hexamod:ShieldOfDarkness","floor":5},{"not_picked":["hexamod:SecondSeal","hexamod:ShieldOfDarkness"],"picked":"hexamod:RadiantFlame","floor":8},{"not_picked":["hexamod:HauntingEcho","hexamod:EtherealExpedition"],"picked":"hexamod:FastForward","floor":11},{"not_picked":["hexamod:ParanormalForm","hexamod:BacktrackSmack"],"picked":"hexamod:RainOfEmbers","floor":13},{"not_picked":["hexamod:FourthSeal","hexamod:FlamesFromBeyond"],"picked":"hexamod:ChargedBarrage","floor":14},{"not_picked":["hexamod:EtherealExpedition","hexamod:SpectersWail","hexamod:SwordOfDarkness"],"picked":"SKIP","floor":15},{"not_picked":["hexamod:FlameSwitch","hexamod:TurnItUp"],"picked":"hexamod:VolcanoVisage","floor":16},{"not_picked":["hexamod:ChargedBarrage","hexamod:NecessarySacrifice"],"picked":"hexamod:ThermalTransfer","floor":19},{"not_picked":["hexamod:GhostLash","hexamod:Incineration"],"picked":"hexamod:PhantomCloak+1","floor":25}],"player_experience":591374,"relics_obtained":[{"floor":8,"key":"hexamod:InflammatoryLetter"},{"floor":10,"key":"MawBank"},{"floor":11,"key":"Centennial Puzzle"},{"floor":14,"key":"hexamod:BolsterEngine"},{"floor":24,"key":"WingedGreaves"},{"floor":25,"key":"Prayer Wheel"}],"event_choices":[{"damage_healed":0,"gold_gain":0,"player_choice":"Donut","damage_taken":0,"max_hp_gain":5,"max_hp_loss":0,"event_name":"Big Fish","floor":6,"gold_loss":0},{"damage_healed":21,"gold_gain":0,"player_choice":"Healed and dodged fight","damage_taken":0,"max_hp_gain":0,"max_hp_loss":0,"event_name":"Mushrooms","floor":12,"gold_loss":0,"cards_obtained":["Parasite"]},{"damage_healed":0,"gold_gain":0,"cards_transformed":["hexamod:Strike","hexamod:Defend"],"player_choice":"Became Test Subject","damage_taken":0,"max_hp_gain":0,"max_hp_loss":0,"event_name":"Drug Dealer","floor":20,"gold_loss":0,"cards_obtained":["hexamod:TimeOfNeed","hexamod:NightmareStrike"]}],"is_beta":false,"boss_relics":[{"not_picked":["hexamod:IceCube","hexamod:UnbrokenSoul"],"picked":"Philosopher\u0027s Stone"}],"items_purged_floors":[],"is_endless":false,"potions_floor_spawned":[2,5,14,16,22,25],"killed_by":"Snake Plant","ascension_level":3}}