{"host":"jaargy6ddac3k57q","time":1613227740,"event":{"mods":["BaseMod","Minty Spire (QoL Compilation)","Quick Restart","StSLib","The Cursed","The Servant 0.9.4"],"gold_per_floor":[116,41,41,60,76,76,76,111,111,111,11,11,11,34,34,157,157,157,157],"floor_reached":18,"language":"ZHS","playtime":498,"items_purged":["Potential","Sabotage"],"score":233,"play_id":"4acba8da-5d2a-4cec-90de-541dcc6295d2","local_time":"20210213224900","daily_mods":["SealedDeck","Heirloom","Time Dilation","Flight","Lethality"],"is_ascension_mode":false,"campfire_choices":[{"data":"BottledTime","floor":6,"key":"SMITH"},{"data":"Starlight","floor":7,"key":"SMITH"},{"data":"BottledTime","floor":13,"key":"SMITH"},{"data":"FanOfKnives","floor":15,"key":"SMITH"}],"circlet_count":0,"master_deck":["Starlight+1","FanOfKnives+1","Rearm+1","BottledTime+1","TimeWarp","Comet","TimeWarp","TimeWarp","BottledTime+1","SurpressingFire","KillingDoll"],"relics":["SplendidAttire","CaptainsWheel","Tiny Chest","Sundial","Golden Idol","Art of War"],"acts_visited":["Exordium","TheCity"],"potions_floor_usage":[],"damage_taken":[{"damage":0,"enemies":"Small Slimes","floor":1,"turns":1},{"damage":0,"enemies":"Cultist","floor":4,"turns":1},{"damage":0,"enemies":"Jaw Worm","floor":5,"turns":1},{"damage":0,"enemies":"Lagavulin","floor":8,"turns":1},{"damage":0,"enemies":"Exordium Thugs","floor":14,"turns":1},{"damage":0,"enemies":"Slime Boss","floor":16,"turns":1},{"damage":0,"enemies":"3 Byrds","floor":18,"turns":1}],"seed_played":"7200908266138016856","potions_obtained":[{"floor":4,"key":"LiquidBronze"},{"floor":5,"key":"EssenceOfSteel"},{"floor":8,"key":"SteroidPotion"}],"is_trial":true,"path_per_floor":["M","$","?","M","M","R","R","E","T","?","$","T","R","M","R","B",null,"M"],"character_chosen":"THE_SERVANT","items_purchased":[],"campfire_rested":0,"item_purchase_floors":[],"current_hp_per_floor":[65,65,65,65,65,65,65,65,65,60,60,60,60,60,60,60,60,60,60],"gold":157,"neow_bonus":"","is_daily":false,"chose_seed":false,"campfire_upgraded":4,"win_rate":0.0,"timestamp":1613227740,"path_taken":["M","$","?","?","?","R","R","E","T","?","$","?","R","M","R","BOSS","M"],"items_purchased_type":[],"build_version":"2020-12-22","purchased_purges":2,"victory":false,"max_hp_per_floor":[65,65,65,65,65,65,65,65,65,60,60,60,60,60,60,60,60,60,60],"card_choices":[{"not_picked":["Spin","Ricochet","Replace"],"picked":"SKIP","floor":1},{"not_picked":["Comet","Replace","Alleviate"],"picked":"SKIP","floor":4},{"not_picked":["Comet","Replace","Alleviate"],"picked":"SKIP","floor":4},{"not_picked":["Foresight","DoubleEdge","SpecialFormula"],"picked":"SKIP","floor":5},{"not_picked":["Rewind","Replace"],"picked":"BottledTime","floor":8},{"not_picked":["FastForward","Defy"],"picked":"SurpressingFire","floor":14},{"not_picked":["SoulSculpture","Dilation"],"picked":"KillingDoll","floor":16}],"player_experience":18320,"relics_obtained":[{"floor":8,"key":"Tiny Chest"},{"floor":9,"key":"Sundial"},{"floor":12,"key":"Art of War"}],"event_choices":[{"damage_healed":0,"gold_gain":0,"player_choice":"Upgraded","damage_taken":0,"max_hp_gain":0,"max_hp_loss":0,"event_name":"Upgrade Shrine","floor":3,"gold_loss":0,"cards_upgraded":["Rearm"]},{"damage_healed":0,"gold_gain":0,"player_choice":"Lose Max HP","damage_taken":0,"relics_obtained":["Golden Idol"],"max_hp_gain":0,"max_hp_loss":5,"event_name":"Golden Idol","floor":10,"gold_loss":0}],"is_beta":false,"boss_relics":[{"not_picked":["StoneMask","Black Star"],"picked":"SplendidAttire"}],"items_purged_floors":[2,11],"is_endless":true,"potions_floor_spawned":[4,5,8],"killed_by":"3 Byrds","ascension_level":0}}