{"host":"q393yg6r5o2yq652","time":1613241670,"event":{"mods":["BaseMod","Colored Map","Minty Spire (QoL Compilation)","Relic Stats","everything is the same but u backflip on backflip"],"gold_per_floor":[119,129,129,79,79,79,104,57,57,88,88,104,104,114,114,211,211,228,228,143,158,178,207,207,235,235,334,348,348,35,48,48,148,148,163,163,163,163,163,177,212,224,224,224,236,236,40,60,60,60,60],"floor_reached":50,"language":"ENG","playtime":2597,"items_purged":[],"score":624,"play_id":"7bd80e5e-0004-4827-b38c-4ff34841c263","local_time":"20210213134110","is_ascension_mode":true,"campfire_choices":[{"data":"Neutralize","floor":6,"key":"SMITH"},{"floor":11,"key":"REST"},{"data":"Backflip","floor":13,"key":"SMITH"},{"data":"Blade Dance","floor":15,"key":"SMITH"},{"data":"Envenom","floor":24,"key":"SMITH"},{"data":"Catalyst","floor":29,"key":"SMITH"},{"floor":32,"key":"REST"},{"floor":44,"key":"REST"},{"floor":46,"key":"REST"},{"floor":49,"key":"RECALL"}],"circlet_count":0,"master_deck":["Strike_G+1","Strike_G+1","Strike_G+1","Strike_G+1","Strike_G+1","Survivor","Neutralize+1","PiercingWail","Riddle With Holes+1","Dash+1","Dagger Spray","Blade Dance+1","Endless Agony+1","Backflip+1","Glass Knife+1","Finisher+1","Grand Finale+1","All Out Attack+1","Prepared","Sucker Punch+1","Envenom+1","Catalyst+1","Accuracy+1","Deadly Poison","Outmaneuver","Infinite Blades+1","Prepared+1","Blade Dance","After Image","Enlightenment"],"relics":["Ring of the Snake","Lantern","Molten Egg 2","StrikeDummy","Astrolabe","Tingsha","Whetstone","Juzu Bracelet","Dead Branch","Fusion Hammer","Bronze Scales","The Courier"],"acts_visited":["Exordium","TheCity","TheBeyond"],"potions_floor_usage":[7,16,33,35,41,41,50,50],"damage_taken":[{"damage":7,"enemies":"2 Louse","floor":1,"turns":3},{"damage":8,"enemies":"Small Slimes","floor":2,"turns":4},{"damage":39,"enemies":"Lagavulin","floor":7,"turns":8},{"damage":3,"enemies":"Gremlin Nob","floor":10,"turns":4},{"damage":0,"enemies":"Cultist","floor":12,"turns":2},{"damage":0,"enemies":"3 Louse","floor":14,"turns":1},{"damage":21,"enemies":"Hexaghost","floor":16,"turns":9},{"damage":16,"enemies":"Shell Parasite","floor":18,"turns":3},{"damage":2,"enemies":"Chosen","floor":21,"turns":2},{"damage":6,"enemies":"Centurion and Healer","floor":22,"turns":3},{"damage":23,"enemies":"Book of Stabbing","floor":23,"turns":4},{"damage":0,"enemies":"Gremlin Leader","floor":25,"turns":4},{"damage":0,"enemies":"Cultist and Chosen","floor":28,"turns":3},{"damage":18,"enemies":"Snake Plant","floor":31,"turns":2},{"damage":12,"enemies":"Champ","floor":33,"turns":5},{"damage":2,"enemies":"3 Darklings","floor":35,"turns":4},{"damage":32,"enemies":"3 Shapes","floor":40,"turns":4},{"damage":3,"enemies":"Nemesis","floor":41,"turns":5},{"damage":0,"enemies":"Transient","floor":42,"turns":5},{"damage":22,"enemies":"Maw","floor":45,"turns":5},{"damage":34,"enemies":"Writhing Mass","floor":48,"turns":4},{"damage":31,"enemies":"Awakened One","floor":50,"turns":3}],"seed_played":"-8768765808200721017","potions_obtained":[{"floor":2,"key":"Fire Potion"},{"floor":7,"key":"Poison Potion"},{"floor":12,"key":"Energy Potion"},{"floor":14,"key":"SkillPotion"},{"floor":23,"key":"GhostInAJar"},{"floor":25,"key":"EntropicBrew"},{"floor":41,"key":"Fruit Juice"},{"floor":42,"key":"BlessingOfTheForge"},{"floor":48,"key":"SteroidPotion"}],"is_trial":false,"path_per_floor":["M","M","?","?","?","R","E","$","T","E","R","M","R","M","R","B",null,"M","?","?","M","M","E","R","E","T","?","M","R","$","M","R","B",null,"M","?","?","?","?","M","E","M","T","R","M","R","$","M","R","B"],"character_chosen":"THE_SILENT","items_purchased":["Blade Dance","Dead Branch","Deadly Poison","After Image","Enlightenment"],"campfire_rested":4,"item_purchase_floors":[8,30,30,47,47],"current_hp_per_floor":[70,62,62,62,55,55,16,16,16,13,36,36,36,36,36,15,77,61,61,61,59,53,30,30,30,30,30,30,30,30,12,35,23,77,75,73,66,66,66,34,36,36,36,59,37,60,60,26,26,0,0],"gold":60,"neow_bonus":"TEN_PERCENT_HP_BONUS","is_daily":false,"chose_seed":false,"campfire_upgraded":5,"win_rate":0.0,"timestamp":1613241670,"path_taken":["M","M","?","?","?","R","E","$","T","E","R","?","R","M","R","BOSS","M","?","?","M","M","E","R","E","T","?","M","R","$","M","R","BOSS","M","?","?","?","?","M","E","M","T","R","M","R","?","M","R","BOSS"],"items_purchased_type":["Card","Relic","Card","Card","Card"],"build_version":"2020-12-22","purchased_purges":0,"victory":false,"max_hp_per_floor":[77,77,77,77,77,77,77,77,77,77,77,77,77,77,77,77,77,77,77,77,77,77,77,77,77,77,77,77,77,77,77,77,77,77,77,73,73,73,73,73,78,78,78,78,78,78,78,78,78,78,78],"relic_stats":{"counters":[22,87],"Astrolabe":["Finisher","Grand Finale","All Out Attack"],"Dead Branch":[108],"Bronze Scales":[42],"Tingsha":[117],"Juzu Bracelet":1,"Whetstone":["Riddle With Holes","Dash"],"obtain_stats":[{"Lantern":7,"Astrolabe":17,"Dead Branch":30,"Bronze Scales":41,"Molten Egg 2":9,"Tingsha":20,"Fusion Hammer":34,"The Courier":43,"Juzu Bracelet":25,"Whetstone":23,"StrikeDummy":10,"Ring of the Snake":0},{"Lantern":3,"Astrolabe":7,"Dead Branch":13,"Bronze Scales":18,"Molten Egg 2":3,"Tingsha":8,"Fusion Hammer":15,"The Courier":19,"Juzu Bracelet":12,"Whetstone":11,"StrikeDummy":4,"Ring of the Snake":0},{"Lantern":15,"Astrolabe":31,"Dead Branch":50,"Bronze Scales":70,"Molten Egg 2":15,"Tingsha":34,"Fusion Hammer":57,"The Courier":75,"Juzu Bracelet":47,"Whetstone":43,"StrikeDummy":19,"Ring of the Snake":0}],"Ring of the Snake":[47]},"card_choices":[{"not_picked":["Bane","Blur"],"picked":"PiercingWail","floor":1},{"not_picked":["Finisher","Flying Knee"],"picked":"Riddle With Holes","floor":2},{"not_picked":["Riddle With Holes","Bane"],"picked":"Dagger Spray","floor":7},{"not_picked":["Infinite Blades","Doppelganger"],"picked":"Endless Agony+1","floor":10},{"not_picked":["Terror","Blade Dance"],"picked":"Backflip","floor":12},{"not_picked":["Poisoned Stab+1","Eviscerate+1","Skewer+1"],"picked":"SKIP","floor":14},{"not_picked":["Burst","Night Terror"],"picked":"Glass Knife+1","floor":16},{"not_picked":["Dodge and Roll","Riddle With Holes+1"],"picked":"Prepared","floor":18},{"not_picked":["Riddle With Holes+1","Leg Sweep","Dagger Spray+1"],"picked":"SKIP","floor":21},{"not_picked":["Noxious Fumes","Flying Knee+1"],"picked":"Sucker Punch+1","floor":22},{"not_picked":["Blur+1","Deflect+1"],"picked":"Envenom","floor":23},{"not_picked":["Deadly Poison","Flying Knee+1"],"picked":"Catalyst","floor":25},{"not_picked":["PiercingWail","Poisoned Stab+1"],"picked":"Accuracy+1","floor":28},{"not_picked":["Quick Slash+1","Underhanded Strike+1"],"picked":"Outmaneuver","floor":31},{"not_picked":["Night Terror","Venomology"],"picked":"Phantasmal Killer","floor":33},{"not_picked":["Sucker Punch+1","Dagger Throw+1"],"picked":"Infinite Blades+1","floor":35},{"not_picked":["Slice+1","Dagger Throw+1"],"picked":"Prepared+1","floor":40},{"not_picked":["Poisoned Stab+1","Malaise","Dash+1"],"picked":"SKIP","floor":41},{"not_picked":["Slice+1","Dagger Throw+1"],"picked":"Blade Dance","floor":42},{"not_picked":["Eviscerate+1","Backflip","Well Laid Plans+1"],"picked":"SKIP","floor":45},{"not_picked":["Reflex+1","Poisoned Stab+1","Dagger Throw+1"],"picked":"SKIP","floor":48}],"player_experience":311325,"relics_obtained":[{"floor":7,"key":"Lantern"},{"floor":9,"key":"Molten Egg 2"},{"floor":10,"key":"StrikeDummy"},{"floor":23,"key":"Whetstone"},{"floor":25,"key":"Juzu Bracelet"},{"floor":41,"key":"Bronze Scales"},{"floor":43,"key":"The Courier"}],"event_choices":[{"damage_healed":0,"gold_gain":0,"cards_transformed":["Defend_G"],"player_choice":"Change","damage_taken":0,"max_hp_gain":0,"max_hp_loss":0,"event_name":"Living Wall","floor":3,"gold_loss":0,"cards_obtained":["Dash"]},{"cards_removed":["Defend_G"],"damage_healed":0,"gold_gain":0,"player_choice":"Card Removal","damage_taken":0,"max_hp_gain":0,"max_hp_loss":0,"event_name":"The Cleric","floor":4,"gold_loss":50},{"damage_healed":0,"gold_gain":0,"player_choice":"Damaged","damage_taken":7,"max_hp_gain":0,"max_hp_loss":0,"event_name":"Wheel of Change","floor":5,"gold_loss":0},{"damage_healed":0,"gold_gain":0,"player_choice":"Simplicity","damage_taken":0,"max_hp_gain":0,"max_hp_loss":0,"event_name":"Back to Basics","floor":19,"gold_loss":0,"cards_upgraded":["Strike_G","Strike_G","Strike_G","Strike_G","Strike_G"]},{"damage_healed":0,"gold_gain":0,"player_choice":"Obtained Relic","damage_taken":0,"relics_obtained":["Tingsha"],"max_hp_gain":0,"max_hp_loss":0,"event_name":"Addict","floor":20,"gold_loss":85},{"damage_healed":0,"gold_gain":99,"player_choice":"Stole From Cult","damage_taken":0,"max_hp_gain":0,"max_hp_loss":0,"event_name":"Nest","floor":27,"gold_loss":0},{"damage_healed":0,"gold_gain":0,"player_choice":"Max HP","damage_taken":0,"max_hp_gain":0,"max_hp_loss":4,"event_name":"Winding Halls","floor":36,"gold_loss":0},{"damage_healed":0,"gold_gain":0,"player_choice":"Damaged","damage_taken":7,"max_hp_gain":0,"max_hp_loss":0,"event_name":"Wheel of Change","floor":37,"gold_loss":0},{"cards_removed":["Phantasmal Killer"],"damage_healed":0,"gold_gain":0,"player_choice":"Removed Skill","damage_taken":0,"max_hp_gain":0,"max_hp_loss":0,"event_name":"Falling","floor":38,"gold_loss":0},{"damage_healed":0,"gold_gain":0,"player_choice":"Ignored","damage_taken":0,"max_hp_gain":0,"max_hp_loss":0,"event_name":"SecretPortal","floor":39,"gold_loss":0}],"is_beta":false,"boss_relics":[{"not_picked":["Sozu","Cursed Key"],"picked":"Astrolabe"},{"not_picked":["Busted Crown","Empty Cage"],"picked":"Fusion Hammer"}],"items_purged_floors":[],"is_endless":false,"potions_floor_spawned":[2,7,12,14,23,25,31,41,42,48],"killed_by":"Awakened One","ascension_level":3}}