{"host":"zzgvnd5w85j1s2e6","time":1613220673,"event":{"mods":["Act Like it!","BaseMod","Hallownest","Minty Spire (QoL Compilation)","Replay The Spire","StSLib","The Bug Knight"],"gold_per_floor":[112,169,169,181,191,191,226,226,226,239,239,239,239,251,251,355,355,365,365,365,365,365,365,399,411,423,451,490,502,543,607,619,726,738,764,776,788,491,505,535,355,355,355,48,75,75,75,75,101,111,111,111,111,111,36,68,68],"floor_reached":58,"language":"ZHS","playtime":9404,"items_purged":["m_Survivalism"],"score":1494,"play_id":"b0d92c45-7326-4d85-8a09-b0998a220dd8","local_time":"20210213205113","is_ascension_mode":true,"campfire_choices":[{"data":"HollowMod:FocusHealStart","floor":6.0,"key":"SMITH"},{"data":"HollowMod:AbyssShriek","floor":8.0,"key":"SMITH"},{"data":"HollowMod:WraithStrike","floor":11.0,"key":"SMITH"},{"floor":13.0,"key":"REST"},{"floor":15.0,"key":"RECALL"},{"data":"HollowMod:SlysStrikes","floor":23.0,"key":"SMITH"},{"data":"HollowMod:CrystalDash","floor":29.0,"key":"SMITH"},{"data":"Hallownest:curseDreamersLament","floor":32.0,"key":"PURGE"},{"data":"HollowMod:ShadowDash","floor":46,"key":"SMITH"},{"data":"HollowMod:SiblingsSouls","floor":48,"key":"SMITH"},{"data":"HollowMod:MonarchWings","floor":51,"key":"SMITH"},{"data":"HollowMod:VoidDash","floor":54,"key":"SMITH"}],"circlet_count":0,"master_deck":["HollowMod:NailStrikeStart","HollowMod:NailStrikeStart","HollowMod:NailStrikeStart","HollowMod:QuickDashStart","HollowMod:QuickDashStart","HollowMod:QuickDashStart","HollowMod:FocusHealStart+1","HollowMod:PogoStrike","HollowMod:CrystalDash+1","HollowMod:WraithStrike+1","HollowMod:AbyssShriek+1","HollowMod:SlysStrikes+1","HollowMod:RecoilStrike+1","HollowMod:Hiveblood","HollowMod:VoidDash+1","HollowMod:VengefulVoid+1","HollowMod:MonarchWings+1","HollowMod:CloakDash+1","HollowMod:SiblingsSouls+1","HollowMod:ShadowDash+1","HollowMod:VoidDash","HollowMod:ShadowDash+1","HollowMod:ShadowDash"],"relics":["HollowMod:VesselMask","StoneCalendar","Anchor","Blood Vial","Philosopher\u0027s Stone","Hallownest:WatcherSealRelic","Divine Protection","MawBank","Gambling Chip","Mercury Hourglass","Ginger","Replay:Drink Me","Orrery","HollowMod:PaleOreRelic","Replay:Towering Pillar of Hats","Hallownest:StagBellRelic1","Calipers","Simple Rune","Hallownest:KingsIdolRelic","Replay:Kaleidoscope","HornCleat"],"acts_visited":["Exordium","Hallownest:CityofTears","Hallownest:KingdomsEdge","TheEnding"],"potions_floor_usage":[52,57,57,57],"damage_taken":[{"damage":5.0,"enemies":"Small Slimes","floor":1.0,"turns":3.0},{"damage":1.0,"enemies":"Jaw Worm","floor":4.0,"turns":4.0},{"damage":0.0,"enemies":"2 Louse","floor":5.0,"turns":2.0},{"damage":35.0,"enemies":"Lagavulin","floor":7.0,"turns":7.0},{"damage":37.0,"enemies":"Exordium Thugs","floor":10.0,"turns":4.0},{"damage":3.0,"enemies":"Blue Slaver","floor":14.0,"turns":6.0},{"damage":62.0,"enemies":"Hexaghost","floor":16.0,"turns":12.0},{"damage":12.0,"enemies":"Hallownest:Guard_and_Sentry","floor":18.0,"turns":3.0},{"damage":47.0,"enemies":"Hallownest:eliteSoulWarrior","floor":24.0,"turns":7.0},{"damage":0.0,"enemies":"Hallownest:Flukemon_and_Top","floor":27.0,"turns":4.0},{"damage":0.0,"enemies":"Hallownest:Nosk","floor":28.0,"turns":7.0},{"damage":0.0,"enemies":"Hallownest:eliteSoulWarrior","floor":30.0,"turns":7.0},{"damage":19.0,"enemies":"Hallownest:Glutton_and_Coward","floor":31.0,"turns":4.0},{"damage":110.0,"enemies":"Hallownest:BossMantisLord","floor":33.0,"turns":7.0},{"damage":12,"enemies":"Hallownest:Shield_Heavy","floor":35,"turns":5},{"damage":0,"enemies":"Hallownest:2_Littles","floor":39,"turns":7},{"damage":8,"enemies":"Hallownest:eliteCollector","floor":40,"turns":7},{"damage":6,"enemies":"Hallownest:eliteHiveKnight","floor":49,"turns":7},{"damage":0,"enemies":"Hallownest:monsterPrimalAspid","floor":50,"turns":4},{"damage":0,"enemies":"Hallownest:Radiance","floor":52,"turns":11},{"damage":0,"enemies":"Shield and Spear","floor":56,"turns":5},{"damage":0,"enemies":"The Heart","floor":57,"turns":9}],"seed_played":"-1647329030657487099","potions_obtained":[{"floor":2.0,"key":"SkillPotion"},{"floor":2.0,"key":"FairyPotion"},{"floor":4.0,"key":"Adrenaline Potion"},{"floor":7.0,"key":"Doom Potion"},{"floor":16.0,"key":"Death Potion"},{"floor":18.0,"key":"LiquidBronze"},{"floor":28.0,"key":"Strength Potion"},{"floor":33.0,"key":"BlessingOfTheForge"},{"floor":35,"key":"Doom Potion"},{"floor":56,"key":"Elixir"}],"is_trial":false,"path_per_floor":["M","?","?","M","M","R","E","R","T","M","R","?","R","M","R","B",null,"M","?","?","?","?","R","E","$","T","M","E","R","E","M","R","B",null,"M","$","?","$","M","E","?","PTL","PTL","$","T","R","?","R","E","M","R","B",null,"R","$","E","B",null],"character_chosen":"THE_BUGKNIGHT","items_purchased":["Orrery","HollowMod:PaleOreRelic","Calipers"],"campfire_rested":1,"item_purchase_floors":[38,38,44],"current_hp_per_floor":[75,75,75,74,74,74,45,45,45,16,16,16,38,49,49,1,75,69,69,69,69,69,69,34,34,34,42,54,54,68,61,61,3,57,51,51,51,51,53,47,47,47,47,47,47,47,43,43,53,55,55,57,57,57,57,57,57],"gold":68,"neow_bonus":"ONE_RARE_RELIC","is_daily":false,"chose_seed":false,"campfire_upgraded":9,"win_rate":0.0,"timestamp":1613220673,"path_taken":["M","?","?","M","M","R","E","R","T","M","R","?","R","M","R","BOSS","M","?","?","?","?","R","E","$","T","?","E","R","E","M","R","BOSS","M","$","?","$","M","E","?","PTL","PTL","$","T","R","?","R","E","M","R","BOSS","R","$","E","BOSS"],"items_purchased_type":["Relic","Relic","Relic"],"build_version":"2020-12-22","purchased_purges":1,"victory":true,"max_hp_per_floor":[75,75,75,75,75,75,75,75,75,75,75,75,75,75,75,75,75,75,75,75,75,75,75,75,75,75,75,75,75,75,75,75,75,57,57,57,57,57,57,57,57,57,57,57,57,57,57,57,57,57,57,57,57,57,57,57,57],"card_choices":[{"not_picked":["HollowMod:TaintedHusks","HollowMod:InfectedCysts","HollowMod:HeavyBlow"],"picked":"SKIP","floor":1.0},{"not_picked":["HollowMod:CycloneSlash","HollowMod:ChannelNail"],"picked":"HollowMod:CrystalDash","floor":2.0},{"not_picked":["HollowMod:DashSlash","HollowMod:GrimmsGift","HollowMod:Weaversong"],"picked":"SKIP","floor":4.0},{"not_picked":["HollowMod:LifebloodCocoon","HollowMod:CycloneSlash"],"picked":"HollowMod:WraithStrike","floor":5.0},{"not_picked":["HollowMod:InfectedAttack","HollowMod:NewJinnsSoul"],"picked":"HollowMod:AbyssShriek","floor":7.0},{"not_picked":["HollowMod:InfectedCysts","HollowMod:GreatSlash","HollowMod:LifebloodCocoon"],"picked":"SKIP","floor":10.0},{"not_picked":["HollowMod:MidwifesHunger","HollowMod:ChannelNail","HollowMod:SoulStrike"],"picked":"SKIP","floor":14.0},{"not_picked":["HollowMod:Hiveblood","HollowMod:ZotesMagnificence"],"picked":"HollowMod:SlysStrikes","floor":16.0},{"not_picked":["HollowMod:DreamGate","HollowMod:GrimmsGift"],"picked":"HollowMod:RecoilStrike+1","floor":18.0},{"not_picked":["HollowMod:GrimmsGift","HollowMod:theNailsmith","HollowMod:MothsMistake+1"],"picked":"SKIP","floor":24.0},{"not_picked":["HollowMod:CornifersMapStart","HollowMod:SoulShaman+1","HollowMod:GoodIntentions"],"picked":"SKIP","floor":27.0},{"not_picked":["HollowMod:CornifersMapStart","HollowMod:SoulShaman+1","HollowMod:GoodIntentions"],"picked":"SKIP","floor":27.0},{"not_picked":["HollowMod:InfectedCysts","HollowMod:NewLittleFool+1","HollowMod:DashSlash"],"picked":"SKIP","floor":28.0},{"not_picked":["HollowMod:Grubsong+1","HollowMod:GoodIntentions"],"picked":"HollowMod:Hiveblood","floor":30.0},{"not_picked":["HollowMod:BrokenVessel","HollowMod:FastStrike","HollowMod:SoulShaman"],"picked":"SKIP","floor":31.0},{"not_picked":["HollowMod:BrokenVessel","HollowMod:FastStrike","HollowMod:SoulShaman"],"picked":"SKIP","floor":31.0},{"not_picked":["HollowMod:SlysStrikes","HollowMod:AwokenDreamNail"],"picked":"HollowMod:VoidDash","floor":33.0},{"not_picked":["HollowMod:GoodIntentions+1","HollowMod:HeavyBlow+1","HollowMod:InfectedAttack"],"picked":"SKIP","floor":35},{"not_picked":["HollowMod:DungDefenderAura+1","HollowMod:LifebloodCocoon"],"picked":"HollowMod:VengefulVoid+1","floor":38},{"not_picked":["HollowMod:HornetsHelp","HollowMod:PureNailStrike+1"],"picked":"HollowMod:MonarchWings","floor":38},{"not_picked":["HollowMod:LifebloodCocoon","HollowMod:NewJinnsSoul"],"picked":"HollowMod:CloakDash+1","floor":38},{"not_picked":["HollowMod:PerfectDash+1","HollowMod:DoubleDash+1"],"picked":"HollowMod:SiblingsSouls","floor":38},{"not_picked":["HollowMod:DesolateDive","HollowMod:ElderbugsWisdom"],"picked":"HollowMod:ShadowDash","floor":39},{"not_picked":["HollowMod:SoulStrike","HollowMod:SharpenedNail"],"picked":"HollowMod:VoidDash","floor":40},{"not_picked":["HollowMod:InfectedAttack","HollowMod:CycloneSlash+1"],"picked":"HollowMod:ShadowDash+1","floor":49},{"not_picked":["HollowMod:DashSlash","HollowMod:InfectedAttack","HollowMod:SoulVessel"],"picked":"SKIP","floor":50},{"not_picked":["HollowMod:Grubsong+1","HollowMod:HeavyBlow+1"],"picked":"HollowMod:ShadowDash","floor":56}],"player_experience":427611,"relics_obtained":[{"floor":2.0,"key":"Anchor"},{"floor":7.0,"key":"Blood Vial"},{"floor":24.0,"key":"MawBank"},{"floor":26.0,"key":"Gambling Chip"},{"floor":28.0,"key":"Mercury Hourglass"},{"floor":30.0,"key":"Ginger"},{"floor":40,"key":"Replay:Towering Pillar of Hats"},{"floor":45,"key":"Simple Rune"},{"floor":49,"key":"Replay:Kaleidoscope"},{"floor":56,"key":"HornCleat"}],"event_choices":[{"damage_healed":0.0,"max_hp_gain":0.0,"max_hp_loss":0.0,"gold_gain":0.0,"event_name":"Liars Game","player_choice":"Ignored","floor":12.0,"gold_loss":0.0,"damage_taken":0.0}],"is_beta":false,"boss_relics":[{"not_picked":["Cursed Key","Honey Jar"],"picked":"Philosopher\u0027s Stone"},{"not_picked":["Replay:Ancient Bell","Velvet Choker"],"picked":"Replay:Drink Me"}],"items_purged_floors":[55],"is_endless":false,"potions_floor_spawned":[4,7,10,16,18,28,31,33,35,49,56],"ascension_level":2}}