{"host":"mb4cisebr17g8vuz","time":1613241418,"event":{"mods":["AchievementEnabler","BaseMod","Colored Map","Colored Powertips","Minty Spire (QoL Compilation)","SuperFastMode","everything is the same but u backflip on backflip"],"gold_per_floor":[115,128,128,128,141,174,174,191,191,205,41,59,78,96,96,167,167,178,5,20,39,39,39,74,36,36,36,56,56,69,85,85,85,85],"floor_reached":33,"language":"KOR","playtime":1414,"items_purged":["Strike_R"],"score":532,"play_id":"3c9a43ae-6005-47fd-8ec9-422b57656bd4","local_time":"20210213133658","is_ascension_mode":true,"campfire_choices":[{"data":"Corruption","floor":7.0,"key":"SMITH"},{"data":"Body Slam","floor":15.0,"key":"SMITH"},{"data":"Dual Wield","floor":23.0,"key":"SMITH"},{"data":"Burning Pact","floor":27.0,"key":"SMITH"},{"data":"Power Through","floor":32,"key":"SMITH"}],"circlet_count":0,"master_deck":["AscendersBane","Strike_R","Strike_R+1","Strike_R+1","Defend_R","Defend_R","Defend_R","Defend_R","Bash","Iron Wave","Uppercut+1","Power Through+1","Corruption+1","Body Slam+1","Shrug It Off","Sentinel","Dual Wield+1","Shrug It Off","Offering","Burning Pact+1","Flame Barrier"],"relics":["Burning Blood","Letter Opener","Meat on the Bone","Orrery","Cursed Key","Membership Card","Self Forming Clay"],"acts_visited":["Exordium","TheCity"],"potions_floor_usage":[31,33],"damage_taken":[{"damage":0.0,"enemies":"2 Louse","floor":1.0,"turns":2.0},{"damage":12.0,"enemies":"Small Slimes","floor":2.0,"turns":4.0},{"damage":0.0,"enemies":"Cultist","floor":5.0,"turns":2.0},{"damage":25.0,"enemies":"Lagavulin","floor":6.0,"turns":6.0},{"damage":6.0,"enemies":"2 Fungi Beasts","floor":8.0,"turns":4.0},{"damage":7.0,"enemies":"Exordium Wildlife","floor":10.0,"turns":4.0},{"damage":0.0,"enemies":"Large Slime","floor":12.0,"turns":5.0},{"damage":0.0,"enemies":"Blue Slaver","floor":13.0,"turns":3.0},{"damage":8.0,"enemies":"3 Louse","floor":14.0,"turns":4.0},{"damage":28.0,"enemies":"The Guardian","floor":16.0,"turns":11.0},{"damage":6.0,"enemies":"Chosen","floor":18.0,"turns":5.0},{"damage":15.0,"enemies":"2 Thieves","floor":20.0,"turns":4.0},{"damage":17.0,"enemies":"Centurion and Healer","floor":21.0,"turns":6.0},{"damage":19.0,"enemies":"Book of Stabbing","floor":24.0,"turns":4.0},{"damage":21.0,"enemies":"Snake Plant","floor":28.0,"turns":3.0},{"damage":7.0,"enemies":"Snecko","floor":30.0,"turns":5.0},{"damage":22,"enemies":"Chosen and Byrds","floor":31,"turns":6},{"damage":62,"enemies":"Collector","floor":33,"turns":8}],"seed_played":"6108677251835271532","potions_obtained":[{"floor":2.0,"key":"FairyPotion"},{"floor":5.0,"key":"AttackPotion"},{"floor":8.0,"key":"Weak Potion"},{"floor":13.0,"key":"Strength Potion"},{"floor":20.0,"key":"Ancient Potion"},{"floor":21.0,"key":"Strength Potion"},{"floor":24.0,"key":"SkillPotion"},{"floor":30.0,"key":"Explosive Potion"}],"is_trial":false,"path_per_floor":["M","M","?","?","M","E","R","M","T","M","$","M","M","M","R","B",null,"M","$","M","M","?","R","E","$","T","R","M","?","M","M","R","B"],"character_chosen":"IRONCLAD","items_purchased":["Orrery","Membership Card"],"campfire_rested":0,"item_purchase_floors":[11,19],"current_hp_per_floor":[74,68,45,45,51,32,32,32,32,43,43,49,55,53,53,43,67,67,67,58,47,47,47,46,46,46,46,43,43,54,50,50,0,0],"gold":85,"neow_bonus":"TRANSFORM_CARD","is_daily":false,"chose_seed":false,"campfire_upgraded":5,"win_rate":0.0,"timestamp":1613241418,"path_taken":["M","M","?","?","M","E","R","M","T","M","$","M","?","M","R","BOSS","M","$","M","M","?","R","E","$","T","R","M","?","M","M","R","BOSS"],"items_purchased_type":["Relic","Relic"],"build_version":"2020-12-22","purchased_purges":1,"victory":false,"max_hp_per_floor":[75,75,75,75,75,75,75,75,75,75,75,75,75,75,75,75,75,75,75,75,75,75,75,75,75,75,75,75,75,75,75,75,75,75],"card_choices":[{"not_picked":["True Grit","Iron Wave","Infernal Blade"],"picked":"SKIP","floor":1.0},{"not_picked":["Pommel Strike","Intimidate"],"picked":"Uppercut","floor":2.0},{"not_picked":["Blood for Blood","Clothesline"],"picked":"Power Through","floor":5.0},{"not_picked":["Flex","Iron Wave"],"picked":"Corruption","floor":6.0},{"not_picked":["Carnage","Anger"],"picked":"Body Slam","floor":8.0},{"not_picked":["Perfected Strike","Clash","Body Slam"],"picked":"SKIP","floor":10.0},{"not_picked":["Berserk","Metallicize"],"picked":"Shrug It Off","floor":11.0},{"not_picked":["Armaments","Perfected Strike"],"picked":"Sentinel","floor":11.0},{"not_picked":["Infernal Blade","Warcry"],"picked":"Dual Wield","floor":11.0},{"not_picked":["Power Through","Infernal Blade","Intimidate"],"picked":"SKIP","floor":12.0},{"not_picked":["Power Through","Infernal Blade","Intimidate"],"picked":"SKIP","floor":12.0},{"not_picked":["Feed","Infernal Blade","Headbutt"],"picked":"SKIP","floor":13.0},{"not_picked":["Rupture","Anger"],"picked":"Shrug It Off","floor":14.0},{"not_picked":["Bludgeon","Berserk"],"picked":"Offering","floor":16.0},{"not_picked":["Fire Breathing","Thunderclap"],"picked":"Burning Pact","floor":18.0},{"not_picked":["Havoc","Iron Wave","Pommel Strike"],"picked":"SKIP","floor":20.0},{"not_picked":["Thunderclap","Dual Wield","Heavy Blade"],"picked":"SKIP","floor":21.0},{"not_picked":["Berserk","Searing Blow"],"picked":"Flame Barrier","floor":24.0},{"not_picked":["Headbutt","Infernal Blade","Pummel+1"],"picked":"SKIP","floor":28.0},{"not_picked":["Body Slam","Perfected Strike","Shrug It Off"],"picked":"SKIP","floor":30.0},{"not_picked":["Heavy Blade","Power Through","Warcry"],"picked":"SKIP","floor":31}],"player_experience":255165,"relics_obtained":[{"floor":6.0,"key":"Letter Opener"},{"floor":9.0,"key":"Meat on the Bone"},{"floor":24.0,"key":"Self Forming Clay"}],"event_choices":[{"damage_healed":0.0,"max_hp_gain":0.0,"max_hp_loss":0.0,"gold_gain":0.0,"event_name":"Shining Light","player_choice":"Entered Light","floor":3.0,"gold_loss":0.0,"damage_taken":23.0,"cards_upgraded":["Strike_R","Strike_R"]},{"damage_healed":0.0,"max_hp_gain":0.0,"max_hp_loss":0.0,"gold_gain":0.0,"event_name":"Upgrade Shrine","player_choice":"Upgraded","floor":4.0,"gold_loss":0.0,"damage_taken":0.0,"cards_upgraded":["Uppercut"]},{"damage_healed":0.0,"max_hp_gain":0.0,"max_hp_loss":0.0,"gold_gain":0.0,"event_name":"Vampires","player_choice":"Ignored","floor":29.0,"gold_loss":0.0,"damage_taken":0.0}],"is_beta":false,"boss_relics":[{"not_picked":["Runic Cube","Empty Cage"],"picked":"Cursed Key"}],"items_purged_floors":[25],"is_endless":false,"potions_floor_spawned":[2,5,8,13,14,20,21,24,30],"killed_by":"Collector","ascension_level":19}}