{"host":"xsuxkwaivmtd234a","time":1613252855,"event":{"mods":["BaseMod","Colored Map","Filter the Spire","Minty Spire (QoL Compilation)","Relic Stats","StSLib"],"gold_per_floor":[116,191,208,219,219,244,0,33,33,33,59,59,87,112,112,112,112],"floor_reached":16,"language":"ENG","playtime":728,"items_purged":[],"score":189,"play_id":"c153e6f1-8329-4495-9d32-9b5d38e274d0","local_time":"20210213164735","is_ascension_mode":true,"campfire_choices":[{"data":"Inflame","floor":10,"key":"SMITH"},{"data":"Bash","floor":12,"key":"SMITH"},{"data":"Clothesline","floor":15,"key":"SMITH"}],"circlet_count":0,"master_deck":["Strike_R","Strike_R","Strike_R","Strike_R","Strike_R","Defend_R","Defend_R","Defend_R","Defend_R","Bash+1","Offering","Whirlwind+1","Thunderclap","Exhume","Impervious","Inflame+1","Clothesline+1","Feel No Pain"],"relics":["Burning Blood","Sundial","Ornamental Fan","Singing Bowl","Darkstone Periapt","TungstenRod","Odd Mushroom"],"acts_visited":["Exordium"],"potions_floor_usage":[8,11,11,13],"damage_taken":[{"damage":11,"enemies":"Jaw Worm","floor":1,"turns":4},{"damage":4,"enemies":"Small Slimes","floor":3,"turns":3},{"damage":7,"enemies":"2 Louse","floor":4,"turns":2},{"damage":36,"enemies":"Gremlin Nob","floor":6,"turns":4},{"damage":0,"enemies":"3 Sentries","floor":8,"turns":3},{"damage":20,"enemies":"Lagavulin","floor":11,"turns":7},{"damage":12,"enemies":"Gremlin Nob","floor":13,"turns":3},{"damage":10,"enemies":"The Mushroom Lair","floor":14,"turns":2},{"damage":27,"enemies":"Hexaghost","floor":16,"turns":9}],"seed_played":"-3852259687126090265","potions_obtained":[{"floor":1,"key":"BloodPotion"},{"floor":3,"key":"PowerPotion"},{"floor":11,"key":"FearPotion"}],"is_trial":false,"path_per_floor":["M","?","M","M","?","E","$","E","T","R","E","R","E","?","R","B"],"character_chosen":"IRONCLAD","items_purchased":["Impervious","Inflame","SteroidPotion"],"campfire_rested":0,"item_purchase_floors":[7,7,7],"current_hp_per_floor":[67,56,58,57,57,27,27,33,33,33,33,33,29,27,27,0,0],"gold":112,"neow_bonus":"THREE_RARE_CARDS","is_daily":false,"chose_seed":false,"campfire_upgraded":3,"win_rate":0.0,"timestamp":1613252855,"path_taken":["M","?","M","M","?","E","$","E","T","R","E","R","E","?","R","BOSS"],"items_purchased_type":["Card","Card","Potion"],"build_version":"2020-12-22","purchased_purges":0,"victory":false,"max_hp_per_floor":[72,72,72,72,72,72,72,72,72,72,72,72,74,76,76,76,76],"relic_stats":{"Darkstone Periapt":0,"Singing Bowl":4,"counters":[9,37],"Sundial":[2],"Ornamental Fan":[8],"obtain_stats":[{"Darkstone Periapt":11,"Singing Bowl":9,"Sundial":6,"Ornamental Fan":8,"Odd Mushroom":14,"Burning Blood":0,"TungstenRod":13},{"Darkstone Periapt":6,"Singing Bowl":5,"Sundial":4,"Ornamental Fan":5,"Odd Mushroom":8,"Burning Blood":0,"TungstenRod":7},{"Darkstone Periapt":23,"Singing Bowl":16,"Sundial":13,"Ornamental Fan":16,"Odd Mushroom":28,"Burning Blood":0,"TungstenRod":26}],"Burning Blood":48,"TungstenRod":16},"card_choices":[{"not_picked":["Exhume","Juggernaut"],"picked":"Offering","floor":0},{"not_picked":["Thunderclap","Heavy Blade"],"picked":"Whirlwind","floor":1},{"not_picked":["Entrench","Cleave"],"picked":"Thunderclap","floor":3},{"not_picked":["Shrug It Off","Sever Soul","Flex"],"picked":"SKIP","floor":4},{"not_picked":["Heavy Blade","Combust"],"picked":"Exhume","floor":6},{"not_picked":["Combust","Dark Embrace"],"picked":"Clothesline","floor":8},{"not_picked":["Flex","Hemokinesis"],"picked":"Feel No Pain","floor":11},{"not_picked":["Clothesline","Anger","Twin Strike"],"picked":"Singing Bowl","floor":13},{"not_picked":["Heavy Blade","Wild Strike","Body Slam"],"picked":"Singing Bowl","floor":14}],"player_experience":1255559,"relics_obtained":[{"floor":6,"key":"Sundial"},{"floor":8,"key":"Ornamental Fan"},{"floor":9,"key":"Singing Bowl"},{"floor":11,"key":"Darkstone Periapt"},{"floor":13,"key":"TungstenRod"},{"floor":14,"key":"Odd Mushroom"}],"event_choices":[{"damage_healed":0,"gold_gain":75,"player_choice":"Gather Gold","damage_taken":11,"max_hp_gain":0,"max_hp_loss":0,"event_name":"World of Goop","floor":2,"gold_loss":0},{"damage_healed":0,"gold_gain":0,"player_choice":"Grow","damage_taken":0,"max_hp_gain":0,"max_hp_loss":0,"event_name":"Living Wall","floor":5,"gold_loss":0,"cards_upgraded":["Whirlwind"]},{"damage_healed":0,"gold_gain":0,"player_choice":"Fought Mushrooms","damage_taken":0,"max_hp_gain":0,"max_hp_loss":0,"event_name":"Mushrooms","floor":14,"gold_loss":0}],"is_beta":false,"boss_relics":[],"items_purged_floors":[],"is_endless":false,"potions_floor_spawned":[1,3,11],"killed_by":"Hexaghost","ascension_level":5}}