{"host":"c9m2z2wmcavfgdp8","time":1613234746,"event":{"mods":["2.2 Compatiblity","Act Like it!","Aspiration","BaseMod","Better Third Choice","Conspire","Downfall","Ekko","Elementarium","Energized Spire","Friendly Minions","GifTheSpireLib","Hallownest","Hermit","Hubris","Infinite Spire","Jorbs\u0027s Wanderer Trilogy","Koishi","Luminous","Marisa????????","Menagerie","Minty Spire (QoL Compilation)","Pale of the Ancients","Permanent Neow","Potionbrewer","Prisma Mod","READ ME - Guardian Mod","Remilia??????","Replay The Spire","SCP261 Mod","Shop Mod","StSLib","The Animator","The Blackbeard","The Bug Knight","The Cursed","The Death Knight","The Disciple","The Exalted","The Hierophant","The Necromancer","The Servant 0.9.4","TheBandit","TheFirefly"],"gold_per_floor":[99,110,125,125,139,139,139,155,188,208,208,222,222,257,271,366,366,366,383,401,416,416,416,416,442,462,462,484,509,509,509,509],"floor_reached":31,"language":"ENG","playtime":4734,"items_purged":[],"score":269,"play_id":"e0d611e0-a869-438e-8c9a-1e8b460563aa","local_time":"20210213174546","is_ascension_mode":false,"campfire_choices":[{"floor":1,"key":"RECALL"},{"data":"hermit:FlashPowder","floor":6,"key":"SMITH"},{"data":"Menagerie:Staggershock","floor":11,"key":"SMITH"},{"data":"hermit:HeroicBravado","floor":13,"key":"SMITH"},{"data":"hermit:CursedWeapon","floor":23,"key":"SMITH"},{"data":"hermit:FromBeyond","floor":27,"key":"SMITH"},{"floor":30,"key":"REST"}],"circlet_count":0,"master_deck":["hermit:Strike_Hermit","hermit:Strike_Hermit","hermit:Strike_Hermit","hermit:Defend_Hermit","hermit:Defend_Hermit","hermit:Defend_Hermit","hermit:Defend_Hermit","hermit:Snapshot+1","hermit:Covet","hermit:BigShot","hermit:Feint","hermit:Determination","Doubt","Menagerie:LoxodonWarhammer","Menagerie:DarkRitual","Menagerie:Staggershock+1","hermit:FlashPowder+1","hermit:HeroicBravado+1","hermit:Enervate","hermit:Virtue","hermit:Shortfuse","hermit:Deadeye","hermit:FromBeyond+1","hermit:CursedWeapon+1","hermit:Dive","hermit:Determination"],"relics":["hermit:Momento","Guardian:GemstoneGun","Snack Pack","Ancient Tea Set","Black Star","DeathKnight:SindragosasSkull","CeramicFish","Replay:Baseball"],"acts_visited":["Exordium","Menagerie:Menagerie"],"potions_floor_usage":[9,12,19,25,25,26],"damage_taken":[{"damage":5,"enemies":"Menagerie:WhisperingWraith","floor":2,"turns":4},{"damage":0,"enemies":"Menagerie:StygianBoar","floor":3,"turns":4},{"damage":15,"enemies":"Menagerie:MonstrousExperiment","floor":5,"turns":6},{"damage":1,"enemies":"Menagerie:KEEPER_AND_YOUNG_SUNEATER","floor":8,"turns":6},{"damage":7,"enemies":"Menagerie:MaskedSummoner","floor":9,"turns":12},{"damage":0,"enemies":"Menagerie:RedMage","floor":10,"turns":6},{"damage":5,"enemies":"Menagerie:DREAD_MOTH_AND_GRAFTED_WORMS","floor":12,"turns":3},{"damage":1,"enemies":"Menagerie:Hydra","floor":14,"turns":5},{"damage":0,"enemies":"Menagerie:Hexasnake","floor":15,"turns":5},{"damage":48,"enemies":"WA_ARCHETYPE_RETAIN","floor":16,"turns":8},{"damage":0,"enemies":"Elementarium:2_ELEMENTALS","floor":19,"turns":3},{"damage":4,"enemies":"Elementarium:MUD_AND_TAR_GOLEMS","floor":20,"turns":4},{"damage":38,"enemies":"Elementarium:CYCLONE_AND_LIVING_STORMCLOUD","floor":21,"turns":7},{"damage":20,"enemies":"Elementarium:WarGolem","floor":25,"turns":6},{"damage":11,"enemies":"Elementarium:Hydrostalker","floor":26,"turns":7},{"damage":21,"enemies":"Elementarium:VoidBeast","floor":28,"turns":5},{"damage":34,"enemies":"Nightmare","floor":31,"turns":8}],"seed_played":"8608308818964543366","potions_obtained":[{"floor":5,"key":"LiquidBronze"},{"floor":9,"key":"SkillPotion"},{"floor":10,"key":"hermit:Tonic"},{"floor":14,"key":"AttackPotion"},{"floor":16,"key":"potionbrewer:CleansingPotion"},{"floor":25,"key":"Block Potion"}],"is_trial":false,"path_per_floor":["R","M","M","?","M","R","T","M","E","M","R","M","R","E","M","B",null,"R","M","M","M","?","R","T","E","M","R","M","T","R","NM"],"character_chosen":"HERMIT","items_purchased":[],"campfire_rested":1,"item_purchase_floors":[],"current_hp_per_floor":[75,70,70,68,56,56,56,59,56,62,62,59,59,66,68,24,68,68,68,67,33,40,40,40,24,21,21,8,8,28,0,0],"gold":509,"neow_bonus":"TRANSFORM_CARD","is_daily":false,"chose_seed":false,"campfire_upgraded":5,"win_rate":0.0,"timestamp":1613234746,"path_taken":["R","M","M","?","M","R","T","M","E","M","R","M","R","E","M","BOSS","R","M","M","M","?","R","T","E","?","R","M","?","R","NM"],"items_purchased_type":[],"build_version":"2020-12-22","purchased_purges":0,"victory":false,"max_hp_per_floor":[75,75,75,68,68,68,68,68,68,68,68,68,68,68,68,68,68,68,68,68,68,68,68,68,68,68,68,68,68,68,68,68],"card_choices":[{"not_picked":["hermit:Misfire","hermit:Snipe"],"picked":"hermit:Feint","floor":2},{"not_picked":["hermit:Gestalt","hermit:Coalescence"],"picked":"hermit:Determination","floor":3},{"not_picked":["Menagerie:WallOfBlossoms","Menagerie:CrumblingSanctuary"],"picked":"Menagerie:LoxodonWarhammer","floor":4},{"not_picked":["Menagerie:CrumblingSanctuary","Menagerie:SuddenReclamation"],"picked":"Menagerie:DarkRitual","floor":4},{"not_picked":["Menagerie:Foresee","Menagerie:Tinker"],"picked":"Menagerie:Staggershock","floor":4},{"not_picked":["hermit:HighCaliber","hermit:Quickdraw"],"picked":"hermit:FlashPowder","floor":5},{"not_picked":["hermit:HoleUp","hermit:Coalescence"],"picked":"hermit:HeroicBravado","floor":8},{"not_picked":["hermit:FlashPowder","hermit:SprayPray"],"picked":"hermit:Enervate","floor":9},{"not_picked":["hermit:ItchyTrigger","hermit:Snipe"],"picked":"hermit:Virtue","floor":10},{"not_picked":["hermit:HighCaliber","hermit:Headshot"],"picked":"hermit:Shortfuse","floor":12},{"not_picked":["hermit:Vantage","hermit:LuckOfTheDraw"],"picked":"hermit:Deadeye","floor":14},{"not_picked":["hermit:Feint","hermit:DeadMansHand","hermit:BodyArmor"],"picked":"SKIP","floor":15},{"not_picked":["hermit:DeadOrAlive","hermit:Reprieve"],"picked":"hermit:FromBeyond","floor":16},{"not_picked":["hermit:Snipe","hermit:FullyLoaded","hermit:Coalescence"],"picked":"SKIP","floor":19},{"not_picked":["hermit:Misfire","hermit:Manifest"],"picked":"hermit:CursedWeapon","floor":20},{"not_picked":["hermit:Feint","hermit:FullyLoaded"],"picked":"hermit:Dive","floor":21},{"not_picked":["hermit:WideOpen","hermit:Headshot","hermit:Manifest"],"picked":"SKIP","floor":25},{"not_picked":["hermit:Cheat+1","hermit:Roulette+1","hermit:ItchyTrigger+1"],"picked":"SKIP","floor":26},{"not_picked":["hermit:CursedWeapon","hermit:Purgatory"],"picked":"hermit:Determination","floor":28}],"player_experience":1650278,"relics_obtained":[{"floor":7,"key":"Guardian:GemstoneGun"},{"floor":9,"key":"Snack Pack"},{"floor":14,"key":"Ancient Tea Set"},{"floor":25,"key":"DeathKnight:SindragosasSkull"},{"floor":25,"key":"CeramicFish"},{"floor":29,"key":"Replay:Baseball"}],"event_choices":[{"damage_healed":0,"gold_gain":0,"player_choice":"Read","damage_taken":0,"max_hp_gain":0,"max_hp_loss":7,"event_name":"Menagerie:OvergrownLibrary","floor":4,"gold_loss":0,"cards_obtained":["Doubt"]},{"damage_healed":0,"gold_gain":0,"player_choice":"Meditate","damage_taken":0,"max_hp_gain":0,"max_hp_loss":0,"event_name":"Elementarium:SculptureGarden","floor":18,"gold_loss":0,"cards_upgraded":["hermit:Snapshot"]}],"is_beta":false,"boss_relics":[{"not_picked":["Replay:Grab Bag","Bromod:ArcaneGrace"],"picked":"Black Star"}],"items_purged_floors":[],"is_endless":false,"potions_floor_spawned":[5,9,10,14,16,25],"killed_by":"Nightmare","ascension_level":0}}