{"host":"onfdonezo2qmaex3","time":1613230337,"event":{"mods":["2.2 Compatiblity","AchievementEnabler","Act Like it!","Aspiration","BaseMod","Colored Powertips","Downfall","Friendly Minions","Gensokyo","Hallownest","Hermit","Highlight Path","Jorbs\u0027s Wanderer Trilogy","Marisa????????","Marked Mod","Minty Spire (QoL Compilation)","Quick Restart","Reliquary","Shop Mod","StSLib","The Disciple","The Hayseed","The Marked","The Runesmith"],"gold_per_floor":[111,211,228,88,88,88,116,44,71,71,84,11,31,65,65,168,168,168],"floor_reached":17,"language":"ENG","playtime":441,"items_purged":[],"score":213,"play_id":"b1db86fa-6af7-4656-b790-d51746212e22","local_time":"20210213163217","is_ascension_mode":true,"campfire_choices":[{"data":"Blade Dance","floor":6,"key":"SMITH"},{"data":"Noxious Fumes","floor":10,"key":"SMITH"},{"data":"Deadly Poison","floor":15,"key":"SMITH"}],"circlet_count":0,"master_deck":["Strike_G","Strike_G","Defend_G","Defend_G","Defend_G","Defend_G","Defend_G","Survivor","Neutralize","Blade Dance+1","Cloak And Dagger","Noxious Fumes+1","Deadly Poison+1","Gensokyo:BlemishedSteel","Bane"],"relics":["Ring of the Snake","NeowsBlessing","The Specimen","Paper Crane","StoneCalendar","aspiration:RunicSpoon"],"acts_visited":["Gensokyo:Gensokyo","Gensokyo:Gensokyoer"],"potions_floor_usage":[14],"damage_taken":[{"damage":0,"enemies":"Gensokyo:2_Kodama","floor":1,"turns":1},{"damage":0,"enemies":"Gensokyo:Gryphon","floor":3,"turns":1},{"damage":0,"enemies":"Gensokyo:Aya","floor":7,"turns":1},{"damage":2,"enemies":"Gensokyo:Python","floor":11,"turns":4},{"damage":0,"enemies":"Gensokyo:2_Rabbits","floor":13,"turns":4},{"damage":2,"enemies":"Gensokyo:Cirno","floor":14,"turns":5},{"damage":24,"enemies":"Gensokyo:Kokoro","floor":16,"turns":8}],"seed_played":"-9141229025686674017","potions_obtained":[{"floor":1,"key":"LiquidMemories"},{"floor":3,"key":"PowerPotion"},{"floor":11,"key":"Weak Potion"},{"floor":16,"key":"FearPotion"}],"is_trial":false,"path_per_floor":["M","?","M","?","?","R","E","$","T","R","M","COS","M","E","R","B",null],"character_chosen":"THE_SILENT","items_purchased":["Noxious Fumes"],"campfire_rested":0,"item_purchase_floors":[8],"current_hp_per_floor":[70,70,70,70,42,42,42,42,42,42,40,40,40,38,38,14,70,70],"gold":168,"neow_bonus":"THREE_ENEMY_KILL","is_daily":false,"chose_seed":false,"campfire_upgraded":3,"win_rate":0.0,"timestamp":1613230337,"path_taken":["M","?","M","?","?","R","E","$","T","R","M","COS","M","E","R","BOSS"],"items_purchased_type":["Card"],"build_version":"2020-12-22","purchased_purges":0,"victory":false,"max_hp_per_floor":[70,70,70,70,70,70,70,70,70,70,70,70,70,70,70,70,70,70],"card_choices":[{"not_picked":["Eviscerate","PiercingWail"],"picked":"Blade Dance","floor":1},{"not_picked":["Acrobatics","Footwork","Dagger Spray"],"picked":"SKIP","floor":3},{"not_picked":["Finisher","Setup"],"picked":"Cloak And Dagger","floor":7},{"not_picked":["Heel Hook","Dagger Spray"],"picked":"Deadly Poison","floor":11},{"not_picked":["Deflect","Masterful Stab","Dodge and Roll"],"picked":"SKIP","floor":13},{"not_picked":["Dagger Throw","PiercingWail"],"picked":"Bane","floor":14}],"player_experience":179567,"relics_obtained":[{"floor":7,"key":"Paper Crane"},{"floor":14,"key":"StoneCalendar"}],"event_choices":[],"is_beta":false,"boss_relics":[{"not_picked":["aspiration:RunesmithSkillbook","Ring of the Serpent"],"picked":"aspiration:RunicSpoon"}],"items_purged_floors":[],"is_endless":false,"potions_floor_spawned":[1,3,11,16],"ascension_level":3}}