{"host":"gk5m6v7zec9neb0j","time":1613251858,"event":{"mods":["AchievementEnabler","AlwaysNeverKeys","BaseMod","BetterRewards","Block Reminder","Minty Spire (QoL Compilation)","Rare Cards Sparkle","Relic Stats","StSLib"],"gold_per_floor":[119,119,79,95,45,45,57,77,77,49,49,49,80,92,92,190,190,209,308,114,114,114,114,147,163,189,203,215,215,215,232,232,337,337,348,365,378,190,239,271,271,271,271,271,303,313,211,226,226,226,226,226,38,64,64],"floor_reached":56,"language":"ENG","playtime":2105,"items_purged":["Strike_R","Strike_R","Strike_R","Strike_R","Defend_R"],"score":1327,"play_id":"23bde942-7cbd-4381-b19c-4edd346c7fa0","local_time":"20210213163058","is_ascension_mode":false,"campfire_choices":[{"data":"Body Slam","floor":6.0,"key":"SMITH"},{"data":"Entrench","floor":12,"key":"SMITH"},{"floor":15,"key":"REST"},{"data":"Entrench","floor":23,"key":"SMITH"},{"data":"Berserk","floor":30,"key":"SMITH"},{"floor":32,"key":"REST"},{"data":"Madness","floor":44,"key":"SMITH"},{"data":"Madness","floor":49,"key":"SMITH"},{"data":"Seeing Red","floor":52,"key":"SMITH"}],"circlet_count":0,"master_deck":["Defend_R","Defend_R","Defend_R","Bash","Body Slam+1","Entrench+1","Entrench+1","Shrug It Off","Berserk+1","Shrug It Off","Shrug It Off","Seeing Red+1","Warcry+1","Body Slam+1","Battle Trance","Madness+1","Madness+1","Battle Trance","Shrug It Off","Battle Trance","Shrug It Off","Second Wind"],"relics":["Burning Blood","Orrery","Membership Card","Calipers","Torii","Kunai","Shuriken","Runic Dome","Letter Opener","Prayer Wheel","Happy Flower","MutagenicStrength","Sozu","Singing Bowl","Lizard Tail","Bottled Tornado","StoneCalendar","Darkstone Periapt","ClockworkSouvenir","Blood Vial"],"acts_visited":["Exordium","TheCity","TheBeyond","TheEnding"],"potions_floor_usage":[13,40,55],"damage_taken":[{"damage":9.0,"enemies":"Small Slimes","floor":1.0,"turns":5.0},{"damage":3.0,"enemies":"Jaw Worm","floor":4.0,"turns":6.0},{"damage":0.0,"enemies":"2 Louse","floor":7.0,"turns":3.0},{"damage":7.0,"enemies":"2 Fungi Beasts","floor":8.0,"turns":5.0},{"damage":10.0,"enemies":"Exordium Thugs","floor":10.0,"turns":5.0},{"damage":24,"enemies":"Gremlin Nob","floor":13,"turns":5},{"damage":0,"enemies":"3 Louse","floor":14,"turns":5},{"damage":58,"enemies":"The Guardian","floor":16,"turns":26},{"damage":1,"enemies":"Shell Parasite","floor":18,"turns":4},{"damage":29,"enemies":"Slavers","floor":24,"turns":10},{"damage":0,"enemies":"Chosen","floor":25,"turns":3},{"damage":0,"enemies":"Snecko","floor":27,"turns":6},{"damage":0,"enemies":"Shelled Parasite and Fungi","floor":28,"turns":4},{"damage":1,"enemies":"Snake Plant","floor":31,"turns":5},{"damage":0,"enemies":"Automaton","floor":33,"turns":4},{"damage":0,"enemies":"3 Darklings","floor":35,"turns":7},{"damage":1,"enemies":"Orb Walker","floor":36,"turns":3},{"damage":0,"enemies":"Transient","floor":37,"turns":5},{"damage":7,"enemies":"2 Orb Walkers","floor":39,"turns":4},{"damage":0,"enemies":"Nemesis","floor":40,"turns":5},{"damage":13,"enemies":"Reptomancer","floor":45,"turns":7},{"damage":7,"enemies":"Writhing Mass","floor":46,"turns":5},{"damage":1,"enemies":"3 Darklings","floor":48,"turns":7},{"damage":22,"enemies":"Donu and Deca","floor":50,"turns":6},{"damage":34,"enemies":"Shield and Spear","floor":54,"turns":6},{"damage":50,"enemies":"The Heart","floor":55,"turns":10}],"seed_played":"-3988958441907540317","potions_obtained":[{"floor":1.0,"key":"Energy Potion"},{"floor":4.0,"key":"HeartOfIron"},{"floor":10.0,"key":"SpeedPotion"},{"floor":24,"key":"GamblersBrew"},{"floor":31,"key":"ElixirPotion"},{"floor":33,"key":"FairyPotion"}],"is_trial":false,"path_per_floor":["M","?","$","M","?","R","M","M","T","M","?","R","E","M","R","B",null,"M","?","$","?","?","R","E","M","T","M","M","?","R","M","R","B",null,"M","M","M","$","?","E","?","?","T","R","E","M","$","M","R","B",null,"R","$","E","B",null],"character_chosen":"IRONCLAD","items_purchased":["Orrery","Membership Card","Calipers","FairyPotion","Entrench","Letter Opener","Shrug It Off","Singing Bowl","Shrug It Off","Shrug It Off","ClockworkSouvenir"],"campfire_rested":2,"item_purchase_floors":[0,0,0,0,3,20,20,38,47,53,53],"current_hp_per_floor":[41,34,34,37,37,37,43,42,42,38,38,38,20,26,50,29,80,80,80,80,80,65,65,42,48,48,54,60,60,60,65,85,85,85,85,85,85,85,84,87,87,76,76,76,71,72,72,79,79,63,93,93,93,65,23],"gold":64,"neow_bonus":"","is_daily":false,"chose_seed":false,"campfire_upgraded":7,"win_rate":0.0,"timestamp":1613251858,"path_taken":["M","?","$","M","?","R","?","M","T","M","?","R","E","M","R","BOSS","M","?","$","?","?","R","E","M","T","M","M","?","R","M","R","BOSS","M","M","M","$","?","E","?","?","T","R","E","M","$","M","R","BOSS","R","$","E","BOSS"],"items_purchased_type":["Relic","Relic","Relic","Potion","Card","Relic","Card","Relic","Card","Card","Relic"],"build_version":"2020-12-22","purchased_purges":5,"victory":true,"max_hp_per_floor":[80,80,80,80,80,80,80,80,80,80,80,80,80,80,80,80,80,80,80,80,80,85,85,85,85,85,85,85,85,85,85,85,85,85,85,85,85,85,85,87,87,87,87,87,89,91,91,93,93,93,93,93,93,93,93],"relic_stats":{"Darkstone Periapt":0,"Torii":61,"Happy Flower":[28],"Singing Bowl":8,"counters":[260,1489],"StoneCalendar":[81],"Letter Opener":[608],"Burning Blood":1693,"Sozu":3,"Blood Vial":2,"Lizard Tail":0,"Shuriken":[6],"Prayer Wheel":9,"Kunai":[8],"obtain_stats":[{"Calipers":24,"Gremlin Horn":13,"CeramicFish":6,"Vajra":0,"Whetstone":43,"Bottled Tornado":31,"Boot":43,"Blood Vial":20,"Sozu":34,"Lizard Tail":0,"Centennial Puzzle":4,"Sundial":11,"DollysMirror":0,"Strawberry":44,"MealTicket":9,"Prayer Wheel":0,"Kunai":10,"Toxic Egg 2":43,"Runic Cube":34,"Happy Flower":0,"Oddly Smooth Stone":0,"Velvet Choker":17,"Eternal Feather":26,"Pen Nib":9,"Charon\u0027s Ashes":28,"Letter Opener":20,"War Paint":6,"Question Card":26,"OrangePellets":12,"Runic Dome":17,"Shuriken":0,"Bronze Scales":9,"Bird Faced Urn":41,"MutagenicStrength":29,"Molten Egg 2":27,"CultistMask":27,"Black Star":17,"StrikeDummy":54,"Pocketwatch":17,"Meat on the Bone":13,"Darkstone Periapt":26,"Regal Pillow":41,"Singing Bowl":0,"Torii":2,"SacredBark":34,"Black Blood":17,"Magic Flower":0,"StoneCalendar":22,"Juzu Bracelet":25,"Bag of Preparation":54,"PrismaticShard":19,"Empty Cage":34,"Ancient Tea Set":43,"Burning Blood":0,"ClockworkSouvenir":0,"Dream Catcher":17,"Nunchaku":23,"Shovel":0,"Matryoshka":23,"Mummified Hand":0,"Pantograph":9,"Toolbox":47,"Tiny Chest":24,"Red Mask":47,"Chemical X":4,"InkBottle":7,"Paper Frog":0,"Runic Pyramid":34,"Potion Belt":14,"Golden Idol":7,"Self Forming Clay":0,"PreservedInsect":28,"Frozen Egg 2":0,"Odd Mushroom":8,"Orichalcum":6,"MawBank":13,"Medical Kit":0,"White Beast Statue":22,"Mercury Hourglass":26,"Calling Bell":17,"Peace Pipe":7,"Anchor":31,"Busted Crown":17,"Ornamental Fan":17,"Orrery":0,"Turnip":14,"Bag of Marbles":12,"Champion Belt":0,"Bottled Lightning":26,"Membership Card":0,"Toy Ornithopter":30,"FossilizedHelix":0,"TungstenRod":23},{"Calipers":64,"Gremlin Horn":84,"CeramicFish":155,"Vajra":0,"Whetstone":20,"Bottled Tornado":15,"Boot":228,"Blood Vial":145,"Sozu":249,"Lizard Tail":135,"Centennial Puzzle":137,"Sundial":45,"DollysMirror":77,"Strawberry":74,"MealTicket":3,"Prayer Wheel":39,"Kunai":45,"Toxic Egg 2":74,"Runic Cube":121,"Happy Flower":77,"Oddly Smooth Stone":0,"Velvet Choker":143,"Eternal Feather":179,"Pen Nib":139,"Charon\u0027s Ashes":220,"Letter Opener":243,"War Paint":57,"Question Card":116,"OrangePellets":111,"Runic Dome":242,"Shuriken":128,"Bronze Scales":156,"Bird Faced Urn":202,"MutagenicStrength":247,"Molten Egg 2":179,"CultistMask":65,"Black Star":47,"StrikeDummy":206,"Pocketwatch":31,"Meat on the Bone":171,"Darkstone Periapt":65,"Regal Pillow":73,"Singing Bowl":0,"Torii":235,"SacredBark":93,"Black Blood":7,"Magic Flower":77,"StoneCalendar":50,"Juzu Bracelet":35,"Bag of Preparation":104,"PrismaticShard":32,"Empty Cage":69,"Ancient Tea Set":125,"Burning Blood":0,"ClockworkSouvenir":0,"Dream Catcher":31,"Nunchaku":90,"Shovel":0,"Matryoshka":178,"Mummified Hand":105,"Pantograph":28,"Toolbox":126,"Tiny Chest":90,"Red Mask":101,"Chemical X":153,"InkBottle":184,"Paper Frog":0,"Runic Pyramid":198,"Potion Belt":142,"Golden Idol":134,"Self Forming Clay":207,"PreservedInsect":195,"Frozen Egg 2":0,"Odd Mushroom":45,"Orichalcum":82,"MawBank":111,"Medical Kit":165,"White Beast Statue":63,"Mercury Hourglass":13,"Calling Bell":31,"Peace Pipe":110,"Anchor":197,"Busted Crown":86,"Ornamental Fan":31,"Orrery":129,"Turnip":60,"Bag of Marbles":5,"Champion Belt":0,"Bottled Lightning":35,"Membership Card":128,"Toy Ornithopter":92,"FossilizedHelix":105,"TungstenRod":148},{"Calipers":355,"Gremlin Horn":481,"CeramicFish":837,"Vajra":0,"Whetstone":116,"Bottled Tornado":78,"Boot":1285,"Blood Vial":788,"Sozu":1424,"Lizard Tail":745,"Centennial Puzzle":752,"Sundial":234,"DollysMirror":452,"Strawberry":424,"MealTicket":13,"Prayer Wheel":208,"Kunai":234,"Toxic Egg 2":424,"Runic Cube":681,"Happy Flower":452,"Oddly Smooth Stone":0,"Velvet Choker":779,"Eternal Feather":969,"Pen Nib":759,"Charon\u0027s Ashes":1235,"Letter Opener":1392,"War Paint":318,"Question Card":651,"OrangePellets":617,"Runic Dome":1388,"Shuriken":720,"Bronze Scales":842,"Bird Faced Urn":1138,"MutagenicStrength":1415,"Molten Egg 2":969,"CultistMask":361,"Black Star":256,"StrikeDummy":1167,"Pocketwatch":170,"Meat on the Bone":923,"Darkstone Periapt":361,"Regal Pillow":419,"Singing Bowl":0,"Torii":1333,"SacredBark":524,"Black Blood":34,"Magic Flower":452,"StoneCalendar":278,"Juzu Bracelet":186,"Bag of Preparation":588,"PrismaticShard":173,"Empty Cage":387,"Ancient Tea Set":703,"Burning Blood":0,"ClockworkSouvenir":0,"Dream Catcher":170,"Nunchaku":508,"Shovel":0,"Matryoshka":962,"Mummified Hand":593,"Pantograph":155,"Toolbox":710,"Tiny Chest":508,"Red Mask":569,"Chemical X":823,"InkBottle":999,"Paper Frog":0,"Runic Pyramid":1104,"Potion Belt":771,"Golden Idol":744,"Self Forming Clay":1181,"PreservedInsect":1075,"Frozen Egg 2":0,"Odd Mushroom":234,"Orichalcum":472,"MawBank":617,"Medical Kit":895,"White Beast Statue":347,"Mercury Hourglass":64,"Calling Bell":170,"Peace Pipe":614,"Anchor":1090,"Busted Crown":491,"Ornamental Fan":170,"Orrery":721,"Turnip":328,"Bag of Marbles":23,"Champion Belt":0,"Bottled Lightning":186,"Membership Card":720,"Toy Ornithopter":516,"FossilizedHelix":593,"TungstenRod":799}]},"card_choices":[{"not_picked":["Cleave","Anger"],"picked":"Body Slam","floor":0.0},{"not_picked":["Shrug It Off","Body Slam"],"picked":"Entrench","floor":0.0},{"not_picked":["Combust","Dual Wield","Clash"],"picked":"SKIP","floor":1.0},{"not_picked":["Burning Pact","Wild Strike","Cleave"],"picked":"SKIP","floor":4.0},{"not_picked":["Clash","Headbutt","Whirlwind"],"picked":"SKIP","floor":7.0},{"not_picked":["True Grit","Fire Breathing","Anger"],"picked":"SKIP","floor":8.0},{"not_picked":["Sword Boomerang","Wild Strike","Carnage"],"picked":"SKIP","floor":10.0},{"not_picked":["Anger","Pummel"],"picked":"Shrug It Off","floor":13},{"not_picked":["Flame Barrier","Fiend Fire","Shrug It Off"],"picked":"SKIP","floor":14},{"not_picked":["Offering","Immolate"],"picked":"Berserk","floor":16},{"not_picked":["Dropkick+1","Headbutt","Sword Boomerang"],"picked":"SKIP","floor":18},{"not_picked":["Searing Blow+1","Flex","Perfected Strike"],"picked":"SKIP","floor":24},{"not_picked":["Iron Wave","Blood for Blood"],"picked":"Shrug It Off","floor":25},{"not_picked":["Searing Blow","Reaper","Rage"],"picked":"SKIP","floor":25},{"not_picked":["Thunderclap","Combust","Wild Strike+1"],"picked":"SKIP","floor":27},{"not_picked":["Clothesline","Heavy Blade","Reaper"],"picked":"SKIP","floor":27},{"not_picked":["Pommel Strike+1","Body Slam"],"picked":"Seeing Red","floor":28},{"not_picked":["Thunderclap","Iron Wave+1","Body Slam+1"],"picked":"SKIP","floor":28},{"not_picked":["Flex","Iron Wave+1"],"picked":"Warcry+1","floor":31},{"not_picked":["Sword Boomerang","Fiend Fire","Perfected Strike"],"picked":"SKIP","floor":31},{"not_picked":["Rupture","Rage+1"],"picked":"Body Slam+1","floor":35},{"not_picked":["True Grit","Infernal Blade","Clash"],"picked":"SKIP","floor":35},{"not_picked":["Sentinel+1","Headbutt+1","Metallicize"],"picked":"SKIP","floor":36},{"not_picked":["Heavy Blade+1","Evolve+1","Clash+1"],"picked":"SKIP","floor":36},{"not_picked":["Disarm+1","Clash","Clothesline+1"],"picked":"SKIP","floor":37},{"not_picked":["Flame Barrier+1","Evolve+1","Perfected Strike"],"picked":"SKIP","floor":37},{"not_picked":["Armaments","Warcry+1"],"picked":"Battle Trance","floor":39},{"not_picked":["Armaments","Clash+1","Feed"],"picked":"Singing Bowl","floor":40},{"not_picked":["Anger+1","Reaper","Disarm"],"picked":"Singing Bowl","floor":45},{"not_picked":["Second Wind+1","Carnage"],"picked":"Battle Trance","floor":46},{"not_picked":["Twin Strike+1","Clothesline","Perfected Strike+1"],"picked":"Singing Bowl","floor":46},{"not_picked":["Perfected Strike+1","Uppercut+1","Pommel Strike"],"picked":"Singing Bowl","floor":48},{"not_picked":["Shockwave+1","Spot Weakness+1"],"picked":"Battle Trance","floor":48},{"not_picked":["Carnage","Corruption"],"picked":"Second Wind","floor":54}],"player_experience":832630,"relics_obtained":[{"floor":9.0,"key":"Kunai"},{"floor":13,"key":"Shuriken"},{"floor":24,"key":"Prayer Wheel"},{"floor":26,"key":"Happy Flower"},{"floor":39,"key":"Lizard Tail"},{"floor":40,"key":"Bottled Tornado"},{"floor":43,"key":"StoneCalendar"},{"floor":45,"key":"Darkstone Periapt"},{"floor":54,"key":"Blood Vial"}],"event_choices":[{"damage_healed":0.0,"max_hp_gain":0.0,"max_hp_loss":0.0,"gold_gain":0.0,"event_name":"Scrap Ooze","player_choice":"Success","floor":2.0,"gold_loss":0.0,"damage_taken":7.0,"relics_obtained":["Torii"]},{"cards_removed":["Strike_R"],"damage_healed":0.0,"max_hp_gain":0.0,"max_hp_loss":0.0,"gold_gain":0.0,"event_name":"The Cleric","player_choice":"Card Removal","floor":5.0,"gold_loss":50.0,"damage_taken":0.0},{"damage_healed":0,"gold_gain":0,"player_choice":"Searched \u00270\u0027 times","damage_taken":0,"max_hp_gain":0,"max_hp_loss":0,"event_name":"Dead Adventurer","floor":11,"gold_loss":0},{"damage_healed":0,"gold_gain":99,"player_choice":"Stole From Cult","damage_taken":0,"max_hp_gain":0,"max_hp_loss":0,"event_name":"Nest","floor":19,"gold_loss":0},{"damage_healed":0,"gold_gain":0,"player_choice":"Ignored","damage_taken":0,"max_hp_gain":0,"max_hp_loss":0,"event_name":"Ghosts","floor":21,"gold_loss":0},{"damage_healed":0,"gold_gain":0,"player_choice":"Shed Blood","damage_taken":20,"max_hp_gain":5,"max_hp_loss":0,"event_name":"Forgotten Altar","floor":22,"gold_loss":0},{"damage_healed":0,"gold_gain":0,"player_choice":"Inject Mutagens","damage_taken":0,"relics_obtained":["MutagenicStrength"],"max_hp_gain":0,"max_hp_loss":0,"event_name":"Drug Dealer","floor":29,"gold_loss":0},{"damage_healed":0,"gold_gain":0,"player_choice":"Fight","damage_taken":0,"max_hp_gain":0,"max_hp_loss":0,"event_name":"Mysterious Sphere","floor":39,"gold_loss":0},{"damage_healed":0,"gold_gain":0,"player_choice":"Ignored","damage_taken":0,"max_hp_gain":0,"max_hp_loss":0,"event_name":"Tomb of Lord Red Mask","floor":41,"gold_loss":0},{"damage_healed":0,"gold_gain":0,"player_choice":"Embrace Madness","damage_taken":11,"max_hp_gain":0,"max_hp_loss":0,"event_name":"Winding Halls","floor":42,"gold_loss":0,"cards_obtained":["Madness","Madness"]}],"is_beta":false,"boss_relics":[{"not_picked":["SlaversCollar","Busted Crown"],"picked":"Runic Dome"},{"not_picked":["Snecko Eye","Fusion Hammer"],"picked":"Sozu"}],"items_purged_floors":[0,20,38,47,53],"is_endless":false,"potions_floor_spawned":[1,4,10,18,24,31,33,39,40,45,48],"ascension_level":0}}